1878 3164
0 742 13 898 ξ

443 235 483 267 Ρ.
515 233 707 265 PAPINu
740 232 908 265 STATH
942 232 1089 264 THEB.
1123 234 1220 264 LlB·
1243 233 1351 265 vln-

162 329 256 372 quod
271 332 468 372 cogeretur.
491 329 591 362 Idem.

205 383 272 413 28⁶
292 380 385 413 Sient
397 379 632 421 Achaemenius]
656 380 866 412 Achaemene

161 429 368 465 Parthorum
387 441 447 468 seu
464 431 645 464 Medorum
661 432 783 464 civitas
798 436 864 464 est.

159 480 409 523 adoneum}
430 482 588 514 Patrium
599 483 606 489 '
620 486 690 514 est:
727 482 764 513 'id
797 486 864 522 est,

161 531 336 572 caulem,
349 537 471 564 vocata
485 532 534 564 ita
551 542 571 564 a
583 532 729 575 quodam
742 532 864 564 crude-

158 581 290 614 lissimo
305 591 400 623 rege,
415 584 458 614 de
479 593 547 625 quo
570 583 604 616 in
625 584 764 616 Sedulio
779 583 864 624 legi·
888 622 890 624 Ι

159 635 235 664 tur:
252 632 386 673 ‘Cujus
398 631 650 678 Apbaemeniam
665 634 864 676 rabiemque

157 682 370 715 accenderat
398 683 462 722 ira,
493 683 578 715 Plus
608 683 749 715 fornace
778 682 862 716 sua.’

159 733 242 767 Non
268 733 358 766 enim
382 734 616 776 poteratejns
643 735 695 766 ira
721 735 863 776 placari,

158 785 222 818 nisi
235 785 384 817 hnmano
399 785 574 824 sanguiue.
599 785 698 817 Idem.

179 838 267 868 ,288
292 835 422 868 Grandia
449 835 562 876 librat]
603 835 754 867 Laetitiae
781 845 863 876 gau-

157 886 252 919 dium
277 892 372 919 metu
397 886 578 928 pensabat,
602 891 717 918 utrum
743 890 862 927 posset

156 938 302 980 implere
316 938 407 981 quod
423 942 630 978 sumpserat.
654 937 754 970 Idem.

198 991 267 1021 28⁹
287 989 341 1021 Διι
351 987 421 1031 fidi
440 987 598 1029 proceres]
629 987 670 1019 Id
701 991 768 1024 est,
787 987 860 1019 sine.

155 1038 395 1072 recordatione
414 1044 568 1080 paternae
593 1038 714 1079 gratiae
733 1036 818 1070 fides
840 1047 861 1070 a

155 1089 259 1135 sociis
273 1089 376 1123 etiam
390 1087 463 1121 filio
478 1094 687 1121 servaretur.
706 1089 808 1121 Idem.

160 1161 162 1163 >
199 1141 266 1172 290
300 1139 363 1172 Cui
401 1138 533 1180 Caspia]
572 1139 708 1180 Caspiae
746 1144 858 1180 portae

156 1194 237 1222 suut
261 1190 296 1222 in
320 1189 559 1222 Armeniorum
586 1188 710 1221 finibus
732 1190 860 1222 cousti-

156 1239 358 1280 tatas,unde
374 1239 550 1272 Lucanus:
567 1240 579 1256 ⁴
593 1238 784 1283 Caspiaque
799 1239 859 1271 im-

156 1299 275 1324 menso
300 1290 485 1324 secludunt
513 1291 664 1324 claustra
692 1290 858 1324 recessu!

198 1394 264 1425 2⁹2
302 1392 434 1426 Vereem·
461 1393 575 1426 Patris
601 1392 725 1435 equum]
763 1393 858 1426 Cedo

155 1441 231 1485 quis
245 1442 423 1476 Palaemon
441 1443 517 1477 brec
538 1445 678 1486 capiet?
702 1449 761 1476 aut
782 1445 858 1487 quis

155 1493 302 1535 OEdipus
332 1494 532 1536 explicabit,
561 1495 642 1538 quid
679 1495 745 1527 sibi
774 1495 860 1528 velit

153 1553 275 1577 amere
284 1549 376 1577 mae
384 1545 515 1588 patris?
528 1546 610 1578 Non
620 1547 739 1588 longos
752 1547 861 1589 logos.

155 1595 527 1630 Fatebunturmecum
551 1607 670 1630 omues
693 1597 752 1639 qui
778 1602 860 1630 sunt

154 1656 224 1679 sum
246 1646 389 1689 mentis,
411 1649 593 1690 legendum
617 1653 655 1680 ut
679 1658 723 1680 ex
741 1658 858 1680 maun·

154 1697 292 1739 seriptis
318 1700 478 1741 reposui:
501 1699 630 1732 Sumere
653 1703 727 1732 tunc
753 1710 857 1733 arcus.

154 1748 325 1792 Respexit
350 1750 394 1782 ad
411 1750 526 1783 ritum.
541 1750 739 1792 Persarum,
762 1751 856 1793 apud

149 1809 237 1843 qum
250 1811 344 1834 urm
356 1801 488 1843 insigne
503 1802 663 1844 Regium.
684 1829 686 1832 ,
709 1803 778 1835 Dio
798 1803 857 1835 lib.

152 1859 257 1885 xux.
282 1852 328 1885 de
357 1853 507 1885 Phraate
536 1853 719 1886 Persarum
748 1854 857 1895 Rege,

153 1902 197 1935 ad
220 1913 321 1946 quem
343 1904 514 1936 Antonius
537 1901 672 1946 legatos
694 1904 854 1938 miserat:

153 1953 165 1972 ‘
181 1958 285 1987 aurea
312 1955 397 1987 sella
427 1954 572 1987 sedens’
594 1953 645 1986 καὶ
666 1954 726 1993 τὴν
747 1954 858 1996 νευρὰν

151 2006 211 2038 τοῦ
227 2004 320 2047 τόξου
342 2005 489 2048 ψάλλων,
512 2006 548 2038 id
571 2012 636 2047 est,
663 2018 701 2039 ac
726 2017 857 2040 nervum

151 2058 402 2099 mapulam.
454 2057 620 2100 Numquid
655 2058 766 2090 audax
797 2068 856 2090 ne-

153 2106 248 2148 bulo,
274 2109 332 2150 qui
358 2109 495 2151 ignarus
521 2109 622 2150 liujus
650 2110 698 2142 rei
725 2119 856 2152 germa-

152 2167 231 2191 nam
246 2158 432 2192 lectionem
446 2160 676 2202 depravarat?
700 2162 856 2194 Bernart.

194 2212 259 2243 29³
296 2210 432 2252 Implere
458 2211 590 2253 rimam]
629 2211 670 2243 ld
695 2217 762 2251 est,
792 2221 857 2244 nec

152 2261 277 2302 capitis
307 2262 430 2293 robore
459 2261 662 2293 diadematis
694 2261 856 2303 impleret

151 2321 367 2345 mensuram:
389 2313 464 2354 ipso
479 2312 568 2344 enim
592 2313 686 2344 velut
702 2313 855 2355 particu-

150 2363 194 2395 la*
211 2362 341 2395 ambitu
354 2363 485 2405 antiqui
502 2372 564 2404 pro
576 2362 769 2395 diademate
781 2368 857 2396 ute-

150 2412 412 2447 bantur-:tiara
437 2414 527 2446 enim
558 2413 688 2446 dicitur
716 2415 858 2455 pileum,

151 2462 242 2506 quod
268 2463 303 2496 in
327 2464 443 2505 capite
466 2464 554 2505 gerit
581 2464 742 2496 sacerdos
760 2465 855 2497 Mar-

150 2515 207 2548 tis.
249 2515 351 2548 Unde
377 2515 476 2557 Virg.
504 2515 696 2558 ‘sacerque
727 2515 855 2547 tiaras!

145 2564 300 2599 'Laetum

193 2619 258 2649 294
280 2616 406 2649 Intorto
428 2616 572 2658 sig-navit
591 2616 704 2648 vellere
724 2616 856 2659 crinem]

150 2666 275 2702 Infulis
295 2668 396 2701 tortis
416 2673 523 2710 caput
545 2667 735 2700 sacerdotis
758 2677 855 2700 coro-

150 2723 270 2751 natum
285 2717 390 2751 fuisse
405 2718 572 2751 ostendit.
594 2719 694 2751 Idem.

192 2770 258 2801 29⁷
282 2768 391 2801 Futile
420 2768 554 2810 mstis]
577 2769 684 2801 Futile
711 2778 772 2800 vas
802 2773 857 2802 est

152 2819 324 2863 quoddam
356 2820 429 2852 lato
458 2829 530 2861 ore,
559 2818 668 2852 fundo
697 2825 856 2863 angusto,

1507 225 1620 269 1941

916 339 984 371 quo
998 328 1187 362 utebantur
1207 329 1241 361 iu
1260 328 1367 361 sacris
1382 330 1471 362 Deae
1488 331 1619 371 Vestae,

916 379 995 421 quia
1021 388 1112 421 aqua
1134 379 1177 411 ad
1198 389 1295 411 sacra
1318 380 1436 412 Vestae
1463 380 1498 411 in
1524 385 1620 413 terra

916 439 983 461 non
1009 429 1160 471 ponitur,
1184 429 1332 471 quodsi
1356 429 1417 462 fiat
1442 431 1619 471 piaculum

915 485 984 519 est,
1008 479 1087 511 ideo
1112 480 1344 520 excogitatum
1369 485 1423 512 est
1447 490 1505 512 vas
1526 481 1619 522 quod

915 535 1008 562 stare
1023 539 1091 562 non
1108 534 1238 571 posset,
1258 530 1318 562 sed
1335 530 1363 562 si
1378 530 1527 571 positum
1548 536 1619 564 sta-

914 580 975 612 tim
991 578 1216 611 funderetur:
1242 579 1333 612 unde
1357 585 1394 612 et
1412 580 1511 613 homo
1527 590 1618 613 com-

914 631 1015 662 missa
1031 641 1096 662 nou
1115 631 1279 670 retinens,
1301 631 1311 649 ‘
1328 629 1454 663 futilis'
1478 631 1619 674 dicitnr,

913 685 1035 712 contra
1057 681 1067 699 ‘
1083 690 1149 712 nou
1174 679 1303 712 futilis·
1322 680 1430 713 bouus
1452 682 1618 715 consiliis.

913 732 1014 764 Idem.

955 786 1019 815 307
1055 782 1252 824 Muta-vtique
1277 783 1376 824 viros]
1414 782 1471 816 An
1503 788 1542 816 ut
1573 794 1616 816 ex

912 833 997 867 feris
1027 835 1183 867 mitiores
1211 834 1348 875 fierent,
1383 835 1509 868 mitiori
1538 836 1616 868 cibo

912 887 1024 927 pasti?
1063 886 1274 918 Membranae
1289 888 1438 919 omnium
1454 887 1614 929 optimae:

859 962 862 966 ,
910 937 1053 978 impastis
1078 947 1147 978 quoe
1172 938 1277 978 prima
1309 939 1460 971 alimenta
1486 939 1618 980 dedisti,

911 987 1112 1028 Mutastique
1125 987 1218 1020 vices.
1264 988 1365 1022 Quod
1379 989 1547 1021 sincerum
1558 989 1617 1030 ju-

912 1037 1000 1069 dico.
1050 1038 1143 1071 Vices
1167 1042 1248 1071 sunt
1265 1040 1517 1082 alimentorum,
1537 1050 1614 1072 cum

911 1088 1090 1130 glandibus
1120 1093 1157 1121 et
1183 1090 1319 1122 caeteris
1347 1091 1441 1122 nullo
1468 1095 1615 1132 cogente

910 1139 1036 1172 creatis
1063 1139 1216 1172 mitiores
1255 1141 1350 1173 cibos
1386 1151 1490 1173 mauu
1521 1143 1616 1174 culta

910 1188 1100 1229 substituit,
1115 1194 1152 1221 et
1167 1189 1354 1222 succedere
1373 1190 1490 1232 jussit.
1534 1191 1614 1223 Vir-

909 1240 1029 1281 gilius:
1046 1240 1056 1257 ‘
1069 1245 1186 1273 vestro
1197 1241 1226 1272 si
1238 1251 1378 1274 munere
1392 1243 1495 1275 tellus
1507 1242 1616 1275 Chao-

909 1291 998 1323 niam
1016 1291 1133 1331 pingui
1149 1292 1306 1333 glandem
1322 1293 1470 1325 mutavit
1486 1293 1615 1326 arista?

909 1341 1057 1374 Ovidius
1068 1342 1162 1374 Fast.
1179 1351 1231 1374 lv.
1246 1343 1256 1359 ‘
1270 1342 1404 1374 homine
1416 1342 1459 1374 ad
1472 1344 1616 1376 meliora

908 1393 1070 1425 alimenta
1085 1397 1208 1425 vocato
1222 1393 1375 1426 Mutavit
1390 1394 1531 1435 glandes
1547 1395 1615 1427 uti-

909 1443 994 1476 liore
1010 1443 1113 1476 cibo!
1137 1444 1276 1476 Gronov.

952 1496 1017 1526 310
1039 1494 1191 1526 Machina
1215 1494 1285 1526 coeli
1310 1494 1394 1526 Ae're
1414 1494 1614 1536 pendentem]

910 1543 966 1576 Ad
996 1548 1151 1576 veterum
1180 1544 1376 1586 opinionem
1402 1545 1459 1587 qui
1484 1549 1612 1577 terram

909 1594 954 1626 ab
969 1594 1049 1627 ae're
1065 1595 1142 1627 vehi
1162 1594 1364 1627 credebaut.
1407 1596 1589 1628 Luctatins
1603 1605 1614 1628 ε

906 1647 916 1664 ‘
935 1646 1103 1678 Mundum
1126 1647 1308 1687 opinantur
1333 1650 1522 1680 aeternum:
1543 1652 1615 1680 ter-

909 1706 981 1728 ram
998 1697 1095 1728 aiunt
1110 1697 1263 1738 pendere
1286 1696 1365 1729 a'e‘re
1380 1698 1588 1735 succinctam
1596 1709 1614 1731 .:

908 1747 1000 1779 unde
1017 1748 1188 1787 Lucanus,
1211 1749 1220 1765 ⁸
1238 1747 1331 1779 Dum
1362 1751 1456 1779 terra
1484 1746 1613 1780 fretum

910 1805 1107 1842 terramque
1119 1798 1251 1831 levabit
1266 1798 1363 1832 Aelr!
1406 1800 1570 1832 Manilius
1586 1809 1614 1834 r.

907 1850 917 1868 ‘
934 1851 998 1883 Est
1019 1850 1124 1892 igitur
1143 1850 1245 1882 tellus
1259 1849 1406 1882 mediam
1423 1850 1543 1883 sortita
1555 1861 1613 1884 ca·

908 1910 1061 1940 vernam,
1077 1899 1177 1932 Aeris
1189 1906 1223 1931 et
1238 1903 1312 1932 toto
1329 1899 1461 1941 pariter
1475 1909 1615 1942 suspen-

908 1961 947 1983 sa
972 1949 1168 1993 profundo!
1219 1950 1419 1983 Macrobius
1445 1951 1562 1984 Satur.
1586 1960 1614 1985 ι.

907 2011 982 2042 cap.
997 2003 1051 2033 21.
1072 2002 1083 2020 ‘
1101 2001 1188 2035 Quae
1204 2006 1327 2033 natura
1342 2002 1419 2034 caeli
1434 2006 1501 2042 est,
1513 2002 1614 2044 cujus

907 2052 1037 2084 ambitu
1054 2051 1113 2084 aer
1128 2051 1324 2084 continetur
1344 2052 1404 2094 qui
1429 2052 1523 2085 vehit
1544 2058 1614 2085 ter-

906 2102 1005 2135 ram!
1026 2103 1181 2135 Bemurt.

952 2157 1015 2187 311
1042 2155 1164 2186 Cum-us
1177 2154 1320 2196 uterque]
1339 2154 1426 2187 Solis
1446 2159 1481 2188 et
1502 2156 1614 2197 lunae3

906 2214 1007 2247 quem
1046 2205 1232 2246 antipoden
1277 2210 1415 2245 vocant,
1445 2211 1483 2238 ut
1515 2207 1611 2248 Virg-

906 2258 916 2275 ‘
933 2257 1116 2299 Solemque
1131 2267 1241 2298 suum,
1254 2267 1314 2290 sua
1326 2257 1448 2300 sydera
1463 2259 1613 2294 norunt.²

905 2310 1054 2342 Laetam.

949 2363 1014 2393 312
1037 2359 1237 2400 Indivisaque
1251 2357 1392 2402 magnis]
1416 2361 1506 2395 Quia
1521 2371 1611 2394 com·

906 2411 1017 2443 munis
1049 2416 1102 2443 est
1125 2409 1219 2450 Jovi,
1246 2410 1427 2451 Neptuno,
1461 2416 1498 2444 et
1526 2412 1611 2445 Plu-

906 2461 998 2494 toni:
1023 2460 1150 2494 etenim
1175 2470 1251 2493 cum
1273 2461 1408 2498 celum,
1430 2471 1538 2500 mare,
1560 2463 1609 2494 in-

905 2512 997 2545 feros
1023 2513 1115 2544 inter
1141 2521 1178 2543 se
1204 2511 1308 2544 sortis
1331 2517 1458 2544 eventu
1480 2513 1612 2546 divide-

905 2569 996 2605 rent,
1018 2564 1091 2596 sola
1115 2566 1210 2594 terra
1230 2561 1379 2594 indivisa
1407 2565 1610 2604 permansit.

906 2614 1007 2647 Idem.

947 2666 1012 2696 314
1035 2662 1210 2704 Subterque
1229 2672 1266 2694 ac
1280 2663 1426 2705 desuper]
1448 2664 1535 2697 Quae
1550 2674 1611 2698 no.

904 2715 958 2748 bis
989 2714 1210 2756 antipodibus
1237 2713 1427 2756 inferisque
1454 2723 1521 2747 uua
1555 2724 1610 2747 ea-

906 2766 1052 2808 demque
1069 2763 1207 2798 sufficit.
1229 2765 1330 2797 Idem.

949 2818 1013 2849 320
1037 2815 1172 2849 Homini
1185 2816 1291 2848 natale
1304 2814 1418 2856 solum]
1445 2815 1617 2849 Omnibus
