1878 3164
278 250 391 292 2052
733 259 940 290 ΝοτιτιΑ
982 258 1263 290 m‘rnRARu

276 358 438 406 nomini,
456 358 643 397 saevitiam
670 357 882 397 Domitiani
901 358 940 396 in
962 357 1206 397 Christianos
1237 369 1307 409 pro
1337 358 1436 396 virili
1468 363 1718 410 temperasse.

279 421 542 473 Extemporali
562 421 677 460 Statii
695 434 832 460 versus
859 421 1059 474 pangendi
1079 421 1256 460 facultati
1276 421 1464 461 invidisse
1486 421 1721 469 Martialem,

278 490 394 536 atque
411 484 499 523 ideo
519 485 592 522 sub
614 484 757 523 Sabelli
778 485 935 523 nomine
956 497 1021 523 ιχ.
1047 486 1113 523 40.
1133 484 1419 535 perstrinxisse,
1439 483 1511 523 sibi
1529 483 1725 536 persuasit

279 547 485 586 Gevartius
504 560 591 598 cap.
614 549 677 586 35.
697 546 999 599 Papinianarum
1016 547 1239 587 lectionum.
1295 548 1430 600 Inopia
1448 548 1532 600 ejus
1552 548 1726 599 tangitur

279 623 303 649 a
317 606 503 650 Juvenali‘
521 622 605 649 v11.
627 611 691 648 87.
739 615 751 633 ‘
770 609 915 658 Esurit,
934 610 1120 651 intactam
1138 608 1272 648 Paridi
1287 609 1366 650 nisi
1380 610 1522 650 vendat
1530 609 1727 662 Agaven?

282 674 371 726 Ipse
405 673 591 724 Epicedio
628 674 668 711 in
704 680 854 725 patrem
893 673 1079 725 queritur,
1116 673 1224 725 quod
1261 672 1366 712 ‘vilis
1401 673 1527 713 honos
1559 672 1727 713 studiis!

279 736 538 775 Adulatorum
565 736 792 783 maximum,
811 744 859 776 ut
884 737 1087 789 poetarum
1116 749 1186 775 suo
1217 749 1315 784 aevo,
1344 737 1539 789 longeque
1569 745 1662 789 post
1687 743 1729 778 et

281 805 372 837 ante
400 799 616 851 principem
635 806 751 839 vocat
770 800 955 840 Barthius
985 801 1025 839 in
1057 800 1160 839 notis
1180 801 1290 840 Tom.
1313 814 1344 839 1.
1363 813 1456 853 pag.
1476 802 1569 840 287.
1597 799 1726 840 Julius

282 862 418 901 Caesar
436 863 611 914 Scaliger
643 869 654 886 ⁴
668 877 811 915 equum
831 864 1006 904 alatum!
1057 864 1212 903 Thoma
1236 864 1286 903 de
1317 863 1468 902 Pinedo
1481 862 1616 915 judice
1632 876 1727 916 pag.

281 926 374 965 488.
391 926 441 964 ad
458 927 698 978 Stephanum
714 926 807 979 Byz.
823 927 971 966 Statius
983 926 1171 979 Papinius
1183 931 1197 949 ‘
1211 926 1387 966 eruditus
1399 927 1516 978 po'eta
1529 927 1570 966 in
1584 928 1728 981 Sylvis,

282 989 459 1028 sublimis
479 990 518 1027 in
539 989 752 1037 Thebaide,
772 990 942 1029 blandus
970 991 1010 1029 iu
1042 990 1289 1030 Achilleide.'
1344 991 1596 1030 Franciscum
1625 990 1730 1031 Mal-

281 1052 454 1099 herbam,
483 1053 707 1104 Lyricorum
741 1054 985 1093 Gallicorum
1010 1053 1238 1106 principem,
1270 1053 1322 1092 ad
1355 1054 1469 1093 Statii
1503 1053 1729 1106 clangorem

283 1121 322 1153 et
352 1116 590 1167 crepitacula
609 1116 828 1165 insaniisse,
859 1112 1003 1169 illaque
1030 1117 1251 1170 praetulisse
1269 1117 1446 1169 Virgilio,
1465 1116 1626 1169 indigne
1655 1117 1731 1156 fert

283 1178 452 1217 Huetius
471 1192 510 1230 p.
531 1181 596 1219 24.
617 1192 701 1232 seq.
723 1180 773 1219 de
791 1181 870 1219 vita
885 1191 971 1221 sua.
1013 1181 1183 1234 Tempus
1203 1180 1332 1220 obitus
1352 1193 1376 1219 a
1395 1179 1555 1219 Barthio
1573 1192 1730 1237 quoque

281 1241 392 1279 Tom.
416 1254 443 1279 1.
465 1240 647 1282 editionis
667 1244 717 1282 ab
737 1257 783 1283 eo
809 1251 954 1283 curatae
973 1259 1012 1297 p.
1031 1245 1122 1284 366.
1144 1250 1183 1283 et
1213 1243 1418 1283 Dodwello
1446 1243 1498 1282 ad
1525 1256 1561 1284 a.
1583 1244 1631 1283 C.
1661 1244 1728 1283 96.

283 1304 365 1342 sive
388 1305 602 1344 Domitiani
632 1315 869 1358 postremum
888 1308 1065 1348 refertur.
1122 1307 1203 1347 Sed
1221 1308 1377 1347 omnino
1395 1307 1446 1345 de
1465 1307 1577 1346 Statii
1595 1307 1675 1346 vita
1691 1313 1733 1346 et

282 1368 398 1405 rebus
419 1368 496 1407 vid.
518 1369 746 1409 Dodwellus
763 1371 801 1409 in
817 1372 1035 1410 Annalibus
1057 1372 1243 1410 Statianis
1258 1371 1387 1409 Oxon.
1406 1371 1523 1409 1698.
1545 1371 1583 1409 8.
1601 1369 1730 1409 editis.

284 1430 391 1470 Add.
412 1431 615 1471 Barthium
636 1433 663 1472 l.
679 1447 716 1472 c.
736 1441 775 1473 et
794 1435 977 1474 Crenium
997 1434 1268 1474 Animadvers.
1286 1434 1331 1472 P.
1355 1447 1421 1473 xx.

925 1563 1100 1615 Scripta.

287 1664 290 1667 '
338 1658 486 1699 Extant
504 1662 602 1714 ejus,
619 1677 649 1703 1.
673 1664 876 1717 Sylvarum
893 1667 904 1683 ¹
925 1665 1012 1704 libri
1031 1664 1219 1716 quinque,
1240 1676 1402 1715 quorum
1422 1666 1568 1716 primus
1583 1655 1733 1716 Stellm,

283 1723 481 1763 secundus
513 1726 683 1777 Meliori,
700 1728 836 1767 tertius
870 1727 1051 1776 Pollioni,
1071 1727 1259 1767 Marcello
1279 1734 1455 1778 quartus,
1474 1729 1632 1785 quintus
1664 1731 1734 1770 de-

284 1787 402 1838 nique
430 1788 683 1839 Abascantio,
723 1791 889 1843 singulis
927 1791 1115 1843 Epistolis
1148 1792 1196 1829 ab
1230 1785 1389 1830 auctore
1422 1782 1661 1841 inscribitur,
1683 1807 1733 1833 ex

285 1850 427 1901 quibus
459 1851 658 1893 Vavassor
690 1869 730 1907 p.
757 1852 849 1895 211.
870 1856 963 1895 228.
983 1854 1033 1893 de
1051 1855 1204 1893 ludicra
1235 1854 1406 1893 dictione
1436 1854 1609 1908 collegit,
1643 1870 1734 1910 eum

284 1914 414 1968 minus
436 1915 606 1956 valuisse
631 1918 670 1956 in
696 1918 839 1967 soluta,
858 1932 976 1969 quam
994 1918 1118 1970 ligata
1138 1918 1331 1957 oratione:
1361 1917 1468 1970 quod
1484 1917 1534 1958 de
1553 1919 1735 1972 Virgilio?

287 1989 442 2029 quoque
461 1980 595 2021 fertur.
642 1981 763 2021 Porro
782 1982 822 2021 in
841 1982 903 2021 his
922 1982 1029 2022 libris
1049 1981 1230 2034 quaedam
1249 1981 1426 2021 versibus
1445 1978 1655 2035 Phalaecis,
1671 1983 1734 2024 vel

328 2095 336 2112 ¹
359 2093 411 2125 De
426 2092 534 2135 sylvis,
549 2102 620 2133 quae
634 2093 717 2133 apud
731 2093 856 2134 Graecos
871 2094 981 2124 dicun-

286 2143 336 2168 tur
350 2135 581 2177 σχεδιάσμοιτα,
599 2135 668 2167 vide
683 2135 725 2166 G.
749 2135 801 2168 Jo.
816 2135 920 2167 Vossii
936 2136 983 2166 in-

285 2181 460 2218 stitutiones
490 2177 631 2218 poeticas
666 2188 720 2209 111.
747 2181 800 2210 22.
825 2183 859 2209 et
885 2178 983 2219 Gasp.

287 2220 468 2253 Gevartium
489 2219 562 2251 lect.
586 2219 699 2260 Papin.
723 2230 793 2262 cap.
813 2223 845 2252 2.
865 2226 898 2251 et
916 2221 986 2253 Jac.

287 2264 424 2295 Pontani
435 2261 625 2302 φιλοκαλίαιί
640 2271 687 2294 xv.
706 2265 758 2294 19.

332 2307 349 2324 ²
372 2305 514 2336 Laertius
523 2304 554 2334 in
565 2303 739 2335 Xenocrate
751 2311 802 2336 1‘v.
816 2309 847 2336 5.
861 2303 987 2342 ποιηταὶ

285 2347 347 2388 ’μὲν
369 2346 614 2386 ἐπιβαλλόμενοι
633 2345 842 2389 πεζογραφεῖν
861 2348 987 2386 ἐπιτυγ-

284 2389 438 2431 χάνουσι,
473 2388 670 2430 πεζογράφοι
717 2389 751 2422 δὲ
788 2389 989 2431 ἐπιτιθέμενοι

285 2434 440 2474 ’ποιητικῇ
464 2431 619 2463 πταίουσι.
678 2432 739 2463 Sed
775 2438 839 2463 tam
864 2431 990 2473 Virgilii

1033 2093 1193 2125 Ciceronis
1218 2103 1334 2130 versus,
1363 2097 1418 2124 ant
1445 2092 1573 2136 Virgilii
1600 2104 1732 2136 prosam.

1034 2136 1152 2167 Seneca
1178 2139 1209 2167 3.
1248 2140 1386 2166 controv.
1416 2137 1503 2176 praef.
1548 2141 1558 2155 ⁴
1571 2134 1734 2178 Virgilium

1033 2178 1088 2209 illa
1102 2178 1235 2208 felicitas
1249 2178 1366 2219 ingenii
1381 2178 1519 2209 emtione
1542 2178 1649 2215 soluta
1664 2180 1735 2211 reli·

1035 2220 1115 2261 quit,
1131 2220 1314 2252 Ciceronem
1337 2217 1516 2262 eloquentia
1538 2230 1595 2252 sna
1617 2221 1650 2260 in
1667 2232 1733 2258 car-

1034 2263 1168 2293 minibus
1204 2261 1367 2294 destituite
1433 2261 1548 2294 Confer
1575 2263 1734 2306 dialogum

1036 2306 1076 2336 de
1092 2304 1261 2335 oratoribus
1286 2316 1314 2337 c.
1338 2307 1390 2336 21.
1424 2303 1578 2337 Juvenal.
1603 2316 1638 2338 x.
1660 2308 1733 2339 121.

1036 2357 1102 2388 seq.
1122 2346 1323 2378 Tbeodecten
1345 2345 1443 2388 magis
1456 2351 1500 2378 tra
1524 2347 1572 2378 'co
1586 2347 1734 2386 carmine,

1037 2399 1248 2431 quam-prosa
1277 2389 1444 2429 placuisse,
1469 2357 1562 2438 regn
1586 2388 1734 2464 Ηγῗίιιιε

1037 2432 1121 2473 apud
1147 2431 1230 2464 Gell.
1257 2442 1290 2462 x.
1307 2434 1380 2463 109.
1421 2428 1567 2464 Similiter
1589 2431 1630 2464 de
1688 2433 1735 2465 al-

291 2485 395 2517 prosa,
422 2485 514 2515 quam
526 2474 683 2505 Ciceronis
703 2474 842 2516 Juliique
858 2474 988 2506 Caesaris

283 2519 330 2548 'ac
345 2517 435 2548 Bruti
459 2527 574 2555 versus,
593 2517 629 2547 iis
656 2527 688 2547 se
712 2518 813 2548 minus
837 2516 989 2558 probavit,

289 2560 344 2600 qui
360 2559 498 2590 Maronis
522 2559 680 2600 poemata,
696 2564 728 2590 et
751 2559 901 2594 Tullianae
921 2569 989 2590 ora-

289 2602 385 2632 tionis
399 2602 515 2632 flumen
529 2611 566 2632 ac
589 2601 662 2638 vim,
678 2607 799 2633 acutam
813 2601 903 2633 Bruti
918 2601 989 2633 Cae-

287 2643 423 2684 satisque
435 2644 469 2674 in
485 2643 645 2674 scribendo
660 2643 845 2685 elegantiam
859 2644 990 2675 admira-

285 2687 410 2717 bantur.
455 2686 549 2724 Unde
572 2686 696 2717 Cassius
711 2687 841 2718 Severus
866 2687 905 2717 de
921 2686 987 2716 Sal·

286 2727 380 2759 lustio
395 2727 440 2758 ita
449 2725 624 2768 judicabat,
647 2734 681 2759 ut
692 2729 760 2771 ejus
775 2729 928 2760 orationes
942 2727 990 2758 ni-

288 2771 352 2801 hilo
381 2770 520 2801 meliores
559 2780 625 2802 esse
660 2771 787 2810 diceret,
816 2781 908 2813 quam
937 2775 991 2802 aut

1038 2473 1142 2505 herbio
1185 2473 1282 2515 po'eta
1336 2470 1495 2504 Gallorum
1535 2473 1733 2507 celeberrimo

1037 2517 1120 2547 cives
1142 2514 1210 2556 ejus
1225 2516 1400 2553 observant,
1414 2525 1472 2556 que
1490 2526 1526 2548 sa
1536 2525 1629 2558 prose
1642 2518 1733 2550 beau-

1038 2569 1115 2599 coup
1122 2559 1194 2599 plus
1207 2557 1354 2598 neglig&
1365 2568 1422 2599 que
1439 2559 1490 2590 'ses
1514 2568 1596 2596 vera,
1611 2558 1653 2591 l'a
1665 2559 1736 2599 fait

1034 2601 1195 2642 'comparer
1233 2611 1253 2632 a
1283 2600 1488 2642 l’hiraemdelle,
1526 2598 1582 2641 qui
1613 2603 1736 2634 marche

1039 2644 1113 2683 mal,
1129 2652 1236 2674 encore
1260 2641 1370 2683 qu’elle
1389 2643 1455 2673 vole
1477 2643 1639 2676 tres-bien.
1682 2643 1735 2675 De

1039 2685 1187 2716 Molierio
1229 2684 1387 2716 clarissimi
1429 2685 1563 2716 nominis
1605 2686 1733 2719 comico

1041 2727 1133 2759 Gallo
1157 2726 1322 2768 Menagius
1348 2726 1381 2756 in
1402 2720 1659 2774 Menagianisfp.
1679 2732 1735 2761 45.

1042 2770 1089 2802 La
1124 2779 1214 2810 prose
1243 2771 1282 2801 de
1311 2768 1443 2800 Moliere
1469 2773 1546 2802 vuut
1581 2771 1734 2812 beaucoup
