1878 3164
282 228 299 269 1
307 225 393 272 852

276 332 350 373 jam
365 336 400 364 te
417 332 524 365 adhuc
538 341 678 374 puerum
689 340 764 363 esse
778 342 786 363 τ
811 335 977 373 exspecta

281 381 360 414 dum
375 382 588 423 majestatem
605 386 640 414 et
665 381 903 413 auctoritatem
927 381 975 412 vi-

280 432 375 465 rilem
393 432 605 474 adipiscaris.
647 432 693 463 Et
716 431 806 463 vires
830 431 892 462 tibi
914 431 977 463 eti-

280 491 414 513 amnum
430 482 554 514 desunt
569 485 605 513 et
619 480 810 513 aestimatio.
855 481 978 512 Forma

281 532 370 563 enim
387 532 526 573 puerilis
542 535 609 571 est,
625 530 729 562 robur
753 530 795 562 ad
821 539 914 561 arma
941 534 977 561 et

280 591 336 614 res
347 582 486 614 bellicas
504 591 641 623 prorsus
658 581 824 613 infirmum
833 585 867 613 et
882 582 976 622 inep-

279 636 366 664 tum.
395 632 461 665 Vel.
477 632 647 664 Scholiast.

322 685 385 714 336
405 683 572 722 Vultusque
586 681 746 722 recedunt]
764 681 819 713 Ne
835 681 977 713 levitate

281 731 393 763 vultus
421 730 560 762 foemina
586 740 661 762 esse
691 731 864 770 credar-iu
897 731 976 762 dum

281 784 341 811 tuo
355 789 413 811 ore
436 780 504 811 mei
518 780 631 811 vultus
659 779 833 820 recedunt,
853 779 887 810 id
912 784 978 820 est,

281 830 360 861 dum
377 830 441 862 viri
456 830 558 862 sumis
585 829 741 868 formam,
766 839 842 861 nam
870 830 978 861 adhuc

280 880 396 912 similis
409 889 445 911 es
461 880 572 912 matri.
596 879 792 911 Lactantius.

321 933 384 961 340
411 931 441 961 0
455 930 544 962 saxis
567 929 713 961 nimirum
727 933 758 960 et
772 929 896 970 robore]
929 930 977 962 Ut

279 979 403 1020 origini
418 979 620 1011 conveniret
637 979 765 1010 animus
781 989 789 1011 :
812 980 892 1021 quia
914 979 976 1011 du-

281 1039 318 1061 ra
331 1029 437 1062 corda
457 1029 604 1069 habetis,
629 1034 664 1061 et
689 1039 755 1060 non
785 1039 843 1061 vos
866 1028 977 1062 flectit

278 1080 534 1112 misericordia:
572 1090 649 1111 nam
681 1081 768 1111 male
798 1080 884 1112 dicit
911 1082 976 1113 illis

280 1130 425 1162 dicendo
472 1131 630 1171 ‘asperos
667 1130 863 1172 durosque‚'
898 1132 996 1173 quia.

279 1184 434 1211 materno
461 1189 526 1211 non
556 1185 810 1213 commoventur
841 1179 976 1213 affectu.

279 1231 379 1262 Idem.

322 1282 385 1311 856
409 1280 553 1312 Bellator
587 1280 680 1321 nulli]
720 1281 850 1312 Contra
887 1281 975 1312 enim

279 1329 476 1361 mandatum
490 1329 586 1362 Jovis
609 1334 673 1369 est,
688 1330 745 1371 qui
766 1331 976 1372 superiorem

280 1381 374 1413 libris
386 1382 533 1413 Martem
548 1386 616 1413 tam
628 1381 863 1413 Thebanorum
878 1391 975 1423 qnam

280 1431 482 1472 Argivorum
510 1436 653 1472 pectora
681 1431 768 1462 Belli
798 1430 976 1462 ardoribus

277 1479 486 1512 inflammare
496 1481 609 1522 jubet.
630 1481 701 1512 γει.
717 1479 882 1512 Scholiast.
913 1481 976 1512 Lo-

279 1531 371 1562 cutio
397 1530 481 1562 alias
507 1531 581 1570 ipsa
604 1529 795 1570 Papiniana
810 1537 875 1570 est,
900 1530 978 1561 nulli

277 1581 376 1611 caluit
405 1590 466 1620 pro
496 1579 620 1611 nullius
659 1583 800 1620 pectore
834 1579 978 1612 ardebat

279 1639 372 1661 amor
385 1639 564 1661 armorum.
592 1629 710 1660 Barth.

321 1683 384 1711 359
407 1680 545 1711 Surdum
560 1683 651 1720 atque
665 1678 815 1719 ignobile]
829 1678 976 1711 Surdum

284 1739 368 1771 opus
411 1729 579 1770 procincti
597 1738 605 1759 :
646 1729 808 1761 diastole:
848 1729 907 1760 illa
945 1729 976 1761 vi

279 1779 404 1821 operis,
428 1779 518 1821 quod
541 1783 686 1812 canente
708 1779 900 1821 Amphione
927 1780 976 1812 in-

279 1834 446 1862 structum
476 1834 540 1871 est,
563 1829 664 1861 modo
694 1833 807 1861 autem
838 1830 975 1862 surdum

279 1885 343 1917 est,
364 1881 441 1922 quia
459 1890 572 1919 manu,
593 1890 660 1911 non
681 1880 829 1911 carmine
851 1881 974 1912 conde-

279 1930 391 1962 batur.

277 1980 354 2011 lena
375 1979 545 2020 Amphion
568 1979 696 2011 dicitur
710 1989 793 2011 saxa
809 1980 973 2018 traxisse:

278 2033 316 2061 ut
345 2030 466 2071 Virgil.
503 2030 640 2062 ‘Canto
674 2039 750 2071 quae
785 2030 917 2070 solitus,
945 2030 973 2061 si

278 2079 413 2120 quando
440 2085 594 2111 armenta
619 2080 775 2120 vocabat,
805 2078 972 2121 Amphion

279 2129 475 2171 Dyrcaeus.’
498 2130 644 2162 Lot-tant.
832 2164 835 2167 Δ

320 2182 384 2211 360
407 2180 520 2211 Tamen
535 2183 566 2211 et
581 2180 701 2212 Boeotis
714 2179 856 2221 urbibus]
895 2180 972 2212 Hoc

277 2228 376 2270 dicit,
394 2229 549 2261 Etheocli
569 2239 704 2272 quoque
726 2230 858 2263 dedisse
873 2231 973 2262 Boeo-

279 2281 336 2312 tiae
354 2281 454 2313 urbes
482 2280 618 2313 auxilia.
663 2280 786 2313 Nullus
809 2280 898 2312 euim
921 2290 973 2312 re-

280 2331 331 2372 gis
356 2341 459 2363 causa
474 2331 591 2363 veniet
607 2330 648 2362 ad
675 2331 815 2370 bellum,
832 2331 891 2362 sed
915 2335 974 2363 aut

280 2380 452 2412 vicinitate
468 2381 652 2420 compulsae
675 2385 768 2420 sunt,
794 2385 853 2412 aut
876 2380 974 2412 mise-

278 2431 426 2462 ricordia
441 2430 599 2461 civitatis.
625 2430 724 2461 Idm.

320 2483 381 2512 365
404 2479 564 2518 Deformis
577 2479 698 2510 hiantia
719 2478 807 2519 lana]
837 2479 974 2520 Hyper-

278 2530 381 2562 baton
391 2540 402 2561 ε
415 2540 469 2561 ora
483 2529 642 2568 deformis,
651 2529 820 2561 deformia
834 2529 973 2571 habens,

277 2586 311 2612 et
326 2580 455 2612 hiantia
470 2584 614 2611 cruenta
629 2580 715 2611 lana.
739 2580 840 2612 Idem.

320 2634 382 2662 366
408 2630 558 2670 Turbida]
595 2631 674 2662 Non
705 2630 887 2671 terribilia,
914 2630 973 2662 sed

279 2680 494 2713 conturbata.
524 2680 622 2711 Idem.

319 2733 383 2762 368
407 2730 481 2760 Non
494 2729 629 2771 inscius]
645 2728 763 2761 Occisi
777 2730 923 2772 pecoris,
936 2734 974 2764 ut

280 2780 435 2818 conscius
451 2779 588 2812 audacis
603 2778 699 2812 facti.
723 2780 822 2813 Idem.

741 238 881 270 No'rAE
914 237 1177 269 vAaloRUM

436 1929 491 1962 Ad
514 1930 705 1962 Thebarum
727 1939 840 1962 muros
865 1931 984 1971 canti--

1212 238 1263 268 IN

1067 333 1130 363 370
1153 332 1285 372 Asopide
1307 329 1393 372 ripa]
1426 331 1475 363 Ut
1497 325 1624 364 Luem.
1643 322 1716 365 ‘Et'

1026 381 1085 423 qui
1103 380 1277 413 tauriferis
1294 382 1350 413 ubi
1365 390 1400 413 se
1414 381 1575 414 Mevania
1589 381 1720 423 campi&

1026 431 1201 472 Explicat,
1218 431 1365 463 audaces
1390 441 1490 463 ruere
1504 431 1538 463 in
1559 431 1718 464 certamb

1025 489 1070 512 na
1084 485 1209 513 turmas
1223 480 1378 513 Afferat.'
1398 481 1497 513 Idem.
1619 513 1624 522 ,

1068 533 1131 563 372
1154 531 1210 563 Ille
1231 531 1299 572 rapi
1322 530 1523 572 Theumeson]
1552 530 1718 562 Thoumea

1026 589 1080 612 sos
1107 589 1203 611 mons
1228 586 1282 612 est
1309 580 1396 611 haud
1419 580 1520 621 longe
1544 578 1718 611 aTbebis.

1025 631 1124 662 Idem.

1069 683 1131 712 373
1156 679 1296 712 Nunciat
1308 680 1460 722 excubiis]
1486 679 1537 712 ld
1551 683 1618 720 est,
1633 687 1717 712 nun-

1027 728 1097 760 ciat
1126 729 1270 769 Argivos
1299 730 1411 761 hostili
1437 738 1530 762 more
1558 728 1719 767 excubias

1027 788 1140 820 agere.
1168 779 1267 811 Idem.
1302 773 1438 811 Arnim
1465 779 1610 821 Platea]
1645 778 1719 821 Op·

1027 828 1143 870 pidum
1174 828 1331 868 Boeotiae,
1359 829 1450 870 apud
1479 827 1570 871 quod
1599 828 1719 870 quinto

1026 888 1158 920 quoque
1177 887 1264 910 anno
1279 877 1489 919 Eleutheria‚
1507 877 1660 910 maximis
1675 877 1719 910 de

1026 935 1129 959 cursu
1159 927 1341 969 propositis
1370 927 1529 968 praemiis,
1554 925 1721 959 celebrari

1027 978 1149 1010 solent.
1166 978 1284 1010 incolis
1301 977 1404 1009 etiam
1421 977 1520 1020 hujus
1537 977 1654 1019 oppidi
1669 985 1722 1008 so·

1025 1028 1137 1070 lenne,
1168 1029 1312 1069 septimo
1342 1028 1480 1060 circiter
1517 1036 1618 1067 anno,
1648 1025 1720 1058 dies

1026 1078 1133 1111 festos
1177 1079 1364 1120 celebrare,
1401 1088 1477 1120 quae
1523 1079 1534 1096 ‘
1553 1077 1721 1110 Dauni-³

1026 1133 1274 1171 nuncupantur,
1301 1139 1321 1160 a
1351 1127 1560 1164 simulachris
1586 1126 1722 1168 ligneiss

1027 1178 1202 1220 Originem
1213 1183 1248 1210 et
1261 1179 1362 1210 ritum
1378 1180 1448 1210 late
1460 1176 1621 1210 describit
1631 1177 1721 1210 Pan-

1026 1229 1136 1261 sauias
1146 1229 1319 1269 Boeoticis,
1331 1238 1431 1270 quem
1447 1228 1522 1260 adi:
1537 1229 1618 1259 sunt
1631 1227 1721 1260 enim

1026 1278 1183 1310 uberiora
1196 1287 1297 1320 quam
1314 1282 1350 1309 ut
1371 1277 1437 1309 huc
1457 1276 1719 1310 t=·ansferautur;

1025 1329 1125 1360 Bern.

1068 1380 1131 1410 374
1155 1378 1231 1410 Jam
1247 1378 1358 1420 Tyrios
1370 1377 1509 1419 sudasse]
1531 1377 1611 1410 Non
1626 1386 1722 1418 sper-

1026 1429 1173 1460 nendum
1197 1428 1262 1460 fuit
1278 1429 1504 1470 scriptorum:
1530 1429 1612 1460 Num
1629 1428 1721 1470 Tyri-

1027 1489 1080 1510 os.-
1101 1488 1177 1510 cum
1201 1483 1237 1510 et
1261 1479 1328 1511 vim
1354 1479 1497 1511 eandem
1524 1484 1559 1510 et
1585 1479 1722 1519 elegan-

1028 1529 1108 1560 tiam
1136 1528 1271 1560 habeat.
1318 1529 1436 1561 Finem
1459 1529 1560 1571 hujus
1578 1529 1722 1562 membri

1027 1583 1126 1610 recte
1142 1578 1267 1611 format
1290 1579 1504 1620 Bernartius,
1520 1579 1579 1610 sed
1589 1580 1724 1617 *oblitus

1027 1633 1080 1661 est
1108 1629 1234 1661 addere
1271 1630 1546 1672 interrogationis
1578 1635 1720 1663 notam}

1023 1679 1135 1720 petris,
1143 1675 1197 1711 'cui
1212 1689 1274 1711 non
1289 1683 1320 1711 et
1339 1680 1422 1712 scire
1444 1681 1571 1713 licentia
1590 1681 1721 1722 passim,

1026 1729 1073 1760 Et
1086 1729 1296 1767 vidissesuit?
1316 1739 1393 1761 nam
1409 1730 1490 1770 ista,
1501 1730 1641 1762 sudasse
1659 1730 1722 1762 La-

1027 1788 1081 1811 res
1095 1779 1285 1820 Thebanos,
1309 1781 1374 1812 &c.
1401 1780 1474 1822 quis
1495 1789 1563 1812 non
1587 1783 1720 1813 tantum

1024 1829 1166 1861 indulsit
1181 1830 1256 1871 sibi,
1280 1835 1319 1862 ut
1341 1835 1377 1862 et
1392 1840 1429 1861 se
1445 1831 1533 1863 scire
1548 1834 1584 1863 et
1599 1831 1720 1864 vidisse

1025 1880 1179 1911 diceret?
1221 1879 1324 1921 Apud
1340 1879 1500 1912 Ovidium
1529 1880 1615 1913 Met.
1637 1890 1720 1913 vm.

1024 1931 1151 1962 OEneus
1166 1930 1176 1948 ⁴
1189 1931 1368 1972 vultusque
1384 1931 1507 1962 seniles
1523 1930 1646 1963 Foedat
1659 1930 1721 1963 lm-

1022 1980 1069 2011 mi
1097 1979 1190 2012 susus
1220 1980 1472 2022 spatiosumque
1493 1981 1648 2022 increpat
1674 1990 1721 2013 ω·

1024 2039 1114 2063 vum.
1152 2031 1240 2062 Nam
1256 2030 1299 2062 de
1312 2034 1422 2062 matre
1439 2040 1557 2062 manus
1572 2030 1638 2062 diri
1654 2026 1721 2063 sibi

1023 2081 1162 2113 conscia
1176 2080 1262 2113 facti
1278 2081 1403 2127 Exegit
1418 2079 1561 2122 paenas!
1590 2081 1720 2113 Noster

1023 2131 1057 2162 in
1071 2130 1138 2162 fine
1155 2131 1338 2163 Achilleid.
1358 2131 1368 2148 ‘
1381 2131 1471 2162 Nam
1482 2131 1602 2172 procul
1617 2130 1722 2163 OEba·

1022 2182 1085 2213 lios
1101 2182 1134 2213 in
1148 2181 1262 2213 nubila
1273 2181 1419 2213 condere
1429 2180 1563 2221 discos,'
1574 2183 1638 2214 dcc.
1654 2180 1724 2214 Ubi

1023 2233 1123 2263 etiam
1154 2232 1256 2272 vulgo
1284 2230 1452 2270 fecerunt,
1480 2230 1604 2264 ‘Jam.'
1637 2231 1721 2262 Gro-

1023 2292 1092 2312 nov.
1138 2280 1281 2323 Dyrcen]
1314 2281 1431 2322 Dyrce
1453 2278 1531 2311 fons
1556 2283 1610 2311 est
1632 2280 1720 2312 The-

1023 2330 1199 2370 banorum,
1227 2334 1407 2371 utrumqne
1433 2329 1655 2361 monstravit:
1680 2333 1720 2362 ut

1025 2380 1145 2421 Virgil.
1173 2385 1182 2398 ‘
1197 2380 1344 2422 AEraqne
1357 2379 1493 2415 sudant,
1508 2379 1584 2412 Nec
1600 2381 1714 2422 puteis

1023 2441 1162 2463 manare
1177 2440 1277 2462 cruor
1292 2430 1462 2462 cessavit!
1485 2431 1632 2463 Laetam.

1026 2512 1031 2514 ,
1067 2486 1128 2515 375
1156 2483 1319 2523 Foetquue
1343 2482 1450 2523 novos]
1473 2483 1568 2516 Quos
1582 2482 1617 2514 in
1633 2483 1719 2515 The-

1024 2534 1085 2566 bas
1114 2534 1260 2566 Cadmus
1287 2533 1428 2564 invexit.
1458 2534 1583 2565 Lucan.
1623 2533 1720 2565 ‘Ma-

1023 2588 1177 2625 tremque
1194 2593 1272 2615 suus
1286 2583 1473 2614 conterruit
1494 2582 1623 2614 infans-¹
1659 2583 1720 2615 So.

1023 2635 1096 2665 lent
1111 2638 1222 2665 auteur
1250 2633 1291 2664 ad
1316 2641 1416 2664 omen
1443 2632 1613 2673 publicum
1642 2642 1720 2673 por-

1025 2688 1120 2715 tenta
1136 2682 1228 2724 gigni
1243 2693 1253 2715 2
1276 2687 1312 2714 et
1334 2686 1385 2713 est
1400 2681 1445 2713 foe
1452 2688 1504 2714 tus
1519 2686 1579 2714 aut
1594 2682 1720 2725 bicapi-

1024 2734 1082 2774 tis,
1099 2738 1159 2764 aut
1173 2731 1338 2764 biformis.
1359 2731 1458 2764 Idem.

1068 2786 1130 2816 378
1169 2782 1280 2815 Subito
1315 2786 1455 2824 correpta
1483 2782 1629 2815 canistris
1653 2783 1719 2817 Sit-⁴
