1878 3164
240 212 357 255 1746

243 318 327 349 ποιεῖ
335 316 391 349 τὸν
402 315 500 355 ἣλιον.
537 317 590 348 Ex
606 317 649 350 Q.
663 315 822 350 Calabro.
837 317 943 348 Para-

241 367 303 408 lip.
316 367 358 399 B.
398 367 477 398 Ἠὼς
492 366 518 398 δ’
534 365 728 406 ἐστονάχησε
743 365 943 407 καλυψαμένη

242 415 396 457 νεφέεσσι.
415 417 557 448 Nubibus
567 416 720 456 implicita
729 417 882 456 ingemuit
893 417 944 448 Ti-

242 466 347 498 thonia
365 465 479 506 opacis.
509 466 686 498 Morellus.

286 519 329 547 36
365 516 474 547 Mater
500 515 665 555 Achilleis,
693 515 764 557 isa]
801 515 943 547 Hiemes

243 576 307 609 pro
333 566 430 598 undis
455 566 569 602 maris.
590 569 628 598 ut
650 576 742 606 saepe
757 566 860 598 alibi:
884 566 943 598 has

243 625 325 648 vero
336 616 452 648 Thetis
463 615 522 646 filii
535 614 634 648 busto
644 614 835 656 affricabat,
846 617 943 658 quip-

243 675 287 707 pe
304 666 428 698 Nereis
444 666 522 697 salis
538 675 674 707 aequore
685 666 838 707 madida,
850 671 888 698 ut
900 666 944 698 de

243 715 380 747 Venere
396 715 631 756 anadyomene
652 715 747 748 canit
760 714 942 748 Ausonius.

245 764 393 796 Crueeus.

286 815 327 845 3⁷
351 814 459 845 Macte
473 812 586 854 animi]
601 813 709 847 Quasi
719 813 854 846 diceret
865 824 942 846 cum

243 861 387 895 Pedoue.
401 861 519 898 Albin.
534 862 577 894 ad
594 863 668 895 Liv.
683 863 694 881 ⁴
708 863 753 895 Et
770 864 943 906 quisquam

242 913 338 954 leges
351 913 456 945 audet
464 913 528 945 tibi
538 913 652 946 dicere
660 912 784 946 flendi?
797 915 843 947 Et
854 915 944 956 qnis-

243 973 343 1005 quam
371 965 536 1006 lacrymas
560 969 732 1006 temperat
752 974 811 997 ore
831 970 906 998 tuas
918 965 943 997 ,Ρ

242 1015 373 1046 Moren.

284 1067 326 1096 45
356 1065 558 1106 Nuplumque
580 1065 683 1106 prior]
723 1065 878 1106 Nuptum
908 1064 943 1096 in

244 1115 426 1146 accusandi
454 1125 536 1146 casu
564 1125 626 1156 pro
657 1115 784 1156 nuptiis
816 1115 942 1156 posuit.

244 1163 360 1204 Prior,
375 1164 496 1205 inquit,
511 1166 650 1206 nuptias
665 1174 764 1205 passa
781 1168 834 1196 est
848 1164 942 1196 Pris-

242 1213 335 1254 cilla,
344 1215 442 1246 alteri
454 1215 543 1246 enim
554 1215 802 1256 maritojuncta
814 1213 943 1255 fuerat,

242 1269 323 1305 post
338 1265 433 1306 cujus
446 1274 619 1297 excessum
635 1266 751 1306 nupsit
766 1265 942 1298 Abascan-

242 1314 305 1346 tio.
351 1314 491 1346 Nubere
519 1324 586 1346 non
608 1316 708 1347 modo
731 1314 867 1347 feminae
891 1315 942 1346 di-

243 1368 382 1404 cuntur,
405 1364 463 1396 sed
481 1369 516 1396 et
533 1365 607 1396 viri.
650 1364 776 1397 Juven.
802 1366 874 1397 Sat.
901 1374 943 1397 11.

240 1414 251 1432 ⁴
261 1413 352 1447 Quid
364 1414 506 1454 quaeris?
523 1413 620 1446 nubit
631 1414 779 1447 amicus:
797 1415 943 1447 Cruceus.

283 1466 324 1494 61
347 1463 530 1495 Laudentur
542 1463 681 1504 proavis]
706 1465 750 1495 Et
770 1464 804 1495 hi
820 1474 938 1496 versus

241 1513 373 1545 mendis
388 1513 544 1554 impediti
554 1514 811 1555 inexplicabiles
823 1520 942 1546 erant:

241 1572 319 1595 nam
351 1563 407 1596 ubi
447 1563 660 1596 scribendum
696 1569 749 1596 est
778 1565 944 1596 laudentur

238 1614 378 1655 proavis,
413 1614 593 1655 legebatur
624 1616 788 1647 laudentur
820 1616 942 1656 proavi.

218 1681 220 1683 >
242 1664 314 1696 Nos
328 1665 377 1695 ita
392 1665 644 1705 castigavimus.
659 1670 699 1697 ut
710 1666 824 1698 dicat:
841 1665 944 1708 Aliae,

241 1724 318 1755 quae
345 1718 466 1746 carent
487 1714 645 1747 laudibus
666 1715 781 1754 animi,
805 1715 945 1747 lauden-

242 1767 298 1795 tur
312 1774 332 1795 a
346 1763 444 1796 bonis
469 1765 622 1805 corporis
639 1767 675 1796 et
689 1764 849 1806 fortunae,
866 1770 904 1797 ut
926 1776 946 1798 a

240 1815 422 1847 nobilitate
438 1815 606 1856 majorum
621 1820 681 1847 aut
704 1825 724 1846 a
744 1815 876 1849 forma:
906 1819 946 1848 tu

240 1874 332 1904 vero,
348 1865 521 1905 Priscilla,
537 1865 729 1897 laudaberis
741 1875 824 1898 ame
841 1876 860 1897 a
875 1876 944 1898 mo-

241 1915 334 1946 ribus
365 1919 402 1947 et
429 1914 525 1947 bonis
550 1915 664 1956 animi,
688 1925 764 1956 quae
782 1925 848 1946 una
864 1925 945 1948 vera

241 1966 314 1997 lans
331 1969 394 1997 est.
419 1966 540 1997 Domit.

283 2018 326 2046 52
351 2015 500 2056 Falsoque
509 2013 666 2055 potentes]
689 2012 894 2046 Aristoteles
909 2014 944 2046 in

242 2065 410 2102 Politicis,
436 2066 458 2095 l.
479 2074 529 2096 ιν.
559 2074 636 2105 cap.
659 2067 691 2098 8.
716 2064 837 2105 Σχεδὸν
862 2064 945 2106 παρὰ

240 2117 306 2148 τοῖς
319 2115 481 2148 πλείστοις
497 2115 525 2146 οἱ
547 2115 669 2156 εὔποροι
688 2117 752 2146 τῶν
771 2117 876 2147 καλῶν
890 2116 944 2147 κᾶ-

239 2168 344 2206 ’γαθῶν
357 2167 479 2198 δοκοῦσι
501 2164 647 2206 κατέχειν
668 2164 784 2206 χώραν.
829 2166 943 2197 Hora-

240 2216 308 2247 tius
333 2224 357 2248 ι.
383 2215 525 2256 Epistol.
552 2218 582 2246 1.
615 2215 711 2246 ‘Hos
734 2215 822 2246 solos
850 2214 945 2247 aiunt

241 2274 363 2306 sapere
384 2269 420 2296 et
443 2264 527 2296 bene
551 2264 679 2301 vivere,
699 2274 840 2306 quorum
858 2264 944 2297 Con-

241 2314 388 2354 spicitur
398 2314 514 2345 nitidis
526 2313 668 2345 fundata
678 2315 821 2355 pecunia
833 2314 946 2347 villis-⁹

242 2364 358 2397 Quare
386 2374 453 2395 non
489 2364 703 2396 incommode
741 2366 787 2399 Q.
814 2366 944 2398 Ennius

242 2413 252 2430 ‘
269 2413 467 2454 opulentos'
490 2415 750 2456 interpretatur,
772 2425 855 2456 quos
875 2415 943 2447 Eu-

242 2463 372 2505 ripides
395 2463 485 2496 dixit
507 2464 683 2505 δοκοῦντας,
691 2468 843 2506 potentes,
857 2464 943 2496 nobi-

241 2514 296 2554 les,
308 2514 462 2555 probatos.
493 2514 643 2546 Tametsi
658 2513 701 2546 A.
719 2514 833 2546 Gellio
850 2514 872 2546 1.
889 2523 942 2546 XI.

241 2573 317 2604 cap.
340 2567 371 2596 4.
397 2573 462 2595 non
485 2564 641 2596 videatur
656 2563 855 2596 satisfacere
868 2573 943 2596 sen·

241 2613 362 2646 tentiae
393 2614 576 2656 Euripidis.
620 2614 731 2655 Falso]
763 2614 852 2648 Quia
883 2623 943 2654 po-

241 2668 329 2704 tens,
353 2667 484 2706 κρατῶν,
514 2665 621 2702 δοκῶν,
650 2664 774 2704 nobilis,
806 2664 943 2706 εὐγενὴς,

241 2723 342 2746 nemo
365 2724 445 2746 vere
471 2718 537 2753 est,
569 2723 590 2745 a
615 2723 683 2755 quo
713 2714 820 2746 virtus
842 2714 942 2747 absit.

240 2764 367 2797 Moreu.

706 221 848 253 NOTAE
881 221 1146 254 vARloRUM
1179 222 1231 253 ΙΝ

1035 319 1078 348 58
1103 317 1277 350 Frater-nus
1289 316 1427 359 adulter]
1447 317 1541 350 Nota
1555 317 1694 363 historia

994 375 1036 398 ex
1064 367 1251 407 tragoedia:
1280 376 1359 400 nam
1387 367 1552 409 Thyestes
1579 368 1694 400 Mero·

994 426 1073 457 pem
1088 416 1187 449 Atrei
1202 416 1320 449 fratris
1336 426 1473 449 uxorem
1490 417 1608 458 precio
1619 426 1695 450 cor-

994 469 1128 507 ruptam
1158 466 1369 507 compressit,
1403 467 1622 508 suscepitque
1651 476 1693 501 eo

993 517 1173 549 concubitu
1193 517 1378 549 Tantalum
1391 526 1491 559 quem
1506 516 1571 548 sibi
1586 526 1692 559 appo-

994 565 1062 598 suit
1089 565 1227 599 Atreus.
1250 566 1422 599 Domitius.
1465 567 1555 599 Vide
1581 566 1694 599 Fabu-

993 615 1058 647 lam
1083 616 1174 657 apud
1194 616 1360 657 Higinum
1385 625 1463 658 cap.
1478 619 1554 649 268.
1597 616 1693 649 Duli-

992 665 1058 697 chii
1067 665 1170 707 proci]
1193 666 1400 707 Penelopes.

1035 718 1076 748 63
1098 716 1205 748 Vitam
1214 716 1386 757 impendere
1393 714 1509 757 fomoe]
1530 715 1610 748 Hoc
1622 725 1692 749 mo-

992 769 1076 798 nent
1100 765 1287 798 Socraticae
1311 766 1455 807 chartae,
1486 771 1522 799 et
1547 766 1692 808 Satyra:

992 820 1002 836 ⁸
1013 816 1185 849 Summum
1201 815 1303 848 crede
1322 815 1431 858 nefas,
1444 817 1590 849 animam
1604 826 1692 858 pra-

992 864 1083 898 ferre
1114 866 1255 908 pudori;
1277 867 1322 898 Et
1337 869 1479 907 propter
1505 867 1625 906 vitam,
1642 866 1692 899 vi·

995 916 1096 948 vendi
1111 916 1256 957 perdere
1272 915 1416 948 causas?
1435 916 1563 948 Moreu.
1601 915 1691 948 Vide

994 971 1031 999 et
1056 967 1255 1008 Marquard.
1277 966 1414 998 Freher.
1438 966 1498 998 lib.
1517 965 1561 998 de
1584 964 1692 999 Fama

994 1025 1069 1058 cap.
1080 1019 1157 1049 209.

1035 1069 1078 1098 69
1100 1065 1233 1107 Melius]
1255 1065 1326 1104 Dii,
1351 1065 1474 1108 inquit,
1496 1065 1618 1098 melius
1642 1065 1692 1099 fe-

993 1121 1126 1158 cerunt,
1142 1116 1234 1159 quod
1257 1125 1322 1147 non
1345 1114 1380 1147 in
1402 1114 1564 1156 adversis,
1577 1114 1688 1148 sedin

991 1167 1150 1199 secundis
1176 1166 1279 1198 fidem
1303 1170 1396 1198 tuam
1420 1165 1456 1197 in
1481 1162 1590 1198 virum
1610 1174 1690 1208 pro-

993 1215 1095 1249 basti.
1118 1217 1240 1248 Domit.

1035 1269 1076 1298 73
1099 1264 1285 1298 Αάυοῑυενίε
1306 1264 1388 1305 aris]
1410 1264 1578 1297 Plurimi'
1562 1273 1634 1306 jam
1649 1264 1692 1297 is-

993 1319 1064 1347 tam
1080 1316 1331 1347 advolutionem
1348 1320 1416 1347 tam
1429 1314 1471 1347 ad
1489 1324 1578 1352 aras,
1593 1324 1691 1357 quam

993 1366 1036 1398 ad
1057 1367 1171 1398 limina
1198 1371 1235 1398 et
1253 1366 1374 1407 januas
1397 1365 1613 1406 templorum,
1631 1374 1693 1406 pro

993 1416 1081 1448 caris
1109 1415 1300 1447 hominibus
1329 1415 1548 1446 adnotarunt.
1601 1414 1691 1446 Vide

992 1475 1054 1496 nos
1071 1465 1113 1497 ad
1130 1464 1251 1505 Claud.
1267 1469 1303 1497 et
1318 1464 1447 1497 Comm.
1469 1463 1549 1497 Joh.
1573 1463 1694 1496 Passe-

993 1520 1058 1546 rat.
1074 1514 1117 1546 ad
1134 1514 1240 1554 Prop.
1255 1513 1315 1546 lib.
1334 1522 1392 1545 ιιι.
1412 1513 1509 1554 Eleg.
1525 1515 1578 1545 17.
1626 1513 1692 1546 Ge-

991 1564 1079 1595 nium
1093 1563 1239 1604 Domini]
1267 1564 1321 1594 De
1347 1563 1459 1595 Genio
1484 1562 1694 1595 dominorum

995 1614 1247 1655 Imperatorum
1271 1613 1348 1645 vide
1378 1617 1449 1644 not.
1479 1612 1599 1644 Desid.
1621 1612 1692 1644 He-

993 1664 1079 1696 raldi
1093 1664 1136 1695 ad
1150 1662 1356 1695 Tertulliani
1376 1661 1525 1703 Apolog.
1548 1671 1624 1703 cap.
1637 1665 1692 1694 29.

993 1713 1168 1745 Passerat.
1198 1712 1241 1744 ad
1267 1712 1428 1753 Propert.
1452 1711 1509 1743 lib.
1525 1720 1578 1743 ιν.
1593 1712 1693 1753 Eleg.

993 1765 1026 1795 9.
1063 1761 1379 1802 Caesar.Bulinger.
1402 1761 1460 1793 lib.
1480 1769 1506 1793 1.
1528 1760 1571 1793 de
1586 1761 1695 1803 irnpe-

994 1817 1108 1845 ratore
1125 1823 1153 1846 c.
1168 1816 1202 1844 6.
1240 1812 1310 1844 Nos
1330 1811 1372 1843 ad
1390 1811 1498 1844 Rutil.
1514 1811 1693 1845 Nnmatia·

994 1872 1072 1895 num
1088 1863 1148 1895 lib.
1165 1871 1191 1895 1.
1219 1861 1342 1893 Itiner.
1358 1871 1406 1893 vs.
1421 1863 1498 1894 327.
1530 1861 1649 1894 Bar-ts.

1037 1917 1079 1946 78
1105 1913 1217 1953 Digna
1244 1910 1396 1952 evolvere]
1425 1911 1550 1944 Catuli.
1573 1912 1608 1943 in
1628 1913 1695 1944 Co·

993 1973 1070 1995 ma:
1108 1964 1223 2003 ‘Non‚
1253 1962 1282 1993 si
1306 1971 1360 1993 me
1393 1960 1527 1993 infestis
1563 1961 1693 1994 discer-

994 2016 1078 2054 pant
1092 2012 1206 2044 sidera
1221 2010 1337 2052 dictis,
1359 2010 1506 2042 Condita
1521 2011 1603 2052 quin
1618 2011 1694 2043 veri

994 2064 1143 2104 pectoris
1155 2063 1322 2094 evoluam.
1324 2060 1334 2075 ’
1357 2060 1467 2092 Sobria
1479 2060 1587 2102 cordo]
1603 2065 1693 2093 Πινυ-

992 2113 1048 2145 τὰς
1072 2111 1195 2154 φρένας.
1226 2111 1385 2153 Σώφρονος
1411 2109 1464 2142 καὶ
1492 2109 1694 2153 σωφροσύνης

993 2163 1126 2195 notatio
1146 2163 1190 2194 ab
1206 2161 1396 2194 Aristotele
1418 2159 1546 2192 tradita
1570 2161 1695 2193 Moral.

994 2212 1037 2244 ad
1056 2213 1134 2245 Nic.
1150 2212 1211 2244 lib.
1227 2221 1280 2244 1v.
1288 2209 1693 2253 παρὰτδσῶζειντὴνφρό-

993 2274 1090 2301 νησιν,
1115 2262 1235 2295 Sobriis
1254 2262 1399 2294 cordibus
1421 2261 1589 2302 congruit.
1617 2261 1692 2293 Mo-

992 2314 1061 2345 rell.

1035 2365 1077 2395 83
1099 2362 1229 2394 Jubatis
1251 2361 1402 2403 humeris]
1426 2359 1648 2401 Fortissimis,
1670 2371 1691 2393 ι

985 2411 1117 2453 jubatis
1131 2411 1285 2443 leonibus
1305 2411 1503 2452 epithetum
1524 2419 1601 2441 nam
1621 2408 1690 2442 leo-

992 2471 1071 2494 num
1092 2462 1302 2503 generositas
1321 2460 1409 2502 juba
1434 2463 1623 2501 spectatur,
1651 2463 1691 2491 ut

992 2511 1041 2543 ait
1056 2511 1200 2543 Plinius.
1228 2510 1434 2552 Primusque
1448 2509 1540 2549 Sylla
1554 2513 1691 2541 centnm

985 2562 1187 2604 jubatornm
1210 2570 1359 2602 pugnam
1393 2559 1503 2592 edidit
1535 2558 1570 2590 iu
1601 2568 1691 2600 prae·

992 2616 1081 2644 tura.
1103 2611 1224 2645 Domit.
1573 2652 1576 2656 ⁸

1033 2665 1075 2695 87
1098 2661 1244 2694 Romulei
1265 2660 1412 2692 mandata
1435 2658 1540 2701 ducis]
1563 2659 1618 2692 Ne
1632 2659 1691 2691 Pi-

991 2712 1050 2745 tho
1078 2711 1217 2754 q‘nidem
1245 2709 1327 2742 mihi
1355 2708 1559 2752 persuadeat
1581 2706 1688 2740 offici-

990 2771 1047 2794 um
1062 2761 1218 2803 magistri
1233 2760 1460 2802 Epistularum
1485 2758 1541 2792 hic
1563 2758 1691 2792 descri-
