1878 3164
537 468 930 529 SYLVARUM
985 479 1129 529 ΠΒ.
1186 481 1253 537 v.

214 603 367 652 Omnibus
391 603 575 647 affectibus,
603 605 674 647 Sym]
709 604 874 636 Mutilata

165 659 220 688 est
234 655 437 698 epistola,et
452 664 557 701 supra
568 654 743 688 dimidium
759 659 872 686 vetus-

167 705 407 743 tateamissa.
467 705 559 738 Nam
587 714 664 737 cum
694 706 873 747 sylvarum

164 757 328 796 omnium,
341 765 420 803 qum
433 756 575 799 siugulis
591 755 686 788 libris
696 755 874 788 continen-

165 810 234 847 tur,
255 807 462 846 mentionem
478 806 594 839 facere
616 806 740 847 soleat,
757 806 790 838 in
806 807 870 838 hac

164 857 284 898 primae
307 851 442 889 tantum
467 861 704 899 argumentum
731 856 869 898 legitur.

163 906 288 939 Dmm'e.
319 906 421 939 Unde
437 907 479 939 P.
493 906 641 939 Scriver.
654 910 770 939 monet
784 916 870 948 prae-

161 954 327 989 sationem
363 955 611 989 Abascantium
648 966 718 988 non
763 956 869 988 totins

162 1007 222 1041 lib.
238 1017 275 1041 v.
291 1007 353 1040 sed
369 1007 494 1040 Primae
511 1017 586 1040 esse
602 1002 717 1040 Silvae.

205 1058 363 1091 Canu-1.
377 1061 397 1091 8
406 1058 531 1091 Solatia
538 1061 636 1098 grata
646 1056 777 1098 morito]
788 1057 868 1089 Con-

159 1107 264 1150 cipere
277 1108 404 1148 solatia,
415 1109 501 1141 mire
514 1108 603 1141 dixit
615 1118 675 1150 pro
687 1107 869 1147 ἄγαλμα-το·

158 1159 277 1200 φορεῖν.
294 1162 332 1191 ut
349 1159 455 1193 tac-ite
471 1158 602 1190 alludat
617 1158 659 1189 ad
677 1163 817 1199 etymon
833 1156 868 1188 ἆ-

158 1207 331 1250 vinca-ros.
352 1209 530 1251 Siquidem
539 1214 593 1241 est
602 1209 733 1249 ἄγαλμα
741 1209 804 1240 πᾶν
814 1207 865 1249 ἐφ’

159 1257 184 1300 ὅ
191 1271 242 1292 τις
251 1258 439 1300 ἀγάλλει-αι,
450 1260 526 1302 Res,
537 1262 662 1301 donum,
672 1260 798 1306 signant
806 1270 865 1301 quo

158 1310 220 1342 sibi
232 1310 362 1352 quisque
375 1311 475 1352 phu-ee
486 1322 497 1342 .·
520 1310 611 1343 unde
632 1320 695 1352 pro
711 1310 864 1342 oblecta·

159 1360 254 1393 tione
265 1364 302 1394 et
310 1361 547 1393 consolatione
560 1361 742 1402 accipitur.
765 1360 864 1392 Idem

155 1419 229 1453 seq.
244 1411 369 1453 Sylva:
392 1411 403 1429 ⁸
415 1410 540 1443 Animo
551 1411 658 1444 fortes
675 1416 863 1444 castrorum

154 1460 300 1502 concipe
314 1460 436 1494 curas.'
463 1461 568 1494 Corn.
584 1461 727 1494 Gallus:
751 1464 760 1480 ‘
775 1462 863 1494 Con-

156 1510 290 1553 cipiunt
303 1511 476 1553 geminum
489 1510 672 1554 flagrantia
684 1512 787 1544 corda
800 1511 862 1544 do·

154 1562 286 1595 lorem!
308 1563 437 1595 Mor-ell-

197 1616 220 1645 6
241 1613 399 1645 Phidiaca
412 1614 545 1645 velitata
557 1623 664 1650 manu,
678 1613 746 1655 ⁸5⁶]
761 1612 860 1645 Idem

155 1664 360 1706 Propertius
388 1663 540 1706 Apeneae
572 1664 699 1696 tabulae
727 1664 859 1705 signum

153 1714 357 1747 Phidiacum
382 1714 572 1755 subjunxit.
626 1712 732 1754 Nata]
766 1713 859 1745 Mar-

153 1767 230 1800 tial.
253 1771 263 1786 ‘
277 1767 440 1800 Formata
462 1767 550 1799 coelo
570 1766 760 1799 Phidiaco.’
805 1767 859 1799 Ci-

152 1817 283 1857 ceroni,
308 1818 319 1835 ‘
334 1817 512 1850 Generata
536 1816 672 1858 species
697 1825 739 1847 ex
763 1816 858 1848 aere.’

127 1883 137 1891 ·
152 1867 196 1900 In
211 1868 326 1901 Carm'.
340 1866 383 1899 de
398 1876 440 1899 ιι.
458 1867 561 1899 Cous.
583 1867 594 1885 ‘
609 1866 699 1898 Tum
724 1866 860 1908 species

152 1928 198 1951 ex
234 1927 305 1950 aere
334 1922 434 1950 vetus
472 1923 704 1960 generataque
736 1917 857 1949 Nattae

153 1967 331 2008 Concidit,
347 1972 384 2000 et
406 1967 535 2000 Divum
557 1967 739 1999 simulacra
763 1977 860 2008 pere·

151 2020 240 2055 mit.’
283 2021 444 2063 Reddare]
467 2020 568 2052 Picta
590 2020 645 2052 vel
669 2019 767 2059 ficta,
789 2029 858 2051 non

133 2076 190 2104 -ut
203 2071 354 2104 Alcestis
370 2070 464 2103 Orco
477 2075 639 2102 revocata
648 2069 692 2101 ab
705 2069 858 2101 Hercule

149 2121 283 2154 reddita
298 2126 350 2153 est
370 2120 520 2152 Admeto
543 2120 691 2159 dolenti,
708 2119 767 2161 qui
786 2123 858 2151 stu-

151 2182 239 2215 pens
251 2172 299 2205 ait
312 2171 404 2214 apud
417 2171 619 2213 Euripidem
633 2169 693 2203 z'n
702 2169 858 2211 φιλτάτης

152 2222 298 2264 γυναικὸς
307 2221 389 2262 ὄμμα
402 2221 454 2254 καὶ
464 2220 663 2262 δέμας-,Ἥκω
673 2221 705 2252 σ’
716 2219 858 2254 ἀέλπτως

154 2274 263 2313 οὔππῖ
279 2273 407 2315 ὄψεσθαι
417 2274 525 2304 δοκῶν.
558 2272 605 2304 Ut
620 2272 854 2313 interpretor:

153 2326 183 2358 0
198 2325 340 2366 coniugis
355 2324 547 2356 charissimae
558 2323 638 2355 oculi
649 2323 857 2364 membraque,

153 2375 202 2408 Tu
223 2374 364 2408 redderis
385 2384 471 2416 spem
490 2377 608 2416 prater
632 2383 751 2405 omnem
777 2373 856 2405 mihi

147 2425 227 2459 viro.
250 2425 362 2458 Idem.

191 2480 231 2509 15
250 2477 390 2509 Condere
400 2475 575 2518 sepulchro]
589 2475 748 2508 Carmina
759 2475 852 2508 enirn

147 2525 310 2560 omnibus*
358 2527 588 2559 monumentis
633 2526 851 2568 perenniora.

146 2577 269 2610 Horat.
284 2578 294 2596 ‘
306 2577 414 2619 Exegi
427 2582 682 2609 mouumentum
693 2586 761 2609 aere
774 2586 853 2618 per-

146 2629 279 2670 ennius,
305 2629 496 2672 Regalique
526 2629 592 2661 situ
625 2628 850 2671 Pyramidum

146 2679 273 2713 altius!
294 2680 412 2712 Barth.

190 2732 232 2762 18
252 2729 332 2762 Sera
344 2730 470 2771 quidem
489 2733 578 2762 tanto
603 2730 739 2763 struitur
753 2729 851 2762 medi-

145 2781 217 2814 eina
228 2780 346 2822 dolori]
368 2780 500 2813 Tritum
517 2781 651 2815 Graecis
663 2781 849 2815 Heroicum

231 2833 349 2878 Delph.
364 2838 395 2868 et
409 2835 486 2869 Vur.
501 2835 588 2870 Clas.

840 2835 928 2868 Scae.

923 605 1098 647 adagium,
1113 605 1231 648 Ἀρχὴν
1247 605 1354 638 ἰᾶσθαι
1374 604 1458 638 πολὺ
1475 604 1579 643 λώϊον,
1593 605 1632 645 ᾖ)

923 655 1087 695 τελευτήν.
1112 658 1291 699 Principiis
1304 658 1403 694 obsta,
1418 659 1471 698 ᾄτ.
1507 658 1550 690 Α.
1572 658 1632 690 Se·

924 716 1014 740 neca
1027 707 1070 739 ad
1087 708 1269 740 Martiam:
1293 708 1304 725 ‘
1318 708 1495 750 Cupissem
1512 708 1631 750 primis

926 757 1140 799 temporibus
1156 758 1198 790 ad
1221 758 1319 790 istam
1343 759 1557 791 curationem
1575 768 1632 791 ac-

926 808 1064 842 cedere.
1119 809 1244 841 Lenire
1272 808 1453 841 medicinas
1483 807 1628 841 fuisset:

925 858 1036 891 oriens
1052 858 1163 891 adhuc
1177 859 1435 901 ‚restinguenda
1450 859 1529 891 mali
1554 859 1604 891 vis
1619 868 1629 891 ε

924 909 1162 942 vehementius
1177 912 1297 941 contra
1320 909 1516 942 inveterata
1543 918 1629 951 pug-

923 959 1073 992 nandum
1089 959 1164 993 est.’
1186 961 1313 994 Mareu.

965 1012 1008 1041 22
1031 1010 1186 1051 Injustos]
1202 1010 1326 1042 Audax
1339 1013 1493 1042 veterum
1509 1009 1631 1051 impie-

924 1063 977 1091 tas
992 1063 1030 1092 et
1048 1060 1216 1102 capitalis.
1260 1060 1511 1101 Quadrigarius
1536 1059 1628 1100 apud

922 1110 1095 1144 Gellium:
1112 1112 1122 1130 ‘
1132 1111 1208 1144 Hoc
1219 1111 1391 1151 maxime,'
1400 1111 1524 1153 inquit,
1534 1111 1544 1128 ‘
1553 1119 1629 1142 cer-

921 1160 1015 1192 nitur
1036 1162 1191 1193 Deorum
1215 1162 1393 1204 iniquitas,
1419 1161 1509 1204 quod
1537 1160 1628 1202 opti·

920 1220 1011 1243 mum
1032 1221 1203 1254 quemque
1228 1222 1295 1244 non
1318 1212 1434 1244 sinunt
1449 1212 1541 1244 inter
1565 1221 1627 1243 nos

921 1262 1136 1303 perennare.’
1181 1263 1217 1295 Is
1238 1263 1434 1295 Christiane
1455 1261 1628 1295 refellitur

919 1321 941 1344 a
971 1312 1088 1354 Lipsio
1118 1313 1160 1344 de
1189 1313 1370 1346 Constant.
1398 1312 1459 1346 lib.
1487 1321 1511 1345 ῐ.
1545 1313 1627 1345 Cru-

917 1372 997 1396 ceus.

961 1417 1004 1446 28
1027 1415 1308 1457 Eumenidumque,
1319 1414 1390 1456 θα]
1412 1414 1557 1446 Etiamsi
1574 1414 1626 1456 ip-

918 1475 973 1498 sos
996 1465 1222 1497 Eumenidum
1249 1475 1376 1505 angues
1391 1466 1530 1506 placare
1546 1475 1625 1507 pos-

917 1519 1009 1548 sent.
1031 1515 1075 1547 de
1101 1520 1110 1534 ‘
1122 1516 1288 1557 anguibus
1302 1515 1311 1530 '
1328 1516 1475 1557 primum
1491 1515 1536 1547 ab
1550 1515 1624 1547 AEs-

916 1565 1016 1607 chylo
1034 1565 1260 1598 Eumenidum
1285 1566 1390 1598 comis
1410 1565 1566 1606 adjectis,
1580 1565 1624 1598 ad

916 1615 1154 1648 Claudianum.
1178 1615 1295 1648 Barth.

957 1669 999 1698 33
1026 1666 1180 1698 Genio-ix
1205 1664 1365 1708 Sipyleia]
1389 1666 1431 1698 In
1455 1665 1530 1698 aliis
1552 1675 1624 1698 om-

914 1717 1012 1749 nibus
1028 1716 1206 1748 codicibus
1219 1717 1369 1757 genetrix
1383 1717 1510 1758 sipellea
1524 1719 1625 1749 extet

914 1767 1058 1800 confuso
1073 1768 1223 1800 carmine
1247 1772 1284 1799 et
1307 1777 1421 1808 sensu,
1444 1771 1483 1798 ut
1499 1776 1542 1798 ex
1559 1766 1622 1798 bac

913 1828 981 1850 una
996 1818 1207 1851 obscuritate
1235 1817 1350 1850 multis
1365 1817 1528 1859 deinceps
1548 1827 1624 1849 car-

913 1868 1060 1900 minibus
1089 1868 1244 1900 tenebrae
1274 1867 1504 1900 oborirentur.
1548 1867 1622 1899 Nos

911 1918 1054 1960 Sipyleia
1068 1918 1323 1950 emendavimus
1340 1928 1349 1949 z
1368 1921 1409 1949 ut
1420 1916 1556 1948 Nioben
1571 1917 1623 1948 in-

912 1970 1049 2011 telligas
1065 1979 1142 2011 quae
1166 1979 1207 2000 ex
1222 1969 1342 2011 Sipylo
1358 1968 1443 2000 urbe
1458 1967 1621 2000 Maeoniae

913 2020 979 2052 fuit
995 2029 1093 2051 versa
1109 2020 1143 2051 in
1159 2029 1277 2051 saxum
1293 2018 1338 2051 ob
1354 2018 1506 2051 dolorem
1522 2018 1623 2050 amis-

912 2079 1025 2102 sorum
1040 2069 1187 2101 filiorum
1204 2069 1314 2109 adhuc
1337 2069 1507 2110 lacrymas
1524 2068 1621 2100 emit-

914 2124 1003 2152 tens.
1037 2118 1121 2152 Cum
1135 2119 1200 2151 hac
1218 2120 1327 2161 prima
1341 2119 1478 2151 mortali
1495 2129 1622 2151 concu-

912 2170 988 2202 buit
1024 2170 1178 2211 Jupiter,
1211 2174 1249 2202 ut
1284 2168 1395 2202 refert
1425 2170 1618 2202 Diodorus:

912 2221 1045 2253 Semele
1062 2221 1193 2253 ultima.
1222 2221 1344 2253 Domit.

952 2274 994 2303 34
1022 2271 1168 2303 Titanida
1189 2270 1306 2312 moesti]
1330 2271 1386 2303 De
1404 2269 1548 2302 Aurorae
1562 2270 1618 2302 'ri-

911 2322 1006 2353 thoni
1029 2321 1184 2362 conjugis
1209 2322 1305 2353 luctu
1328 2321 1372 2353 ob
1398 2322 1618 2354 Memnonem

909 2371 1014 2404 filium
1027 2371 1070 2403 ab
1080 2371 1215 2404 Achille
1227 2382 1367 2411 caesum,
1378 2372 1618 2406 Transforma-

910 2428 965 2454 tor
990 2422 1078 2455 Met.
1105 2430 1191 2454 xur.
1216 2422 1332 2464 poeta,
1353 2424 1539 2456 ‘Luctibus
1563 2429 1619 2456 est

907 2473 1042 2506 intenta
1072 2474 1141 2505 suis
1171 2473 1321 2513 Aurora,
1347 2474 1489 2516 piasque
1514 2474 1618 2507 Nunc

908 2534 1046 2567 quoque
1062 2524 1120 2555 dat
1132 2524 1310 2565 lacrymas,
1328 2530 1362 2557 et
1380 2530 1454 2557 toto
1471 2530 1566 2557 rorat
1582 2526 1618 2557 in

909 2575 1027 2607 0rbe.'
1071 2574 1229 2617 Uterque
1246 2581 1342 2607 vates
1357 2577 1510 2617 leporem
1527 2587 1618 2620 qute-

904 2626 950 2657 rit
966 2626 999 2657 in
1024 2624 1238 2667 παρονομασίᾳ
1268 2625 1395 2657 ‘roris’
1419 2631 1456 2657 et
1482 2626 1618 2658 ‘Auro-

904 2674 976 2707 ra»)
997 2676 1094 2718 quasi
1108 2676 1118 2692 ‘
1132 2686 1186 2707 ros
1202 2674 1316 2715 Eous,’
1335 2675 1477 2708 Aurora·
1493 2676 1538 2708 sit
1554 2675 1615 2709 fle-

905 2732 971 2761 tus.
1016 2727 1247 2760 Philostratus
1260 2727 1294 2758 in
1309 2727 1393 2759 Tab.
1408 2728 1617 2770 Memnonis,

904 2779 986 2811 Ἠὼς
1016 2777 1067 2811 ἐπὶ
1100 2779 1145 2821 τῷ
1180 2778 1265 2811 παιδὶ
1298 2779 1452 2811 πενθοῦσα
1487 2781 1615 2821 κατηφῆ

1461 2837 1479 2865 5
1504 2833 1527 2866 S
1567 2830 1571 2834 ”
