1878 3164
289 218 403 263 1896

288 322 329 364 τῇ
349 323 411 354 τῶν
432 320 587 362 Ῥωμαίων
599 340 601 353 ;
614 333 782 364 πανηγυρει
800 322 994 366 ἐσφέρεσθαι,

289 371 341 404 καὶ
353 372 384 405 ἐς
395 372 435 404 τὸ
443 371 540 413 μέσον
552 375 615 404 τῶν
624 372 784 414 ἀρχόντων
793 376 856 406 τῶν
866 373 994 406 τελούν-

289 435 352 456 των
375 423 454 455 αὐτὰ
482 422 619 455 τίθεσθαι
647 423 804 457 ἐκέλευσε.
849 425 995 457 Marcelli

290 473 491 516 (defunctus
518 474 546 505 is
575 472 666 515 erat)
689 478 721 505 et
741 475 994 514 imaginemiau·

289 535 376 557 ream
390 529 420 556 et
435 535 576 557 coronam
591 534 717 557 auream
731 529 762 557 et
776 527 881 557 sedem
902 535 994 557 curu-

289 578 351 611 lem
367 578 517 609 Romanis
542 578 625 609 ludis
645 578 680 609 in
705 578 862 610 theatrum
883 578 995 616 inferri

281 627 395 667 jussit,
407 628 597 668 mediamque
616 628 703 659 illam
725 628 798 669 poni
814 629 898 660 inter
910 630 996 660 sedes

290 678 455 710 editorum.
491 676 639 709 Consule
656 678 802 709 eundem
818 678 877 710 lib.
892 686 994 710 xmv.

291 726 505 764 Xiphilinum
532 727 674 768 Severo,
702 734 739 760 et
769 732 848 760 ante
878 738 994 761 omnes

294 776 446 815 Livium,
462 777 520 808 lib.
538 786 579 808 ιι.
604 778 703 811 Bern.

334 828 399 858 270
410 826 502 857 Duro
512 827 696 868 Tirynthius
706 827 832 868 ingens]
848 828 996 862 Membr.

292 886 412 916 angens
424 887 435 908 ,·
458 886 534 907 nam
552 883 587 908 et
605 878 653 910 sic
669 878 805 919 proprie
819 878 997 911 interfecit

291 928 591 972 leonemdrpwrou.
618 930 815 971 Apollodor.
838 930 899 962 Καὶ
913 943 997 973 περι-

292 978 354 1011 θεὶς
365 980 424 1017 τὴν
441 981 532 1020 χεῖρα
545 981 591 1020 τῷ
603 979 753 1022 τραχήλῳ
767 979 925 1021 κατέσχεν
938 981 996 1021 ἅγ-

293 1041 373 1071 χων,
389 1028 444 1062 ἕως
459 1029 568 1070 ἔπνιξε.
591 1030 720 1062 Noster
740 1031 799 1062 lib.
817 1040 869 1063 iv.
891 1033 901 1050 ‘
919 1042 995 1063 cum

293 1080 383 1112 colla
407 1080 574 1112 minantia
599 1081 742 1112 monstri
770 1080 938 1122 Angeret,
960 1087 997 1113 et

295 1129 444 1164 tumidos
461 1130 605 1161 animam
622 1135 820 1171 angustaret
835 1133 869 1163 in
882 1131 998 1165 artus.'

294 1179 428 1212 Seneca
460 1179 566 1210 Herc.
596 1179 734 1212 OEtaeo:
769 1180 903 1213 ‘Hisne
932 1191 996 1223 ego

293 1229 434 1261 lacertis
472 1230 562 1261 colla
598 1230 753 1262 Nemeaei
787 1231 866 1262 mali
902 1232 998 1264 Elisa

294 1279 405 1320 pressi
415 1278 438 1311 ?’
462 1280 526 1311 Sic·
545 1280 635 1312 enim
657 1281 726 1321 leg.
751 1290 819 1312 non
845 1281 997 1324 ‘spolia.'

298 1330 436 1362 Gronov.

338 1382 402 1412 274
424 1380 533 1412 Loetus
557 1381 752 1423 arundineoe]
784 1381 922 1422 Duplex
950 1382 998 1413 vi-

296 1431 384 1463 tium
421 1432 576 1463 oblatum
618 1433 696 1463 hnic
735 1433 860 1464 versui.
905 1433 997 1467 Quid

296 1481 385 1512 enim
410 1482 460 1513 ita
483 1482 583 1513 laetus
608 1482 766 1520 Inachus,
782 1492 859 1514 cum
880 1483 998 1515 statim

297 1535 484 1571 sequatur:
508 1531 600 1572 ‘jam
627 1540 733 1571 prona
749 1531 913 1573 dolorque
938 1542 998 1573 pa-

295 1580 432 1613 rentis?
458 1581 550 1613 Dein
577 1582 667 1613 loetus
690 1584 721 1612 et
746 1582 893 1614 recubans
917 1582 999 1615 nihil

294 1639 397 1662 suave
424 1635 534 1663 sonat.
582 1631 686 1672 Lege,
712 1641 778 1673 quo
809 1632 939 1665 ducunt
961 1638 999 1665 et

295 1680 523 1713 membranae:
547 1681 649 1712 Levus
662 1681 841 1713 arundinem
851 1683 1000 1715 recubans

293 1739 386 1770 super
405 1740 521 1770 aggere
535 1731 624 1772 ripoe.
662 1731 764 1763 Levm
781 1732 932 1764 recubam
946 1737 1000 1766 est

295 1779 332 1810 in
349 1780 462 1811 levum
476 1779 585 1811 flexus
611 1780 683 1811 sive
703 1781 885 1813 inclinatus
904 1791 999 1814 recu-

296 1828 394 1861 bans.
438 1829 487 1861 Ut
511 1830 635 1870 Virgil-
657 1830 735 1863 AEn.
756 1840 808 1863 vr.
829 1833 839 1849 ‘
855 1832 1000 1865 adverso

294 1879 463 1912 recubans
486 1880 640 1912 immanis
655 1880 688 1912 in
705 1881 829 1914 antro!
853 1883 928 1915 Lib.
946 1893 1000 1915 1x.

293 1930 303 1948 ‘
322 1934 456 1970 septem
474 1940 616 1971 surgens
640 1931 768 1963 sedatis
784 1932 937 1964 amnibus
952 1933 999 1964 al-

295 1984 353 2012 tus
380 1981 450 2012 Per
486 1981 628 2012 tacitum
663 1981 826 2022 Ganges!
859 1983 933 2015 Lib.
962 1992 999 2016 Χ.

298 2033 308 2048 ¹
326 2039 453 2072 pronus
484 2029 638 2070 pendens
669 2030 702 2063 in
729 2031 899 2063 verbera!
923 2032 998 2064 Lib.

297 2088 351 2113 xl.
386 2080 397 2097 ‘
414 2079 530 2112 sibilat
556 2089 614 2111 ore
639 2078 778 2112 Arduus
803 2082 1002 2123 insurgens’

298 2131 356 2171 Et,
370 2131 379 2148 ‘
399 2131 583 2163 immensus
599 2139 742 2171 surgens
770 2128 849 2163 ferit
871 2132 1002 2165 aetbera

302 2181 451 2214 clamor.'
474 2181 574 2214 Idem.

341 2235 406 2265 279
430 2232 555 2274 Hospes
571 2233 644 2272 jam
669 2236 744 2267 tunc
770 2233 908 2275 Aurora,
931 2236 1000 2278 εγω]

299 2282 381 2315 Hoc
398 2287 464 2323 est,
478 2283 511 2314 hi
528 2283 587 2325 qui
610 2284 642 2315 in
661 2285 795 2316 oriente
821 2290 922 2318 sunt:
947 2296 1003 2318 co·

297 2333 380 2368 litur
396 2337 510 2365 autem
527 2334 560 2365 in
573 2334 736 2375 AEgypto,
748 2334 807 2367 ubi
820 2335 924 2367 etiam
936 2336 1003 2368 Isis

300 2388 456 2415 vocatur.
481 2383 588 2415 Simul
605 2384 792 2416 notandum
809 2386 898 2427 quod
913 2396 1003 2419 com-

298 2434 409 2466 munis
438 2434 572 2475 generis
588 2434 775 2467 declinavit
789 2436 910 2477 hospes,
926 2447 1003 2469 cum

297 2483 481 2524 legerimus
495 2494 503 2516 :
527 2486 538 2503 ‘
553 2484 694 2526 bellum,
717 2495 736 2517 ο
752 2490 843 2518 terra
857 2487 1005 2530 hospita,

303 2533 451 2575 portas.’
471 2534 621 2566 Laetam.

322 2592 325 2593 ⁷
342 2586 406 2615 280
431 2584 627 2616 Fallentibus
640 2585 749 2627 undis]
774 2586 851 2619 Hoc
867 2592 934 2629 est,
950 2598 1004 2620 re-

300 2632 369 2675 gali
394 2633 526 2673 habitu,
549 2638 586 2666 et
612 2634 647 2666 in
674 2636 815 2667 meliore
840 2636 1001 2670 fortuna:

299 2682 335 2716 id
352 2687 419 2725 est,
435 2683 543 2725 qualis
565 2683 679 2716 fuerat
702 2690 886 2728 antequam
908 2688 1004 2729 Deos

300 2732 504 2767 offenderet.
529 2734 629 2767 Idem.

343 2787 405 2819 281
429 2783 577 2817 Sterilem
598 2784 698 2827 rapit]
720 2785 764 2819 Id
789 2790 855 2828 est,
871 2787 930 2830 qui
952 2786 1006 2819 fu·

759 230 902 262 NOTAE
936 230 1201 262 vAluoRUM
1233 231 1286 263 IN

1044 323 1219 364 gientibus
1245 322 1355 364 pomis
1380 332 1524 356 vacuum
1547 322 1639 365 rapit
1655 322 1765 363 affirm,

1046 373 1139 415 Ergo
1153 374 1234 406 liic‘
1251 372 1392 405 silvam’
1409 373 1523 415 posuit
1539 383 1607 416 pro
1617 372 1746 407 arbori·

1043 423 1119 456 bus.
1143 425 1243 456 Idem.
1721 433 1736 449 ·

1087 477 1150 506 283
1177 474 1290 506 Tendit
1301 475 1369 505 lora
1383 473 1511 515 Pelops]
1534 474 1633 514 Virg.
1653 473 1750 506 ‘Hu-

1044 534 1208 566 meroque
1224 525 1352 565 Pelops
1375 525 1514 566 insignis
1537 523 1689 557 eburno!
1713 523 1746 556 A

1048 575 1213 615 Neptuno
1240 575 1329 606 enim
1356 578 1494 615 aptatus
1509 574 1620 606 curuli
1638 578 1749 607 certa-

1044 625 1136 656 mine
1159 633 1265 665 equos
1281 630 1475 665 acceperat,
1489 633 1747 666 quoi-umentem

1046 684 1162 706 omnes
1175 675 1336 713 anteiret,
1352 675 1462 715 ipsum
1479 684 1616 716 quoque
1643 675 1749 708 (Βησ-

1045 735 1157 757 manm
1186 725 1372 766 superavit,
1399 726 1479 767 quia
1501 726 1644 768 Myrtilo
1667 735 1749 768 sup.-

1045 776 1157 817 posito
1173 786 1238 807 axe
1254 785 1355 807 cereo
1367 780 1548 817 superatus
1559 781 1613 809 est
1625 776 1670 808 ab
1681 775 1749 809 hin.

1045 825 1147 858 Unde
1177 826 1303 859 Horat.
1346 825 1748 868 ‘Myrthoumpavidm

1046 881 1152 908 nauta
1187 881 1284 909 secet
1322 876 1440 908 mare!
1483 876 1626 910 Dicitur
1655 876 1746 909 enim

1045 926 1232 968 praedietus
1259 927 1384 968 auriga
1395 926 1630 969 praeeipitatus
1645 936 1667 959 a
1681 926 1749 960 Pe·

1045 980 1173 1021 lopein
1190 989 1294 1011 mare.
1317 979 1415 1012 Idem.
1734 994 1740 1005 ν

1089 1034 1153 1063 286
1188 1031 1348 1072 Choroebi]
1379 1030 1447 1063 Hic
1477 1033 1530 1062 est
1557 1029 1747 1063 Choroebus

1047 1081 1105 1122 qui
1119 1086 1307 1112 monstrum
1323 1080 1492 1122 Apollinis
1511 1079 1700 1120 interemit,
1711 1084 1750 1112 et

1047 1139 1110 1171 pro
1134 1130 1290 1161 omnibus
1316 1139 1353 1161 se
1376 1129 1526 1161 devovit.
1569 1128 1658 1162 Ideo.
1674 1129 1748 1161 fier»

1045 1180 1153 1216 reuda,
1165 1179 1198 1211 id
1216 1184 1270 1211 est
1283 1178 1498 1220 venerabilis,
1510 1183 1568 1211 sut
1579 1179 1748 1219 horrenda,

1047 1230 1161 1271 specie
1177 1230 1337 1267 terribili,
1353 1231 1449 1272 quasi
1465 1234 1686 1271 contemptor
1694 1230 1749 1263 .-vi

1048 1283 1093 1311 tae
1111 1279 1309 1321 mortisque.
1334 1280 1433 1312 Idem.

1089 1332 1153 1361 287
1191 1329 1306 1361 Danae'
1334 1331 1459 1371 culpata
1487 1330 1591 1372 sinus]
1620 1330 1747 1364 Danae

1047 1378 1185 1420 Acrysii
1210 1378 1306 1411 filia:
1336 1381 1408 1412 haec
1439 1391 1515 1413 cum
1544 1391 1564 1413 a
1591 1381 1748 1424 patreob

1048 1429 1308 1463 custodiendam
1348 1431 1577 1472 virginitatem
1622 1432 1750 1465 arctius

1047 1484 1253 1520 servaretur,
1267 1480 1396 1512 dicitur
1410 1481 1482 1522 ejus
1498 1481 1612 1523 speeie
1627 1485 1750 1523 captus

1047 1531 1186 1573 Jupiter
1208 1541 1283 1563 sese
1307 1532 1342 1563 in
1364 1532 1508 1564 imbrem
1533 1542 1672 1565 aureum
1688 1532 1751 1571 de-

1048 1587 1212 1622 mutasse,
1225 1587 1262 1613 et
1288 1582 1338 1614 ita
1353 1582 1386 1613 in
1405 1582 1540 1615 modum
1551 1600 1553 1604 ·
1565 1583 1688 1625 pluvia
1704 1583 1751 1616 si-

1048 1642 1127 1664 num
1159 1631 1299 1664 Danaes
1338 1637 1544 1673 penetrasse.
1584 1633 1751 1676 .Ex..qn'a

1049 1682 1289 1723 conjunctione
1299 1682 1436 1723 Jupiter
1445 1683 1608 1716 Perseum
1618 1682 1729 1716 edidit
1737 1694 1748 1716 z

1048 1733 1139 1764 uude
1165 1732 1354 1764 Horatius:
1387 1733 1397 1750 ⁴
1414 1732 1450 1765 Si
1473 1742 1539 1765 non
1565 1732 1749 1775 Aorysium

1050 1783 1189 1824 virginis
1218 1783 1343 1815 abditae
1374 1783 1561 1816 Custodem
1590 1783 1750 1825 pavidum

1049 1833 1188 1874 Jupiter
1203 1838 1238 1864 et
1257 1833 1376 1865 Venus
1393 1833 1583 1866 Risissent.'
1605 1832 1706 1866 Idem.

1092 1886 1156 1915 288
1182 1883 1296 1914 Tristis
1308 1883 1491 1924 Amymone]
1513 1884 1620 1916 Belus
1635 1883 1750 1916 Densi

1051 1937 1164 1975 pater,
1196 1934 1338 1966 Danaus
1373 1933 1590 1975 Amymones.
1643 1933 1750 1974 Amy-

1050 1993 1151 2016 mone
1181 1993 1201 2015 ει
1230 1983 1395 2024 Neptuno
1423 1993 1620 2024 compresse¹
1656 1984 1750 2016 Nau-

1051 2034 1155 2075 plium
1184 2034 1370 2074 generavit,
1394 2033 1564 2074 Nauplius
1590 2033 1752 2066 Palame-

1051 2085 1150 2122 dem:
1185 2084 1275 2116 unde
1306 2084 1402 2125 Virg.
1437 2083 1598 2116 ‘Belidae
1627 2093 1750 2117 nomen

1050 2134 1266 2167 Palamedis?
1288 2135 1390 2167 Idem.

1093 2189 1157 2218 289
1191 2185 1376 2226 Tergemina
1399 2186 1516 2218 crinem
1543 2186 1751 2227 circumdata]

1052 2236 1196 2278 Lepide,
1212 2237 1290 2278 qnia
1305 2236 1413 2268 tribus
1437 2236 1597 2268 noctibus
1614 2236 1749 2268 Hercu-

1050 2287 1101 2318 les
1117 2291 1226 2318 satus:
1245 2295 1307 2317 nec
1324 2290 1358 2317 te
1376 2285 1492 2317 turbet
1504 2286 1592 2327 qnod
1605 2285 1752 2326 tergemi-

1050 2347 1092 2369 na
1108 2332 1212 2376 dicat,
1227 2345 1304 2367 nam
1319 2336 1330 2354 ‘
1344 2336 1527 2376 tergemini
1540 2336 1549 2351 ’
1562 2346 1628 2369 non
1643 2336 1752 2369 'sex’

1052 2391 1111 2419 aut
1125 2387 1134 2404 ‘
1153 2385 1244 2418 seni'
1262 2385 1447 2425 veteribus,
1472 2385 1531 2417 sed
1553 2386 1563 2404 ‘
1583 2391 1654 2418 tres
1667 2385 1677 2400 ’
1690 2390 1751 2419 ant

1049 2438 1059 2456 ‘
1075 2436 1190 2470 terni!
1210 2437 1364 2469 Catullus
1392 2437 1436 2468 de
1464 2437 1640 2470 Cerbero:
1657 2438 1667 2456 ‘
1685 2438 1751 2470 Cui

1052 2494 1122 2521 tres
1137 2493 1215 2520 sunt
1234 2488 1358 2528 linguae
1385 2488 1679 2530 tergeminumque
1695 2498 1751 2520 ca-

1052 2538 1137 2581 put!
1165 2538 1331 2578 Papinius
1360 2537 1419 2570 lib.
1450 2547 1532 2571 vin.
1569 2539 1580 2556 4
1608 2543 1751 2581 atraque

1052 2589 1135 2621 ditis
1163 2587 1330 2627 Fulmina,
1359 2588 1634 2630 tergeminosque
1671 2589 1751 2621 mali

1053 2637 1205 2671 custodis
1220 2636 1355 2669 hiatus!
1398 2638 1559 2679 Virgilius
1576 2639 1618 2671 de
1634 2639 1728 2671 Luna
1742 2650 1753 2672 z

1053 2687 1382 2729 ‘'ren-geminamque
1409 2688 1580 2730 Hecaten,
1593 2689 1658 2722 tria
1683 2689 1751 2722 vir.

1053 2737 1139 2779 ginis
1167 2747 1226 2769 ora
1265 2736 1411 2770 Dianae.’
1456 2738 1540 2770 Cum
1576 2739 1671 2772 Luna
1705 2739 1753 2772 sit

1054 2786 1145 2829 apud
1157 2788 1320 2830 Superos,
1330 2788 1466 2821 Hecate
1478 2790 1533 2822 vel
1544 2789 1753 2832 Proserpina
