1878 3164
274 216 388 259 1880

277 330 356 353 cam
375 319 548 361 regionem
571 321 725 362 expulit;
750 322 795 353 ibi
820 331 838 353 a
862 326 977 353 monte

278 370 350 411 ejus
393 370 629 402 Marathonius
675 371 868 412 appellatus
913 376 976 404 est.

279 430 379 462 quem
419 426 537 461 postea
569 421 720 452 Theseus
752 421 849 462 AEgei
889 421 976 453 filius

276 470 460 510 interemit,
475 481 541 512 quo
555 469 648 502 facto
666 475 811 503 aeternos
826 472 891 503 sibi
907 474 978 513 glo·

277 523 338 555 riae
365 522 483 555 titulos
508 522 730 564 comparavit.
776 524 977 564 Marathone]

279 574 463 606 Marathon
480 574 611 615 civitas,
625 574 658 605 in
673 584 740 616 qua
752 575 901 607 Theseus
917 585 976 607 nu·

278 624 381 656 tritus
398 628 463 663 est,
477 634 577 665 quam
601 634 676 655 cnm
698 625 814 656 Persae
839 626 977 657 invasis-

278 678 366 712 sent,
381 673 422 705 ab
438 672 718 713 Atheniensibus,
731 675 861 706 Theseo
877 674 977 715 duce,

279 723 376 755 caede
416 732 613 763 magnorum
655 724 801 755 virorum
843 724 978 757 liberati

278 777 378 804 sunt:
403 772 492 803 unde
516 771 645 804 factum
674 778 725 804 est
748 777 785 804 ut
809 774 859 805 ita
875 773 979 806 Athe·

277 823 410 854 nienses
420 823 549 864 jurent,
565 824 575 841 ‘
589 824 697 855 Marti
710 829 746 856 et
761 825 980 856 Marathoni.’

278 873 378 905 Idem.

321 926 385 955 432
411 924 556 963 Pignora
572 924 710 966 fratres]
736 926 835 958 Cales
856 931 889 957 et
912 926 976 958 Ze-

278 973 496 1012 thes,Boreae
509 978 545 1006 et
555 974 720 1015 Orithyiae
734 975 806 1007 filii.
817 975 977 1014 fabulam,

277 1033 377 1065 quain
405 1022 515 1055 Poeta
544 1025 598 1055 hic
621 1025 741 1066 tangit,
773 1026 841 1056 late
867 1026 975 1066 expli-

278 1078 359 1105 cant
375 1073 576 1115 Apollonius
602 1075 661 1107 lib.
689 1085 728 1106 ιι.
755 1080 790 1107 et
819 1076 975 1107 Valerius

278 1124 420 1156 Flaccus
437 1125 495 1156 lib.
511 1134 562 1156 ιν.
589 1125 714 1166 Argon.
741 1126 826 1157 Vide
842 1131 877 1157 et
895 1127 976 1158 Pin-

278 1174 397 1205 darum
416 1175 561 1216 Pytliiis.
589 1175 741 1208 Bernart.

320 1227 384 1256 434
412 1226 483 1256 Non
504 1225 705 1268 indignante]
734 1228 827 1259 Bene
848 1238 906 1259 non
928 1228 975 1259 in-

277 1274 427 1314 dignante
436 1286 449 1313 ;
465 1275 544 1317 quia
556 1276 695 1308 Admeti
710 1287 813 1318 pecus
823 1284 975 1318 paverat.

276 1330 312 1356 et
327 1326 500 1367 obsequiis
513 1326 588 1366 ejus
610 1327 785 1367 emeritus,
808 1328 840 1359 ei
865 1333 977 1360 tamen

276 1374 427 1414 favebat,
453 1374 543 1416 apud
568 1385 666 1417 quem
693 1386 811 1417 passus
839 1377 976 1410 videba-

277 1430 332 1456 tur
345 1425 521 1466 injuriam:
547 1426 732 1467 quiajuxta
751 1427 976 1468 Amphrysum

275 1474 414 1506 fluvium
452 1475 547 1516 pavit
585 1485 702 1516 pecus.
746 1470 847 1507 Unde
879 1477 974 1518 Virg.

276 1525 285 1542 ‘
303 1525 349 1556 Et
366 1530 399 1556 te
425 1525 644 1556 memorande
668 1534 826 1557 canemus
853 1525 976 1558 Pastor

277 1575 320 1607 ab
337 1575 555 1616 Amphryso!
579 1576 658 1617 quia
674 1574 896 1609 fabricatores
913 1575 976 1608 ful-

276 1625 374 1657 minis
403 1626 530 1667 sagitta
558 1632 788 1666 percusserat,
820 1627 975 1668 quoniam

276 1675 491 1716 AEscutapius
508 1674 678 1716 Apollinis
692 1674 779 1707 filins
793 1675 903 1708 fuerat
914 1675 977 1708 ful-

276 1725 434 1757 minatus.
473 1725 610 1766 Rogatu
632 1725 719 1756 enim
745 1725 865 1757 Dianoe
891 1726 978 1768 Hip.

274 1775 428 1816 polytum
446 1774 489 1806 ad
506 1784 604 1806 auras
621 1784 760 1816 superas
773 1781 952 1807 revocarat
967 1787 974 1807 :

274 1825 365 1856 unde
381 1825 475 1865 Virg.
499 1825 508 1842 ‘
526 1825 675 1857 Paeoniis
690 1832 885 1858 revocatum
901 1827 975 1859 ber-

274 1874 326 1906 bis
344 1879 380 1907 et
395 1884 510 1907 amore
525 1874 674 1907 Dianae!
696 1876 794 1908 Idem.

317 1926 620 1966 eso-Generumque
658 1925 794 1966 Nereos]
832 1926 975 1959 Peleum

275 1975 461 2017 significat,
476 1976 533 2018 qui
547 1975 724 2008 Thetidem
749 1976 855 2008 Nerei
872 1976 975 2008 filiam

276 2025 374 2057 duxit
384 2035 537 2067 uxorem,
549 2026 690 2058 Achillis
702 2031 856 2059 matrem.
879 2027 976 2059 Idem.

316 2080 381 2109 439
406 2076 578 2117 OEbalidoe]
619 2076 660 2108 Id
691 2081 756 2117 est,
789 2078 912 2109 Castor
940 2083 977 2109 et

268 2128 414 2167 Pollux,
433 2127 490 2169 qui
507 2127 667 2169 Spartani
683 2126 786 2159 fuisse
801 2127 975 2166 dicuntur,

276 2178 355 2219 quia
371 2178 505 2210 OEbalia
523 2178 602 2209 urbs
618 2179 748 2218 Spartae
766 2184 830 2210 est.
857 2178 975 2219 Ardet]

274 2227 451 2269 Splendet.
487 2228 608 2268 Vin-gil.
651 2227 852 2269 ‘Tyrioque
877 2227 975 2259 arde-

274 2279 333 2311 bat
350 2278 479 2310 murice
495 2277 605 2310 laenass
629 2278 725 2309 Idem.

274 2351 277 2354 -
317 2331 379 2360 443
406 2329 508 2360 Cursu
531 2332 617 2360 tener
638 2331 742 2369 aequat
757 2327 875 2369 Hylas]
897 2328 975 2359 Vir·

274 2379 391 2420 gilium
415 2379 567 2410 imitatus
595 2378 658 2411 hoc
686 2379 761 2410 loco
789 2378 892 2419 poeta
914 2383 977 2420 est,

273 2429 436 2461 dicendo:
467 2430 478 2447 ‘
494 2429 724 2471 Sequiturque
748 2435 880 2470 patrem
908 2438 975 2460 non

264 2478 431 2520 passibus
453 2478 585 2520 aequis.'
624 2478 793 2510 Hercules
817 2487 894 2509 cum
919 2487 974 2509 ac-

274 2530 436 2561 cessisset
461 2538 575 2561 comes
599 2528 821 2570 Argonautis,
847 2528 974 2569 Hylam

273 2578 528 2610 Thiodamantis
544 2577 650 2609 filium
667 2587 782 2609 secum
801 2577 899 2609 duxit
921 2587 974 2609 ar-

274 2630 452 2670 migerum,
479 2628 687 2660 admirandae
715 2627 975 2669 pulchritudinis

267 2681 444 2721 juvenem,
459 2679 515 2720 qui
531 2688 659 2710 remum
687 2678 794 2719 fregit
818 2679 853 2710 in
876 2680 974 2719 mari,

274 2739 351 2761 cum
369 2739 430 2770 pro
455 2729 523 2761 suis
547 2729 692 2769 remigat
712 2728 854 2769 viribus,
879 2729 974 2770 anus

274 2779 458 2821 reparandi
481 2778 588 2820 gratia
610 2778 756 2820 Mysiam
779 2783 901 2820 petens
916 2779 972 2811 sil-

734 227 876 258 NOTAE
909 227 1174 260 VAmoRUM
1209 229 1259 260 m

1030 332 1104 353 vam
1129 322 1241 354 fertur
1268 322 1450 364 ingressus.
1493 323 1604 365 Hylas
1633 332 1727 364 vem

1029 381 1105 403 cum
1122 378 1280 414 aquatum
1294 373 1514 415 perrexisset,
1525 378 1727 415 conspeetu

1027 432 1047 453 a
1074 423 1243 465 Nymphis
1274 429 1393 465 raptus
1422 428 1488 464 est,
1508 433 1616 466 ¹quern
1646 424 1726 456 dum

1029 472 1202 504 Hercules
1224 474 1357 515 quaerit,
1381 474 1523 506 relictus
1543 472 1728 516 aerrgo·

1029 523 1141 553 nautis
1171 522 1203 554 in
1242 523 1354 565 Mysia
1382 528 1452 556 est.
1498 523 1598 556 Unde
1627 524 1725 566 virgi

1027 575 1037 590 ‘
1057 573 1180 615 Nautas
1205 583 1271 616 qno
1295 573 1390 606 fonte
1407 574 1563 606 relictum
1579 574 1727 607 Clamas,-

1029 628 1118 664 sent‚
1133 628 1170 655 nt
1185 624 1282 655 littus
1306 624 1410 666 Hyla,
1434 624 1541 666 Hyla,
1561 633 1661 656 omne
1674 633 1728 656 so·

1029 673 1150 705 naret!
1176 674 1272 706 Idem.
1316 673 1448 706 Lernaea
1475 673 1552 716 tela]
1574 674 1726 715 sagittas

1030 723 1149 753 Lernae
1184 732 1313 755 veneno
1351 723 1522 757 infectas..
1569 723 1726 766 Hydram

1030 774 1206 804 Lernaeam
1222 773 1398 815 Typhonis
1420 774 1523 807 filiam
1541 784 1620 807 cum
1633 774 1726 816 capi-

1030 822 1120 855 tibus
1136 833 1256 855 novem
1274 824 1315 856 ad
1335 823 1464 857 fontem
1481 825 1661 859 bei-neum
1675 826 1726 858 in-

1027 871 1180 904 terfecit.
1226 873 1315 905 Haec
1347 879 1475 906 tautam
1509 875 1728 908 vimaeeueni

1028 922 1160 962 habuit,
1174 926 1212 954 ut
1227 921 1342 955 afflatu
1356 924 1507 956 homines
1521 930 1674 967 necaret,
1689 929 1726 958 et:

1028 973 1054 1004 si
1078 973 1152 1014 quis
1178 983 1251 1005 eam
1274 974 1728 1016 dormientem.transieratx,

1029 1024 1176 1065 vestigia
1197 1025 1272 1065 ejus
1294 1024 1446 1064 afflabat,
1470 1029 1506 1058 et
1531 1026 1725 1059 malo-cnm

1027 1076 1179 1106 cruciatu
1213 1075 1435 1108 moriebatur.
1477 1075 1565 1108 Vide
1584 1075 1726 1118 plurib.

1028 1124 1145 1165 Higin.
1162 1125 1290 1156 Fabula
1303 1127 1356 1157 30.

1027 1195 1031 1197 μ
1070 1177 1133 1206 445
1161 1175 1278 1206 Tacitis
1303 1172 1397 1207 cofda
1431 1185 1541 1216 aspera
1562 1175 1724 1218 flammis]

1029 1225 1207 1257 Occultis:
1244 1230 1282 1257 ut
1310 1225 1432 1267 Virgil-
1473 1226 1484 1244 ‘
1509 1227 1555 1258 Et
1585 1227 1726 1260 tacitum

1028 1275 1113 1306 vivit
1138 1274 1201 1307 snb
1229 1280 1369 1316 pectore
1399 1275 1650 1317 vulnus.’1ta‚
1675 1276 1726 1310 in,-

1027 1325 1115 1366 quit,
1134 1325 1335 1357 Lemniades
1352 1325 1545 1366 conjugalia
1561 1326 1644 1367 jura
1666 1325 1724 1359 de,-

1024 1374 1212 1411 sciverant,
1227 1379 1262 1406 et
1279 1375 1408 1407 idcirco
1429 1375 1726 1418 Argoammisjuu-

1028 1429 1165 1465 guntur,
1189 1428 1226 1456 ut
1250 1435 1326 1456 cum
1352 1425 1447 1457 abire
1470 1425 1725 1467 coeperintAn-

1029 1479 1200 1515 gonautae‚
1232 1475 1343 1507 denuo
1370 1485 1446 1507 suas
1474 1475 1601 1508 relictis
1630 1475 1725 1508 Lem-

1029 1524 1184 1556 niadibus
1199 1525 1379 1557 videantur
1393 1525 1532 1567 injurias
1542 1525 1724 1560 vindicare.

1026 1573 1175 1607 Laetum.

1070 1627 1135 1656 446
1158 1625 1262 1665 Regia
1280 1626 1380 1668 duno]
1402 1626 1506 1667 Juno,
1533 1627 1655 1670 inquit,
1674 1627 1725 1661 fe-

1028 1675 1076 1707 cit
1102 1675 1199 1707 nobis
1237 1682 1384 1708 mentem
1422 1677 1614 1718 benignam,
1643 1678 1725 1720 quia

1029 1725 1235 1766 Argonautis
1245 1727 1383 1759 favebat
1395 1732 1537 1769 propter
1550 1727 1724 1769 Jasmsem,

1028 1777 1083 1818 qui
1099 1787 1174 1808 eum
1190 1776 1329 1816 fluvium
1351 1779 1582 1820 transjecerat
1594 1788 1670 1814 cum
1687 1788 1726 1812 se

1028 1825 1062 1857 in
1088 1835 1188 1858 anum
1212 1827 1268 1859 illa
1284 1828 1457 1865 similare-t,
1480 1833 1518 1861 ut
1532 1837 1650 1862 eorum
1665 1838 1725 1864 eu,-

1027 1875 1236 1917 pientissime
1251 1877 1405 1909 thalamis
1417 1878 1636 1920 jungeretur.
1679 1879 1726 1911 Et

1026 1927 1104 1959 ideo
1119 1927 1173 1960 hic
1187 1927 1357 1960 Junonem
1381 1929 1471 1960 viros
1492 1928 1619 1967 nitidos
1640 1926 1725 1970 effer

1027 1977 1115 2009 cisse
1130 1977 1318 2018 subjunxit,
1333 1982 1373 2010 ut
1393 1979 1532 2019 nuptiis,
1547 1987 1615 2010 non
1629 1978 1724 2011 adul—

1029 2027 1128 2069 terio,
1151 2026 1179 2058 si
1204 2027 1267 2059 hoc
1284 2028 1398 2059 Venus
1420 2027 1584 2068 efficeret,
1605 2028 1722 2106 placu-

1027 2076 1145 2109 issent.
1168 2077 1266 2108 Idem.

1071 2130 1134 2160 453
1157 2127 1345 2159 Excusubile
1364 2127 1477 2168 culpae]
1499 2127 1620 2159 Fatum
1646 2137 1723 2160 nos·

1029 2181 1092 2209 trae
1115 2178 1240 2218 culpae,
1264 2177 1352 2218 quod
1374 2177 1463 2208 viros
1479 2177 1724 2218 occideremus.

1027 2227 1155 2258 Minuit
1170 2236 1253 2267 ergo
1270 2227 1393 2259 amonis
1403 2227 1563 2266 invidiam
1579 2237 1656 2261 eum
1673 2228 1722 2259 di-

1027 2277 1075 2309 cit
1090 2277 1210 2317 culpae.
1233 2277 1330 2311 Idem.

1067 2329 1132 2358 456
1153 2327 1297 2358 Blandus
1339 2326 1448 2367 Iason]
1496 2326 1722 2360 Subaudimus

1025 2377 1035 2394 ‘
1052 2376 1149 2408 erat!
1192 2377 1299 2409 Jason
1330 2376 1473 2409 blandus
1501 2378 1582 2409 dare
1611 2379 1723 2410 vincla

1026 2427 1215 2468 virginibus
1240 2428 1348 2468 novis,
1369 2427 1403 2458 id
1429 2433 1494 2467 est,
1518 2428 1576 2469 qui
1602 2429 1722 2460 solitus

1026 2480 1071 2511 sit
1082 2485 1214 2511 mutare
1228 2480 1388 2521 conjugia
1400 2490 1409 2511 ι
1421 2480 1499 2512 huic
1512 2490 1586 2512 sese
1600 2485 1722 2521 postea

1026 2529 1157 2561 addixit
1181 2530 1329 2561 Medea:
1360 2530 1463 2561 tertio
1485 2530 1642 2574 Glaucen
1668 2532 1721 2563 vel

1027 2589 1166 2612 uxorem
1183 2580 1300 2611 babuit
1315 2580 1368 2611 vel
1383 2580 1524 2614 dimisit.
1545 2581 1646 2615 Idem.
1701 2610 1709 2617 ,

1067 2632 1131 2662 458
1157 2629 1288 2670 Phasin]
1327 2629 1477 2670 Fluvius,
1512 2640 1612 2672 quem
1641 2631 1721 2664 ideo

1025 2683 1203 2712 cruentum
1229 2678 1327 2718 dicit,
1350 2679 1439 2721 quod
1461 2689 1524 2720 per
1546 2690 1623 2712 eum
1646 2682 1721 2714 Me-

1024 2729 1090 2761 dea
1103 2727 1236 2769 fugiens
1254 2734 1384 2769 patrem
1410 2729 1645 2772 insequentem
1670 2733 1720 2764 in·

1024 2778 1187 2819 terempti
1210 2778 1336 2811 dicitur
1350 2778 1464 2812 fratris
1485 2781 1636 2825 membra
1645 2782 1722 2824 jec-
