1878 3164
324 242 440 286 1874

326 355 433 389 pecus
450 345 540 388 qnod
555 345 611 377 hic
630 345 700 376 vult
723 345 818 376 Deus
843 344 908 376 sibi
938 353 1028 375 mac-

325 397 405 438 tari,
418 397 503 428 alins
519 406 585 428 non
599 396 692 427 vult:
716 400 755 426 ut
767 395 896 434 Venus,
920 394 1028 426 ‘haud

325 449 482 491 equidem
519 448 582 480 tali
618 457 672 479 me
715 446 836 487 dignor
875 445 1029 478 honore.’

325 499 428 531 Idem.

368 551 432 580 160
459 549 502 579 Et
531 546 697 587 mirantia]
720 546 764 578 Id
793 550 859 586 est,
883 546 1027 578 admira-

325 598 418 630 tione
434 598 559 639 digna:
588 603 624 629 et
652 607 729 638 quae
760 596 824 628 nisi
855 606 876 628 a
901 596 1028 628 talibus

323 649 490 681 matribus
510 647 631 679 violari
646 646 738 678 ferro
754 647 864 678 nullus
880 646 1027 679 videret.

325 698 423 730 Idem.

368 751 431 780 162
453 747 615 788 Sanguine
625 746 710 788 vivo]
732 746 881 778 Recenti
898 747 954 778 vel
968 746 1026 778 ad—

323 798 391 829 liuc
408 797 547 838 tepido;
569 801 629 828 aut
642 801 738 828 certe
749 805 816 837 quo
829 796 896 827 vita
911 795 1026 827 firma-

324 853 392 879 tur.
436 848 530 889 Ergo
546 857 621 879 cnm
635 847 743 878 adhuc
757 855 821 877 non
835 851 926 878 esset
941 856 1026 887 puer

324 901 514 929 emortuus.
559 896 754 928 Ostendere
781 896 897 927 volens
924 896 1027 936 poeta

321 946 446 980 furoris
475 948 653 987 insaniam,
685 947 740 978 vix
776 956 883 987 passae
920 947 1026 978 emori

323 997 411 1029 filios
437 997 470 1029 in
487 997 649 1039 sanguine
665 997 818 1029 semivivi
834 996 1026 1038 conjurant.

324 1048 424 1080 Idem.

329 1116 334 1122 -
367 1101 428 1130 175
449 1091 559 1138 Niger
569 1097 709 1130 omnibus
733 1097 813 1138 aris]
843 1097 912 1129 Hic
935 1097 1025 1129 enim

323 1149 417 1189 color
453 1149 614 1180 convenit
650 1148 834 1180 morituris.
901 1148 1022 1189 virgil.

323 1198 401 1239 quia
417 1198 510 1230 Dido
528 1203 602 1230 erat
619 1199 695 1239 q'uae
711 1196 915 1229 sacrificium
938 1196 1022 1229 faci-

322 1248 415 1288 ebat,
430 1248 489 1289 ait,
514 1248 658 1280 ‘latices
672 1248 866 1288 nigrescere
888 1247 1020 1280 sacros?

324 1299 424 1331 Idem.

368 1352 429 1381 178
458 1349 590 1382 Versum
613 1348 747 1388 aetheru]
782 1347 890 1380 Juxta
921 1349 1022 1380 ratio-

323 1408 414 1439 nem,
430 1409 498 1441 qua
528 1399 707 1439 antipodes
733 1397 901 1430 feruntur.
944 1399 1022 1429 Vir-

322 1450 381 1490 gil.
407 1453 416 1467 ‘
428 1449 570 1490 Nosque
585 1448 643 1479 nbi
660 1446 895 1488 primnsfequis
910 1447 1022 1479 oriens

323 1498 451 1531 afflavit
469 1498 612 1539 anhelis,
632 1497 710 1529 Illic
726 1506 803 1528 sera
829 1497 951 1528 rubens
966 1507 1021 1529 ac-

323 1549 443 1581 cendit
471 1548 599 1580 lumina
625 1546 770 1588 vesper.'
816 1547 906 1587 Ergo
937 1547 1020 1579 ordo

322 1599 402 1631 talis
426 1604 497 1630 est:
548 1599 594 1629 Et
621 1607 755 1629 versum
787 1598 917 1629 aethera
948 1598 1022 1630 miti

322 1658 407 1680 cura
422 1648 596 1680 sustinuit.
646 1647 778 1679 Versum
796 1648 928 1688 oetlzera,
943 1649 1022 1690 quia

319 1707 389 1732 nox
405 1709 424 1730 a
439 1698 638 1740 quibusdam
654 1698 728 1729 axis
737 1697 954 1728 conversione
969 1697 1020 1730 fit.

321 1748 372 1779 Ut
400 1748 500 1788 Virg.
527 1749 705 1779 ‘Vertitur
731 1748 864 1779 interea
886 1748 1022 1787 caelum,

321 1802 357 1829 et
373 1798 439 1828 ruit
456 1798 596 1830 Oceano
609 1796 701 1829 nox'.²
716 1798 814 1829 Idem.
836 1798 917 1829 Miti
929 1798 1019 1839 cura]

322 1847 479 1887 Benigna
493 1854 608 1879 menie
619 1848 711 1879 diem
724 1847 886 1887 tardavit,
903 1851 1020 1879 etcur-

319 1907 374 1929 sus
395 1898 498 1939 ae'ris,
513 1909 580 1940 quo
606 1898 745 1939 Jupiter
761 1898 867 1930 solem
892 1899 1018 1930 retine-

318 1954 386 1990 ret,
409 1951 577 1991 longiores
604 1950 702 1990 fecit,
726 1950 938 1982 imminentia
960 1961 1018 1982 cu-

319 2000 418 2041 piens
434 2000 575 2033 nefariae
603 2001 713 2032 noctis
737 1999 832 2032 facta
855 2000 1019 2034 tardasse.

320 2050 419 2082 Idem.

319 2114 321 2117 ⁴
363 2102 424 2132 183
447 2101 542 2133 Latet
570 2101 681 2133 obruta
709 2101 780 2131 coelo
803 2100 951 2141 Lemnos]
975 2101 1016 2133 Id

318 2155 385 2190 est,
406 2151 483 2182 cuni
507 2151 607 2182 astris
624 2150 855 2182 relucentibus
877 2151 951 2182 aliae
968 2151 1017 2182 in-

317 2200 400 2231 sulae
416 2205 652 2241 cernerentur,
674 2200 887 2232 immanitate
910 2200 1017 2232 futuri

316 2250 457 2282 sceleris
474 2251 595 2282 obruta
618 2251 691 2282 sola
717 2252 861 2282 Lemnos
876 2251 1016 2283 latebat.

317 2300 416 2332 Idem.

361 2351 424 2380 186
444 2350 520 2381 Jam
533 2349 688 2390 domibus]
698 2348 880 2390 Omnibus,
891 2349 1017 2391 inquit,

310 2399 383 2440 jam
397 2399 552 2431 domibus
563 2400 793 2432 recubum-ant
810 2400 939 2431 Lemnii
953 2400 1016 2431 viri

317 2449 362 2480 ad
377 2451 495 2490 epulas
511 2454 548 2481 et
561 2449 830 2482 convivabantur
846 2449 887 2480 de
912 2460 1015 2482 caesa·

315 2508 389 2530 rum
412 2500 557 2531 hostium
581 2500 750 2531 carnibus.
795 2499 1014 2532 Plenitudine

316 2558 393 2580 mox
431 2549 533 2581 nimia
564 2550 728 2581 viscerum
765 2549 799 2580 in
827 2549 1014 2590 profundos

316 2607 452 2631 somnos
469 2600 588 2631 delati.
618 2600 689 2631 Vet.
706 2599 873 2631 Scholiast-

361 2651 423 2680 188
445 2648 568 2680 Aurum
583 2649 734 2689 immane]
759 2649 799 2680 ld
817 2653 882 2686 est,
895 2659 1014 2682 aureas

315 2702 464 2739 pateras,
487 2703 525 2729 ut
545 2699 667 2739 Virgil.
694 2701 703 2717 ⁴
720 2709 857 2738 gravem
873 2700 1014 2739 gemmis

314 2756 464 2788 auroque
482 2750 649 2789 poposcit,
673 2748 903 2791 Impleviiqne
920 2758 1014 2780 mero

315 2799 494 2839 pateram-³
539 2800 634 2830 Dicit
663 2808 745 2840 ergo
770 2800 829 2832 hos
855 2801 1013 2842 gravibus

794 253 937 284 No'rAE
970 252 1237 284 VAluoRUM
1273 252 1324 283 ΙΝ

1080 345 1210 385 poculis
1227 344 1342 375 ebrios
1358 343 1481 383 factm,
1495 346 1535 376 nt
1561 343 1696 380 merim?
1705 353 1782 379 σιν

1078 395 1243 426 cierentur
1259 405 1279 426 a
1296 393 1442 426 foeminis
1458 394 1672 436 interempti·
1694 395 1782 428 :leae

1079 443 1264 485 Strymona]
1288 444 1358 475 Per
1383 444 1592 476 Thraciam:
1621 444 1782 487 stry-ion

1078 494 1167 526 enim
1181 493 1302 525 fluvius
1316 494 1486 526 Thraciae.
1500 494 1697 527 Lactantius.
1731 510 1736 522 π
1756 504 1758 514 ³
1776 514 1780 526 ;

1122 547 1185 576 189
1221 545 1370 585 Rhodope
1400 547 1431 576 et
1460 543 1608 584 Hoemioe]
1641 544 1781 577 Meum

1079 593 1231 634 ejusdem
1248 593 1444 635 provinciae.
1482 594 1576 625 Dum
1591 603 1674 634 ergo
1688 602 1781 626 com·

1078 651 1266 677 memorant
1283 655 1384 687 quem
1399 644 1551 677 laborem
1562 643 1780 686 pertulerunt

1079 695 1169 737 apud
1195 694 1334 727 fluvium
1359 696 1590 737 Strymonem,
1611 695 1669 728 vel
1683 695 1779 737 apud»

1078 750 1227 777 montem
1246 745 1416 776 Haemnm.
1438 744 1539 777 Idem.

1122 798 1184 827 192
1207 795 1307 827 Miles
1323 795 1478 837 Cytherea
1490 794 1648 836 amoma]
1664 795 1710 828 Et
1723 795 1783 828 hie

1078 845 1222 877 obscure
1241 845 1326 876 illud
1343 844 1446 885 poeta
1464 845 1586 886 tangit,
1599 849 1636 878 et
1649 844 1780 879 fatoris

1078 893 1218 927 causam
1241 895 1380 935 hircini,
1396 904 1497 937 quem
1512 894 1779 930 dudumxvms

1078 945 1320 977 Lemniadibus
1357 945 1510 986 miserat,
1553 954 1644 978 nune
1684 944 1779 979 (hild

1077 995 1183 1027 odore
1202 995 1352 1027 lenisset.
1377 995 1476 1027 Idem.

1122 1048 1183 1077 196
1207 1045 1400 1076 Decrescunt
1413 1043 1589 1086 murmura]
1602 1044 1778 1082 Paulatim

1078 1094 1205 1135 vigiliae
1242 1094 1434 1126 hominibus
1471 1093 1636 1126 deficiunt
1664 1099 1723 1128 ut
1731 1095 1778 1129 ab

1076 1145 1231 1176 omnibns
1245 1149 1343 1175 eatur
1354 1145 1386 1175 in
1401 1144 1576 1176 insaniam.
1592 1144 1694 1177 Idm.

1117 1198 1180 1226 200
1203 1195 1404 1235 Secernitque
1421 1194 1519 1235 viros]
1541 1195 1650 1235 Quos,
1667 1199 1706 1228 ut
1727 1195 1777 1228 le·

1074 1243 1176 1276 rifero
1191 1255 1313 1286 sopore
1340 1244 1580 1285 confunderet,
1592 1246 1778 1287 separavit.

1074 1295 1173 1326 Idem.
1240 1296 1416 1336 Nuptaeque
1451 1295 1623 1336 nurusque]
1660 1296 1778 1329 Nuru-

1073 1345 1220 1385 virgines
1237 1344 1335 1385 dicit,
1346 1354 1388 1376 ex
1403 1345 1516 1377 Schol.
1559 1345 1606 1377 Et
1621 1343 1776 1380 foeminu

1073 1393 1147 1425 fere
1172 1403 1289 1425 omnes
1318 1403 1423 1425 nurus
1453 1394 1522 1426 dici
1552 1393 1645 1436 apud
1674 1394 1773 1436 Virg.

1072 1448 1170 1475 notat
1197 1443 1337 1481 Servius
1367 1444 1411 1476 ad
1435 1443 1568 1476 AEneid.
1585 1453 1630 1477 u.
1673 1444 1777 1479 ovid.

1073 1494 1117 1526 de
1143 1495 1257 1526 Ponto
1280 1494 1341 1525 lib.
1354 1503 1412 1526 111.
1437 1494 1581 1536 Eleg.8.
1610 1493 1654 1527 ad
1676 1494 1774 1529 Max.

1074 1544 1131 1577 ‘et
1147 1544 1299 1577 Palladis
1315 1545 1365 1576 uti
1387 1544 1475 1576 Arte
1490 1544 1681 1579 Tomitanoe
1704 1555 1773 1580 non

1073 1595 1227 1627 didicere
1243 1593 1371 1627 nurus?

1117 1649 1180 1678 204
1205 1646 1383 1688 Hyrcunae]
1404 1645 1580 1687 Hyrcania
1595 1645 1703 1679 Indi-2
1720 1657 1774 1680 re-

1073 1696 1142 1737 gio,
1156 1706 1223 1737 qua
1240 1696 1392 1737 tygrides
1409 1700 1630 1736 generantur.
1682 1696 1774 1739 Hyr-

1070 1756 1156 1777 cauoe
1186 1747 1323 1778 clausere
1353 1745 1425 1785 leae]
1448 1746 1622 1786 Suspecta
1645 1746 1771 1781 lectio:

1071 1795 1239 1837 quomodo
1263 1795 1441 1836 Hyrcanae
1466 1795 1531 1827 leae
1557 1795 1592 1827 in
1613 1795 1775 1838 Scythia?

1070 1857 1236 1889 nusquam
1259 1846 1402 1888 factum,
1416 1852 1475 1879 aut
1499 1848 1571 1879 less
1583 1848 1620 1880 in
1631 1848 1774 1890 Scythia

1070 1899 1152 1931 alibi
1180 1900 1260 1940 legi.
1305 1899 1398 1940 Lips.
1441 1898 1527 1930 liber
1554 1899 1684 1932 soitiu:
1718 1906 1772 1931 re-

1069 1950 1213 1981 scribam
1239 1960 1247 1981 :
1294 1949 1392 1981 siccos
1419 1953 1562 1981 armenta
1583 1959 1640 1991 per
1665 1959 1772 1990 agros-

1069 1999 1122 2031 De
1137 2000 1201 2031 lioc
1217 2000 1265 2030 ita
1287 1999 1481 2040 pronuntio,
1498 2003 1536 2031 ut
1558 2005 1673 2033 tamen
1684 1999 1771 2041 legis

1069 2050 1217 2082 Valeriae
1232 2048 1433 2081 beneficium
1449 2057 1516 2080 non
1532 2048 1664 2081 tollam.
1684 2049 1770 2082 Ber

1068 2104 1154 2132 nort.

1111 2152 1174 2183 207
1202 2150 1378 2181 Temeraria
1396 2148 1520 2189 Gorge]
1535 2147 1701 2190 Improba
1715 2150 1772 2182 vel

1067 2199 1191 2239 audax,
1220 2210 1296 2242 quae
1323 2199 1434 2240 prima
1457 2200 1565 2239 coepit
1586 2199 1623 2231 id
1646 2200 1771 2232 scelus.

1068 2249 1214 2281 Lactunt.
1259 2249 1348 2281 Vide
1369 2250 1411 2280 de
1426 2249 1542 2290 Gorge
1557 2248 1676 2289 Higin.
1691 2258 1770 2291 cap.

1068 2302 1144 2332 1⁷4.
1204 2300 1367 2342 Apollod.
1391 2300 1451 2332 lib.
1480 2309 1506 2332 1.
1533 2300 1576 2332 de
1602 2301 1704 2337 OEnei
1728 2301 1769 2332 li-

1068 2349 1173 2381 beris.

1109 2401 1172 2431 217
1203 2398 1356 2439 Indigno]
1390 2400 1471 2431 Non
1498 2398 1638 2441 indigno
1664 2376 1769 2438 collo,

1066 2448 1128 2480 sed
1155 2449 1303 2490 indignae
1328 2451 1463 2490 uxoris3
1494 2460 1568 2481 nam
1590 2451 1768 2492 amplexus

1067 2509 1140 2530 eain
1153 2498 1266 2530 fuerat
1283 2499 1444 2531 auxilinm
1462 2504 1594 2540 petens.
1615 2500 1716 2534 Idem.

1110 2551 1173 2580 219
1196 2549 1334 2589 Propria
1356 2551 1394 2580 de
1407 2549 1519 2591 stirpe]
1544 2550 1768 2591 Cognationis

1066 2609 1151 2631 meae
1167 2600 1299 2631 scelera
1315 2598 1473 2632 referam.
1496 2600 1596 2632 Idem.

1107 2651 1171 2681 220
1196 2649 1238 2680 Te
1248 2650 1341 2691 flava
1367 2648 1491 2691 Cydon]
1515 2649 1615 2683 Quod
1633 2654 1668 2682 te
1682 2650 1768 2683 Cre·

1067 2709 1141 2731 naee
1171 2698 1239 2730 vidi
1268 2701 1424 2741 lapsare:
1448 2699 1506 2730 bos
1529 2699 1595 2731 sibi
1619 2699 1705 2732 dicit
1728 2704 1768 2740 et

1066 2749 1166 2781 lactis
1188 2750 1371 2789 alimentis,
1400 2754 1437 2780 et
1464 2748 1631 2781 affinitate
1659 2748 1765 2783 fuisse

1066 2801 1278 2842 conjunctos.
1302 2800 1430 2841 Cydon:
1438 2799 1508 2832 vidi
1517 2801 1653 2842 lapsare
1664 2809 1765 2843 quen
