1878 3164
204 187 324 246 1752·

205 292 456 326 concinniorem
476 292 679 325 sententiam
696 292 790 325 facit,
834 292 904 325 Na-

205 352 282 374 vem
306 352 387 375 vero
415 343 424 360 ‘
442 342 728 374 Alexandrinam'
752 352 823 382 prae
839 351 903 374 cae-

204 393 286 424 teris
308 392 459 424 nominat
476 392 519 424 ob
536 393 657 424 molem
682 396 718 424 et
742 391 902 433 frequen-

203 442 286 474 tiam
299 443 588 484 earum,quodque
603 442 788 483 privilegiis
800 441 902 472 etiam

204 492 400 532 conspicuae
415 491 567 532 fuerunt,
578 497 616 524 ut
629 491 760 524 indicat
771 491 903 524 Seneca

207 542 321 584 Epist.
337 545 390 574 79.
411 543 531 574 Barth.

246 596 311 625 249
343 593 395 624 Ne
427 592 595 624 Cerbereos
632 592 794 631 Priscilla,
830 592 901 633 qe]

205 643 369 683 Propert.
385 641 446 673 lib.
461 651 519 673 111.
547 642 600 673 El.
618 645 671 674 17.
694 642 704 659 ⁴
722 641 905 672 Exoranda

206 692 308 723 Canis
325 691 391 723 tria
405 695 485 722 sunt
507 691 668 722 latrantia
683 691 769 722 colla
788 701 796 722 ε
821 691 905 722 Sua-

205 740 317 772 denda
333 744 388 772 est
405 740 492 772 torvi
510 740 649 781 publica
661 740 782 782 cymba
792 739 906 772 senis?

203 790 330 822 Morell.

248 843 314 872 256
339 841 461 872 Tristes
477 840 600 882 aperire
615 840 772 881 tenebras]
794 840 906 872 Miror

196 890 366 931 judicium
394 890 490 921 docti
515 890 590 928 viri,
617 890 675 931 qui
701 890 905 922 contrarium

206 949 249 971 ex
266 943 379 971 mente
399 939 539 980 Papinii
561 948 637 971 esse
652 939 713 980 ait,
732 938 903 971 rescribit-

206 999 294 1031 que:
332 989 442 1021 ινίειεε
466 989 586 1030 operire
613 989 767 1022 tenebras.
811 988 902 1022 Quid

201 1039 292 1070 enim
308 1039 449 1079 clarius,
472 1048 570 1080 quam
591 1039 714 1071 densas
731 1038 905 1079 tenebras,

201 1099 278 1130 quae
294 1099 355 1120 sua
371 1089 488 1120 umbra
501 1089 680 1129 claudunt,
690 1093 724 1120 et
737 1089 905 1130 obtegunt

198 1149 254 1180 ea,
277 1139 397 1181 quibus
421 1139 652 1180 obducuntur,
670 1140 786 1180 aperiri
812 1139 904 1171 dici?

199 1190 285 1223 Quae
312 1193 349 1221 et
379 1188 542 1230 “spissae'
570 1193 606 1220 et
626 1188 793 1221 ‘discuti’
822 1188 903 1221 alibi

197 1239 372 1272 dicuntur.
392 1239 483 1271 Vide
497 1239 635 1270 Gronov.
646 1238 757 1270 Diatr.
770 1248 838 1279 cap.
849 1240 903 1270 48.

246 1292 309 1322 257
324 1290 451 1331 Elysios
461 1289 573 1321 animoe
581 1288 902 1331 praesternerestores]

197 1338 240 1371 Τὸ
258 1343 466 1381 prosternere,
491 1340 565 1380 jam
592 1340 670 1371 olim
697 1339 752 1371 liic
776 1340 900 1381 reposi-

200 1393 272 1421 tum
302 1389 335 1420 in
364 1389 440 1421 cod.
466 1388 552 1421 Adr.
566 1390 670 1421 Turn.
689 1399 901 1430 proespargere

199 1443 235 1471 et
248 1438 369 1477 jacere.
414 1438 488 1470 Liv.
504 1438 565 1471 lib.
578 1447 714 1470 xxxnr.
729 1439 818 1470 huuc
831 1448 900 1470 mo-

198 1498 270 1521 rem
287 1488 403 1527 flores,
419 1488 576 1527 corollas,
599 1488 777 1519 lemniscos
803 1498 899 1528 spar-

198 1539 302 1580 gendi
318 1539 351 1570 in
368 1537 645 1570 honoratissimos
658 1537 757 1576 viros,
768 1537 899 1570 stabilit

196 1589 262 1621 hoc
293 1589 445 1630 scripto:
482 1590 491 1606 ‘
520 1587 649 1619 Omnes
682 1586 824 1618 tendere
853 1587 896 1618 ad

196 1639 446 1680 Imperatorem
469 1638 565 1668 Rom.
590 1641 629 1668 ut
652 1641 773 1668 ruente
797 1636 897 1669 turba

196 1689 232 1721 in
253 1699 356 1721 unum
381 1688 490 1728 adire,
516 1687 715 1727 contingere
739 1686 896 1719 dextram

196 1739 423 1780 cupientium,
462 1747 606 1770 coronas
649 1737 896 1779 lemniscosque

188 1789 407 1832 jacientium,
429 1788 517 1819 baud
538 1787 658 1829 procul
676 1787 829 1828 periculo
845 1786 896 1818 fu-

196 1840 286 1873 erit:
341 1840 406 1871 His
446 1839 550 1871 etiam
590 1838 716 1870 mortui
754 1838 896 1879 aspersi.

195 1890 287 1924 Vide
308 1890 448 1922 Sueton.
475 1888 509 1919 in
534 1887 682 1929 August.
704 1889 714 1906 ‘
732 1888 895 1920 Condito-

195 1941 282 1972 rium
306 1944 343 1972 et
367 1949 491 1980 corpus
509 1937 696 1969 Alexandri
718 1938 768 1969 M.
784 1938 896 1979 prola-

197 1995 269 2023 tum
286 2000 305 2022 e
325 1988 509 2031 penetrali,
525 1997 652 2020 corona
669 1997 774 2020 aurea
789 1988 896 2029 impo-

197 2041 263 2074 sita
288 2050 328 2072 ac
356 2039 496 2071 floribus
526 2038 687 2079 aspersis,
715 2043 896 2071 veneratus

195 2089 273 2123 est.'
316 2089 438 2129 Vir-gil.
456 2087 588 2119 AEneid.
605 2096 656 2119 vi.
680 2088 805 2120 Morell.

238 2142 303 2172 258
328 2139 391 2171 Ubi
405 2137 541 2179 supplice
555 2137 683 2178 dextra]
708 2137 895 2179 Apollodo-

196 2200 254 2223 rus
269 2189 361 2222 Bibl.
376 2188 434 2221 lib.
447 2197 488 2220 ιι.
503 2192 621 2219 narrat
632 2188 799 2220 Theseum
811 2189 897 2221 Piri·

196 2242 395 2281 motumque,
425 2238 498 2270 viso
526 2237 615 2279 apud
643 2237 779 2270 lnferos
806 2239 895 2271 Her-

197 2292 288 2332 cule,
311 2291 321 2308 ‘
340 2288 512 2329 supplices
536 2287 675 2319 manus'
697 2288 729 2320 ei
756 2298 894 2330 porrex-

196 2342 276 2377 isse,
292 2339 380 2371 bona
404 2346 478 2378 spe,
503 2337 632 2369 virtute
652 2337 755 2379 illius,
779 2338 822 2370 ad
847 2339 894 2371 vi-

195 2397 265 2425 tam
282 2388 459 2422 redeundi.
480 2388 606 2420 Morell.

239 2442 360 2474 CARM.
375 2448 414 2471 ιι.
448 2440 465 2469 1
479 2438 589 2470 Saltus
603 2438 746 2480 Tagetis]
762 2437 893 2479 Agrum

193 2492 477 2535 Tarquiniensem
493 2490 671 2530 intelligit:
697 2500 773 2522 nam
798 2490 832 2522 in
849 2492 893 2524 E-

194 2543 302 2577 truria
317 2543 350 2574 in
374 2551 455 2582 agro
477 2540 714 2582 Tarquiniensi
734 2542 828 2573 sulco
850 2541 893 2573 ab

197 2599 333 2628 aratore
346 2592 447 2623 altius
462 2590 640 2631 impresso,
648 2591 758 2631 Tages
771 2591 894 2632 puerili

196 2644 311 2686 specie
330 2640 463 2680 extitit,
484 2639 658 2681 coepitque
674 2639 771 2672 affari
784 2645 894 2673 arato-

196 2704 280 2727 rem.
328 2692 392 2724 Ille
422 2699 502 2721 vero
532 2694 663 2721 terrore
696 2699 893 2731 concussus,

196 2746 344 2778 clamans
378 2745 486 2774 totam
515 2739 664 2773 concivit
688 2741 861 2774 Etruriam
882 2753 890 2773 z

669 199 810 230 NOTAE
844 198 1108 230 VARIORUM
1145 199 1196 230 ΙΝ

951 301 1027 334 quae
1041 302 1111 324 uno
1127 295 1297 324 conventu
1312 291 1440 333 Tagem
1456 288 1652 336 loquentem

952 342 1097 374 audivit.
1140 342 1259 374 Sermo
1274 346 1387 374 autem
1403 341 1469 375 fuit
1484 347 1653 385 exceptus

951 396 987 423 ct
1013 392 1166 433 scriptus
1193 392 1287 424 libris
1312 392 1548 432 Etruscorum,
1562 392 1656 425 habi-

951 445 1072 483 tusque
1087 446 1138 473 est
1155 451 1216 483 pro
1232 442 1436 483 aruspicina.
1460 442 1548 475 Inde
1559 444 1652 476 enim

951 491 1143 533 aruspicina
1164 492 1307 532 sumpsit
1329 496 1436 524 artem
1456 497 1492 525 et
1507 492 1652 526 initium.

950 542 1074 574 Domit.

993 595 1012 623 5
1038 593 1157 631 AEgeas
1182 591 1307 631 hiemes,
1330 591 1403 632 εμπ]
1425 591 1650 625 Proverbinm

951 640 994 673 de
1020 650 1113 673 saevo
1137 646 1173 672 et
1198 641 1387 681 periculoso
1410 641 1505 674 mari.
1549 641 1652 674 Arte·

951 690 1114 730 midorus,
1126 690 1315 723 Onirucrit.
1332 690 1393 722 lib.
1406 699 1448 722 n.
1465 699 1496 722 c.
1510 693 1562 722 12.
1590 690 1652 723 Kal

949 739 988 772 τὸ
999 740 1213 783 φοβερώτατον
1225 738 1361 780 πέλαγος
1378 739 1502 780 Αἶγεῒον
1511 738 1654 782 λέγεται.

951 791 1134 823 Peculiare
1165 791 1208 822 de
1238 791 1301 823 hoc
1331 795 1437 832 caput
1472 796 1524 823 est
1557 792 1649 834 apud

953 841 1215 873 Constantinum
1230 841 1567 883 Porphyrogenetem
1588 838 1649 876 lib.

953 900 979 922 1.
1001 891 1212 924 Thematum.
1233 891 1351 923 Barth.

994 942 1014 971 ⁷
1036 941 1140 981 Atque
1155 941 1251 973 oculis
1265 942 1356 981 longo
1370 951 1481 983 querar
1494 942 1567 974 a‘e're
1579 942 1650 975 oin-

951 988 996 1030 ci]
1024 990 1102 1022 Nou
1135 990 1274 1022 dubium
1302 991 1394 1032 apud
1418 992 1650 1034 intelligentes

947 1038 1085 1080 judices
1116 1039 1197 1079 erit,
1224 1049 1341 1072 veram
1373 1050 1450 1073 esse
1485 1043 1648 1084 scriptam

951 1089 1153 1121 lectionem:
1170 1093 1262 1131 atque
1274 1091 1386 1122 oculos.
1401 1091 1562 1124 Bernart.
1589 1092 1648 1125 Sic

953 1142 989 1169 et
1006 1138 1234 1180 Lindenbrog.
1252 1139 1294 1171 ad
1318 1140 1351 1173 Ιι.
1369 1140 1391 1173 l.
1406 1145 1443 1173 et
1457 1141 1589 1175 Meurs.
1603 1142 1648 1175 nd

952 1188 1083 1222 Ar-nob.
1108 1200 1186 1231 pag.
1211 1193 1266 1223 48.
1310 1191 1399 1223 Vide
1423 1195 1459 1224 et
1474 1193 1648 1226 Boxhorn.

951 1239 1061 1280 Epist.
1073 1240 1219 1281 quadam
1234 1240 1276 1272 ad
1287 1241 1367 1274 Joh.
1379 1241 1482 1273 Fred.
1495 1242 1648 1276 Gronov.

994 1293 1035 1322 10
1059 1291 1202 1333 Gaudia]
1234 1291 1314 1323 Uda
1347 1291 1472 1333 gaudio
1500 1292 1648 1335 lumina;

950 1349 1012 1380 per
1025 1339 1184 1382 ὂξύμωρον.
1228 1340 1332 1373 Oculi
1357 1341 1481 1382 gaudio
1503 1342 1648 1376 delibuti

949 1390 1214 1432 lachrymantur.
1268 1390 1508 1424 Andromache
1532 1393 1648 1434 Virgi-

949 1439 1039 1471 liana
1054 1440 1165 1471 subito
1180 1440 1297 1472 AEneae
1316 1449 1473 1481 occursu,
1499 1442 1622 1474 laetitia
1636 1453 1646 1475 :

948 1491 958 1509 ‘
975 1491 1129 1531 Diriguit
1142 1491 1213 1522 visu
1227 1491 1261 1521 iu
1276 1491 1646 1534 medio,...lachryma⁸—

947 1550 1013 1582 que
1028 1539 1175 1573 effudit.'
1196 1541 1322 1573 Mareu.

991 1592 1030 1622 11
1068 1591 1218 1622 Etiamne
1251 1591 1386 1630 optanda
1419 1590 1644 1633 propinquant]

947 1639 1088 1672 Perstat
1103 1640 1136 1671 in
1152 1640 1270 1671 eodem
1286 1639 1425 1681 ὄξυμῶρφ
1439 1641 1646 1684 murreum&-

946 1693 955 1707 ¹
973 1690 1180 1722 Rudimenta
1208 1689 1367 1730 militiae:
1394 1691 1474 1732 quia
1501 1693 1511 1710 ⁸
1529 1693 1645 1735 clara,’

945 1740 1049 1772 etiarn
1085 1741 1095 1759 ‘
1112 1738 1287 1781 optanda,’
1319 1740 1446 1782 quippe
1476 1752 1551 1783 quoe
1583 1753 1643 1784 pa-

945 1794 1060 1822 rentes
1075 1794 1110 1822 et
1124 1790 1222 1821 amici
1237 1788 1394 1831 ὅπεσθαι,
1403 1794 1550 1832 spectare,
1565 1802 1643 1834 per-

945 1840 1100 1881 cupiunt,
1114 1849 1180 1881 qua
1195 1849 1275 1871 vero
1294 1841 1304 1858 ‘
1320 1840 1525 1873 Periculosae
1542 1842 1644 1883 plena

945 1898 999 1920 res
1025 1893 1080 1920 est
1106 1888 1214 1920 aleas)
1259 1889 1392 1928 Tristia,
1411 1894 1450 1921 ut
1471 1891 1481 1908 ⁴
1498 1891 1642 1923 honores

945 1938 1105 1970 onerosi.'
1149 1938 1318 1974 Pindarus
1343 1940 1463 1980 etiam,
1485 1941 1495 1959 ⁴
1512 1945 1641 1986 optgtae

946 1988 1081 2021 virtutis
1094 1988 1104 2002 ’
1122 1989 1238 2020 tristes
1254 1988 1407 2030 adjungit
1422 1990 1579 2031 comites,
1592 1992 1643 2024 la-

944 2038 1075 2078 borem,
1113 2042 1296 2079 sumptum,
1337 2039 1547 2079 periculum:
1576 2039 1643 2073 Αἷεὶ

944 2088 1021 2129 ἄμφ’
1035 2089 1173 2130 ἀρεταῖσι
1197 2086 1289 2119 πόνος
1309 2086 1429 2119 δαπάνα
1442 2100 1479 2120 τε
1492 2088 1644 2131 μάρναται

947 2138 1022 2181 πρὸς
1037 2138 1153 2179 Ἔργον
1166 2136 1292 2178 κινδύνῳ
1306 2138 1543 2179 κεκαλυμμένον.
1573 2141 1624 2174 Id.

988 2191 1028 2220 14
1051 2189 1192 2221 Mentem
1203 2199 1257 2220 sua
1272 2198 1333 2220 non
1347 2189 1430 2229 eupit
1445 2190 1538 2231 creas]
1556 2188 1642 2222 'Ele-

944 2243 1078 2280 ganter.
1121 2239 1214 2270 AEtas
1227 2248 1282 2270 sna
1305 2242 1358 2270 est
1373 2239 1516 2271 hominis
1537 2240 1641 2280 iltius,

944 2288 1002 2330 qui
1014 2298 1088 2320 eam
1099 2292 1246 2320 mentem
1258 2287 1376 2328 babet,
1390 2294 1538 2321 mentem
1550 2290 1641 2332 ejus·

943 2338 1021 2370 dem
1048 2343 1131 2380 puta
1156 2347 1222 2369 nou
1249 2338 1355 2378 capit.
1401 2339 1575 2381 Sapientia
1604 2344 1642 2373 et

941 2389 1072 2423 animus
1087 2388 1185 2420 istius
1206 2388 1303 2428 pueri
1325 2388 1434 2429 major
1457 2390 1552 2421 annis
1576 2395 1640 2424 est.

942 2440 1032 2472 Vide
1048 2440 1187 2472 Gronov.
1202 2439 1314 2471 Diatr.
1329 2449 1398 2480 cap.
1416 2442 1470 2472 48.

985 2493 1026 2523 18
1051 2490 1162 2530 Trabe,
1181 2500 1218 2521 ae
1231 2489 1339 2530 remis]
1361 2490 1639 2532 Corruptissime,

943 2551 1007 2573 nec
1032 2541 1100 2572 ullo
1128 2550 1240 2572 sensu.
1287 2540 1376 2571 Nam
1400 2549 1476 2571 eum
1499 2550 1563 2573 nec
1593 2551 1638 2574 ex

943 2591 1043 2632 plebe
1059 2589 1165 2623 fuisse
1182 2590 1266 2629 vult,
1281 2598 1392 2631 neque
1404 2589 1509 2622 etiam
1521 2600 1641 2633 eques·

944 2641 1007 2673 tris
1038 2644 1170 2672 tantum
1201 2638 1416 2679 conditionis,
1444 2640 1504 2671 sed
1531 2642 1639 2681 patri·

943 2690 1025 2722 ciae:
1059 2689 1192 2731 equites
1220 2697 1301 2720 vero
1330 2688 1502 2721 trabeatos
1530 2689 1639 2723 fuisse

943 2741 1092 2774 docuere
1109 2738 1241 2772 Critici.
1285 2738 1480 2780 tegendum
1495 2748 1577 2782 ergo
1593 2749 1638 2773 ex
