1878 3164
499 218 542 249 Ρ.
573 214 768 247 nemu
800 213 969 245 s‘rs‘rn
1005 212 1150 244 svnv.
1185 213 1280 243 ms.
1306 212 1349 241 v.
1378 200 1420 241 1.

223 313 376 356 W*
398 312 525 345 Mmu·
692 349 698 354 .

265 367 333 399 280
355 363 449 398 man
469 360 652 403 tranquillo,
667 359 738 402 asa]
759 359 818 395 Sic
833 359 925 392 Flor.

222 415 322 448 Rom.
345 413 471 446 Venet.
501 411 586 444 Cod.
632 411 833 451 Conspecta
857 419 927 441 ma-

222 465 282 499 tiri
292 463 436 507 pier-te,
449 460 650 501 defunctam
662 460 798 503 quidem
809 460 928 502 lugen-

221 514 302 550 dam
315 523 387 547 non
402 512 562 546 arbitrati
577 516 671 552 sunt,
693 521 770 554 quae
793 510 876 543 felix
891 515 929 543 et

221 564 273 598 sic
296 564 431 606 plorata
461 562 611 594 marito:
640 571 716 593 eam
743 570 827 602 ergo
853 559 930 593 feli—

225 624 302 649 cem
319 612 504 650 vocabant,
519 616 624 654 atque
647 615 769 653 optato
791 610 860 643 fine
884 610 928 642 ad

168 679 181 691 ο
222 665 375 709 quietem
389 663 588 706 pervenisse
596 662 626 694 ei
641 661 927 704 gratulabantur:

221 716 259 749 in
273 713 386 747 mariti
403 718 518 746 tamen
532 712 678 754 gratiam
701 713 820 744 luxere
835 722 843 743 ε
869 721 929 743 seu

220 765 349 808 ipsum,
383 764 458 806 ejus
492 763 604 796 vicem
643 762 837 803 doluerunt,
872 762 930 804 qui

222 821 293 850 tam
305 815 410 848 beata
420 813 566 855 conjuge
577 813 736 845 viduatus
750 818 853 853 esset,
862 821 929 843 non

223 865 416 900 defuncte.
468 865 601 896 Seneca
637 863 681 894 ad
714 862 897 904 Polybium
919 872 928 893 ι

223 917 235 936 ‘
255 916 335 949 Non
363 924 487 948 recuso
516 912 678 956 quicquid
716 913 930 944 lacrimarum

223 967 371 1000 fortune
385 974 469 998 mee
485 961 668 1005 superfuit,
682 968 752 995 tnae
761 961 932 994 fundere!

171 1041 176 1046 .
223 1017 284 1051 Ita
311 1017 402 1050 enim
431 1014 616 1057 legendum
645 1022 690 1045 ex
719 1016 792 1054 opt.
829 1011 931 1045 codd.

223 1068 310 1100 Mas.
335 1066 475 1098 Gronov.
492 1064 602 1098 Diacr.
624 1075 653 1096 c.
667 1066 722 1096 47.

267 1119 332 1150 223
354 1116 454 1149 Ponit
465 1113 621 1156 gemitus]
634 1114 722 1146 Nam
733 1112 932 1144 sacerdotes

222 1167 385 1209 Cybeles.
401 1170 577 1208 gestantes
601 1166 688 1196 Deae
709 1168 871 1204 statuam,
897 1169 934 1195 et

223 1217 454 1260 digladiantes
469 1217 560 1248 inter
584 1225 623 1247 se
645 1213 776 1255 furore,
802 1213 845 1245 ad
871 1213 933 1245 Al-

226 1278 360 1301 monem
379 1277 488 1310 usque
508 1265 649 1299 fluvium
667 1264 933 1307 progredieban-

225 1323 283 1352 tur
302 1324 403 1351 extra
423 1324 560 1359 portam
587 1316 778 1357 Capenam,
804 1314 852 1345 ita
879 1324 932 1345 re-

224 1373 477 1411 presentantem
493 1369 579 1400 Deae
595 1367 724 1398 luctum
742 1375 819 1397 cum
837 1364 933 1397 flevit

224 1418 344 1461 Atyn:
367 1419 507 1461 illicque
524 1418 605 1451 lotis
633 1417 751 1449 cultris
770 1421 809 1451 et
827 1417 933 1457 depo-

225 1471 294 1503 sito
303 1469 420 1503 furore
430 1470 471 1502 ad
484 1469 652 1510 templum
665 1467 837 1499 redibant.
863 1467 934 1498 De-

226 1522 326 1564 ponit
337 1521 443 1564 igitur
454 1520 525 1552 illic
536 1518 684 1560 gemitus
695 1518 838 1559 Cybele,
851 1527 934 1559 quo·

229 1572 319 1604 niam
340 1572 412 1613 ejus
433 1569 631 1602 sacerdotes
649 1578 727 1600 cum
751 1567 833 1599 illuc
858 1577 934 1608 per-

227 1626 412 1663 venerunt,
437 1621 628 1662 lachrymas
654 1622 691 1651 et
705 1617 858 1651 furorem
875 1627 935 1659 po-

227 1677 328 1707 nunt.
349 1671 474 1705 Domit-

270 1726 336 1757 227
351 1723 566 1763 Ardoremqaoe
578 1718 682 1760 Regi]
697 1717 752 1752 An
766 1719 848 1761 quia
861 1718 871 1736 ‘
881 1729 934 1752 ar-

216 1773 310 1806 'dor’
341 1772 543 1815 perstringit
572 1770 690 1802 oculos
717 1769 775 1812 qui
807 1775 936 1811 augent

228 1822 404 1856 dolorem?
448 1820 554 1864 Atqui
577 1821 587 1838 ‘
611 1819 697 1852 odor
724 1820 875 1852 alienus’
898 1825 936 1852 et

229 1876 240 1893 ⁸
259 1873 378 1907 nidor’
403 1881 503 1905 nares
533 1870 629 1911 ferit,
663 1876 700 1903 et
726 1871 860 1912 opplet,
887 1871 936 1903 ait

228 1925 341 1957 Varro
370 1923 415 1955 de
443 1923 485 1956 R.
510 1923 554 1956 R.
578 1922 636 1954 lib·
661 1931 717 1954 111.
739 1932 771 1954 c.
792 1925 824 1954 4.
879 1921 935 1954 An

228 1974 337 2016 igitur
351 1974 470 2016 palato
483 1972 667 2006 doctorum
690 1972 803 2013 sapiet
818 1970 858 2004 τὸ
874 1971 935 2004 Ni·

229 2026 395 2066 doumque
416 2022 516 2064 rogi?
536 2023 676 2056 Morell.
724 2023 938 2065 Ardoremque

229 2076 316 2118 rogi]
333 2076 401 2109 Ma.
414 2075 509 2108 Flor.
524 2075 623 2107 Rom.
639 2074 840 2116 Venetaque
855 2073 937 2107 edd.

232 2127 466 2168 clamoremque
493 2127 578 2167 rogi,
618 2125 708 2168 quod
745 2124 938 2166 pulcherri-

230 2186 325 2213 mum
354 2182 420 2218 est,
457 2176 635 2218 ipsiusque
665 2175 814 2217 Papinii.
862 2176 940 2208 Nec

231 2227 325 2260 aliud
354 2232 422 2269 eu,
443 2236 547 2269 quam
575 2226 666 2269 quod
693 2226 792 2268 Virg.
818 2230 938 2258 notat:

231 2281 242 2298 ⁴
266 2283 390 2313 moesta
423 2287 622 2320 supremum
658 2286 746 2310 voce
784 2275 939 2314 ciemus.'

233 2331 374 2364 Gronov.
387 2331 498 2364 Diatr.
524 2330 628 2363 Beato
643 2328 841 2371 Composuit]
857 2329 940 2360 Bea-

232 2388 288 2415 tus
313 2387 368 2415 est
385 2382 496 2414 dives.
541 2380 708 2422 componi
733 2379 863 2412 mortui
887 2378 938 2411 di-

233 2437 372 2470 cuntur,
394 2442 473 2465 cum
494 2432 528 2463 in
553 2431 686 2463 feretro
702 2440 763 2463 seu
778 2431 868 2463 lecto
885 2429 940 2463 fu-

232 2484 330 2516 nebri
353 2483 580 2516 collocantur.
623 2481 746 2514 Horat.
766 2491 794 2514 1.
815 2482 888 2514 Sat.
905 2484 939 2514 9.

232 2535 243 2552 ‘
262 2534 390 2567 Omnes
411 2532 589 2574 composui
608 2531 740 2573 felices,
761 2539 853 2564 nunc
874 2542 939 2573 ego

234 2585 350 2618 resto.’
395 2585 442 2617 Et
465 2584 622 2627 quoniam
643 2584 792 2616 cadaver
807 2583 856 2615 ita
871 2584 940 2615 dis-

234 2636 440 2679 ponebatur,
464 2638 503 2667 ut
535 2634 643 2677 pedes
675 2635 748 2676 ejus
785 2634 941 2676 januam,

233 2698 305 2730 qua.
314 2685 524 2719 efferendum
537 2689 626 2723 erat,
637 2689 851 2727 spectarent,
863 2685 940 2718 ideo

232 2738 388 2779 Scaliger
402 2737 438 2768 in
453 2737 608 2778 Festum,
623 2741 660 2768 et
675 2735 816 2777 Lipsius
830 2736 940 2768 Elect-

236 2798 263 2822 ι.
289 2797 496 2830 componere
517 2787 615 2829 apud
642 2787 800 2820 Persium
830 2786 939 2829 expli-

1569 200 1682 243 1751

977 312 1070 346 cant.
1097 308 1269 340 collocare
1297 309 1334 338 et
1358 305 1394 337 in
1415 305 1525 346 janua
1554 314 1684 346 ponere

977 363 1148 391 mortuum
1172 357 1319 400 pedibus
1341 356 1374 388 in
1401 355 1576 398 publicum
1601 367 1683 389 con.

978 409 1099 448 versis,
1112 407 1202 450 quod
1215 406 1329 439 Greci
1341 404 1536 447 προτίθεσθαι
1548 411 1685 439 vocant.

977 458 1047 491 Sed
1070 457 1228 499 profecto
1249 457 1339 489 illius
1362 455 1460 488 verbi
1480 455 1686 498 significatio

978 508 1166 549 simplicior
1199 511 1266 547 est,
1301 515 1367 538 nec
1405 505 1500 538 aliud
1540 506 1687 538 involvit

979 568 1080 600 quam
1097 557 1300 600 positionem
1321 556 1356 588 in
1378 555 1482 596 lecto,
1503 556 1560 587 vel
1581 556 1685 588 etiam

979 609 1203 651 sepulturam.
1227 608 1378 640 Cruceus.

1022 662 1088 691 228
1113 659 1173 691 Nic
1200 658 1323 699 longior
1347 657 1442 699 oetas]
1478 656 1568 689 Haec
1598 656 1688 688 vatis

980 709 1152 751 praesagia
1179 714 1277 742 certa
1313 707 1432 740 fuere:
1469 707 1479 725 ‘
1503 715 1568 739 nec
1597 707 1687 738 edax

979 759 1120 792 abolere
1141 757 1316 790 vetustas'
1339 758 1402 790 hoc
1419 756 1590 789 Priscillae
1606 766 1688 788 con-

980 809 1143 841 ditorium
1160 809 1275 851 potuit
1299 818 1360 850 per
1383 811 1479 840 1400.
1503 805 1612 839 ferme
1628 816 1686 838 an-

980 870 1101 892 norum
1116 861 1253 892 seriem.
1288 859 1466 900 Siquidem
1483 858 1603 890 eodem
1616 867 1688 890 mo-

981 914 1143 942 numento
1166 909 1244 942 Viae
1261 909 1387 951 Appiae
1413 908 1555 941 condita
1571 913 1608 940 et
1623 908 1689 940 sic-

981 966 1058 993 cata
1072 960 1234 992 membris
1248 959 1390 1000 integris
1407 959 1549 991 inventa
1564 967 1689 990 memo-

982 1018 1080 1043 ratur
1096 1011 1158 1043 sub
1174 1010 1273 1042 Sixto
1289 1019 1342 1041 1v.
1357 1009 1463 1041 Pont.
1478 1009 1574 1041 Max.
1592 1008 1635 1041 A.
1653 1009 1688 1040 S.

981 1061 1044 1094 clo
1061 1069 1256 1094 ccccnxxr.
1279 1060 1406 1100 Mareu„

1025 1116 1090 1145 230
1125 1112 1258 1153 Tantas]
1294 1111 1470 1154 Reliquias
1498 1120 1690 1143 marmoreo

983 1168 1203 1196 monumento
1218 1163 1374 1196 conditas
1388 1163 1486 1196 dicit.
1529 1163 1588 1195 De
1608 1162 1619 1180 ‘
1631 1162 1691 1194 Se-

983 1214 1149 1255 pimentis
1162 1212 1631 1255 monumentorum'pulclire
1644 1212 1691 1244 Is.

985 1263 1131 1295 Casaub.
1145 1263 1187 1295 ad
1200 1263 1298 1296 Suet.
1310 1263 1395 1295 Ner.
1407 1273 1439 1295 c.
1451 1265 1505 1295 83.
1521 1262 1691 1294 illustrato

982 1313 1152 1345 hocloco.
1197 1314 1285 1347 Quae
1306 1313 1419 1345 omnia
1441 1312 1598 1354 reposuit
1610 1312 1693 1346 Joh.

983 1363 1237 1395 Kirchmannus
1253 1363 1378 1395 Funer.
1394 1363 1453 1395 lib.
1466 1372 1522 1396 111.
1543 1371 1620 1404 cap.
1639 1364 1693 1394 17.

983 1414 1102 1446 Barth.

1027 1467 1092 1497 232
1117 1463 1189 1496 Hoc
1212 1474 1275 1496 oere
1304 1462 1415 1506 Ceres]
1440 1464 1594 1496 Dearum
1619 1463 1692 1495 effi-

985 1514 1058 1555 gies
1076 1514 1172 1545 vultu
1189 1514 1359 1547 Priscillae
1383 1514 1564 1556 insignitas
1593 1514 1692 1556 dicit,

985 1575 1029 1597 ex
1045 1564 1294 1596 consuetudine
1320 1565 1396 1606 ejus
1422 1565 1499 1596 aevi.
1544 1566 1602 1597 De
1625 1576 1694 1607 qua

985 1616 1101 1648 multis
1131 1616 1197 1647 alio
1226 1616 1318 1648 loco.
1375 1616 1523 1657 Gnossis]
1545 1616 1694 1648 Dianam

985 1667 1071 1701 dicit
1093 1668 1126 1699 in
1144 1668 1250 1699 Creta
1266 1667 1384 1699 venari
1399 1667 1546 1701 solitam.
1570 1667 1671 1701 Idem-

1028 1723 1093 1753 236
1115 1720 1298 1762 Mensaeque
1312 1718 1485 1760 parantur]
1508 1718 1564 1751 Ad
1581 1720 1695 1760 sepul·

985 1781 1046 1803 cra
1061 1781 1116 1803 res
1128 1770 1245 1802 divina
1259 1769 1379 1812 fiebat,
1396 1779 1495 1802 sacro
1512 1770 1696 1811 parentali,

984 1830 1051 1864 quo
1066 1822 1202 1853 nomine
1227 1830 1354 1853 mensae
1376 1821 1413 1852 in
1428 1819 1618 1862 'sepulchris
1634 1831 1694 1863 po-

985 1872 1157 1905 nebautur
1172 1877 1207 1903 et
1222 1871 1348 1904 Graeco
1365 1876 1402 1904 et
1417 1872 1573 1904 Romano
1586 1881 1696 1912 more,

986 1928 1025 1956 ut
1052 1924 1177 1956 Cicero
1207 1923 1251 1955 de
1283 1923 1448 1964 Legibus,
1471 1926 1509 1955 et
1536 1923 1695 1965 plerique

987 1974 1105 2007 Graeci
1136 1978 1295 2006 auctores
1331 1972 1520 2005 tradidere.
1578 1973 1695 2005 Possis

987 2023 1117 2057 referre
1143 2029 1181 2056 et
1205 2024 1249 2056 ad
1273 2023 1506 2065 silicernium,
1528 2023 1602 2056 sive
1627 2034 1696 2056 coe-

988 2085 1065 2108 nam
1082 2074 1263 2107 funebrem
1285 2084 1361 2117 quae
1384 2084 1475 2107 nouo
1490 2074 1623 2107 funeris
1640 2075 1696 2108 die

989 2126 1032 2158 ad
1058 2125 1243 2168 sepulchra
1265 2125 1426 2158 dabatur.
1469 2125 1610 2157 Tacitus
1625 2124 1696 2157 An-

988 2178 1059 2210 nal.
1083 2186 1133 2210 v1.
1156 2178 1166 2195 ‘
1184 2176 1436 2208 novemdialem
1462 2185 1537 2208 eam
1565 2185 1696 2208 coenam

989 2227 1159 2261 dixisset!
1204 2226 1372 2268 Papinius
1395 2236 1464 2269 quo
1488 2225 1697 2268 singularem

989 2278 1192 2311 Abascantii
1205 2286 1355 2310 amorem
1372 2281 1522 2318 notaret,
1545 2286 1613 2308 non
1637 2287 1698 2310 no-

989 2338 1032 2361 no
1055 2329 1163 2361 solum
1179 2328 1248 2369 die,
1265 2327 1326 2360 sed
1344 2328 1499 2370 quotidie
1515 2327 1697 2361 funebrem

989 2390 1123 2412 coenam
1151 2386 1189 2412 et
1213 2380 1352 2421 epulum
1378 2379 1412 2410 in
1435 2379 1510 2420 ejus
1534 2380 1698 2412 honorem

988 2431 1106 2463 datum
1135 2435 1265 2470 narrat,
1296 2429 1354 2471 qui
1380 2429 1488 2462 honor
1517 2439 1601 2462 sane
1627 2440 1697 2463 non

988 2481 1146 2522 vulgaris.
1169 2481 1323 2514 Bernart-

994 2559 998 2562 .
1031 2536 1094 2565 245
1121 2532 1160 2564 In
1183 2531 1303 2572 eodem]
1328 2531 1445 2563 Parva
1474 2531 1637 2573 phaselus
1662 2532 1699 2564 in

990 2583 1111 2614 eodem
1134 2591 1274 2624 aequore
1289 2581 1353 2613 sibi
1368 2585 1513 2622 partem,
1529 2586 1568 2612 ut
1584 2586 1621 2614 et
1636 2582 1697 2614 im·

989 2634 1098 2667 mensi
1111 2633 1242 2673 Austri,
1255 2632 1319 2664 sibi
1337 2631 1503 2666 vindicat.
1533 2632 1697 2666 Niliilhic

989 2695 1103 2727 neque
1120 2682 1262 2716 difficile
1275 2692 1388 2725 neque
1405 2683 1581 2715 absonum.
1626 2683 1696 2717 Ac-

991 2735 1077 2768 cedo
1094 2739 1210 2767 tamen
1226 2732 1449 2766 Gevartianae
1466 2733 1694 2767 correctioni:

991 2787 1019 2821 it
1033 2788 1139 2820 eodem
1159 2795 1261 2827 parva
1284 2785 1430 2827 phaselus
1444 2784 1581 2826 AEquore
1590 2795 1604 2824 ,·
1619 2794 1695 2827 quae
