1878 3164
240 240 242 242 ’
291 244 405 287 1878

290 349 430 382 dentem
446 351 484 380 ut
500 351 676 390 rumperet
697 352 836 390 sceptro
851 357 990 390 percus-

289 399 348 440 sit,
378 409 598 441 praecepsque
621 399 655 430 in
679 398 811 431 inferna
833 399 991 431 demersa

290 455 356 486 est,
380 453 415 480 et
437 449 471 480 iu
497 450 662 491 liquorem
678 459 868 482 conversa:
892 449 989 491 cujus

290 499 385 530 lacus
405 499 586 539 contiguus
611 503 666 531 est
681 498 876 533 Arethusae.
922 501 993 531 Nos

291 548 424 580 Thracia
453 549 537 589 visu]
564 549 635 581 Nos
664 555 820 591 putamus
844 551 991 582 Thraces

290 600 325 631 in
341 599 504 631 ultionem
520 599 634 631 venire
651 600 856 642 navigid'qui
873 600 956 633 victi
971 610 992 632 a

291 649 372 680 viris
388 649 524 681 fuerant
542 650 785 683 Lemniadum.'
798 651 897 683 Idem.

333 701 397 730 350
430 699 564 740 Portus]
596 699 745 732 Omnino
775 701 990 735 scribendum

287 751 406 788 portas.
453 748 553 780 Edita
569 750 658 781 enim
682 751 755 782 loca
778 751 991 783 asscendisse

252 796 256 800 “
290 797 351 835 ait,
374 802 412 829 ut
440 797 519 829 inde
539 798 637 839 jactu
662 800 793 831 hostem
823 806 993 834 arcerent.

292 847 452 888 Ineptum
477 848 520 879 de
549 859 691 881 ascenso
708 855 823 891 portu.
866 852 911 883 Et
934 852 991 883 ha-

291 897 374 929 bent
400 903 514 929 tamen
544 899 593 930 sic
628 900 741 931 onmia
770 902 990 942 exemplaria.

290 948 331 978 In
360 948 491 989 opti-mo
521 949 677 990 ambigue
707 950 871 992 scriptum
892 956 991 992 ports.

291 999 506 1039 Amplexaque
527 999 633 1040 littus]
678 1001 828 1032 Brachia
856 1003 991 1034 moenio·

291 1057 378 1088 rum,
393 1048 488 1079 littus
505 1050 703 1082 munientia.
747 1051 878 1083 Similia
890 1062 991 1094 supra

290 1098 354 1130 hoc
369 1098 455 1129 libro
470 1108 517 1129 vs.
533 1101 607 1131 280.
630 1100 749 1132 Barth,

333 1151 395 1179 355
432 1148 557 1189 Soluto]
592 1149 691 1181 Molli
726 1154 786 1182 aut
821 1151 990 1183 muliebri.

290 1198 390 1230 Idem.

331 1251 394 1280 357
418 1248 571 1289 Adverso]
588 1250 712 1281 Utrum
728 1250 796 1282 situ
810 1251 989 1284 adversum

290 1299 425 1339 posuit;
449 1299 483 1330 id
501 1304 567 1339 est,
583 1301 751 1341 positione
767 1302 852 1341 loci;
876 1312 918 1334 an
935 1305 990 1335 ad-

288 1358 386 1385 verso,
403 1349 561 1381 inimico?
595 1351 735 1392 Quippe
752 1352 846 1384 Mars
870 1353 992 1385 merito

290 1400 456 1430 Lemnum
473 1398 607 1438 oderat,
629 1401 708 1441 quia
724 1401 759 1432 in
775 1402 831 1433 illa
846 1398 956 1434 insula
971 1413 991 1434 a

289 1448 444 1480 Vulcano
473 1458 550 1480 cum
578 1450 712 1482 Venere
733 1450 847 1483 fuerat
867 1451 991 1493 depre-

287 1497 423 1530 hensus.
447 1499 545 1531 Idem.

313 1584 315 1586 ,
331 1550 393 1580 361
421 1547 582 1589 Cortinia]
597 1549 740 1581 Tantum
757 1549 869 1592 inquit
883 1561 902 1582 a
918 1561 992 1592 por·

292 1602 328 1630 tu
343 1599 462 1630 aberat
474 1599 583 1638 navis,
595 1604 757 1641 quantum
776 1600 990 1633 Cretensium

290 1649 493 1690 sagittarum
512 1650 627 1690 Jactus
654 1650 866 1691 exprimitur.
914 1652 990 1683 Cor-

287 1701 368 1733 tim'a
383 1701 473 1733 enim
489 1701 577 1732 dixit
593 1702 782 1733 Cretensia.
806 1703 905 1735 Idem.

332 1754 395 1784 363
417 1752 579 1793 Pelasgoe]
597 1752 732 1784 Graecae
745 1753 864 1785 navis:
887 1753 921 1785 id
935 1758 990 1786 est

290 1801 397 1842 Argo.
423 1802 523 1833 Idem.

332 1854 396 1884 364
420 1852 561 1893 Horror]
585 1852 798 1885 obscuritas.
821 1854 919 1889 Idem.

332 1905 394 1934 365
429 1902 501 1934 Sole
529 1903 610 1943 dies]
639 1903 709 1934 Pro
741 1904 785 1935 ab
816 1905 905 1935 omni
934 1905 989 1938 die

287 1959 404 1995 raptus
417 1958 469 1985 est
484 1955 556 1985 sol:
581 1963 667 1985 nove
683 1954 822 1987 dictum.
847 1956 948 1988 Idem.

331 2007 395 2036 367
419 2004 517 2036 Redit
541 2004 668 2036 humida
698 2005 802 2046 tellus]
837 2005 987 2039 Harenae

288 2054 442 2086 funditus
481 2055 605 2086 avulsae
644 2054 774 2096 impetu
809 2055 989 2096 jactantur

287 2115 461 2147 aquarum,
488 2105 586 2136 Idem.

331 2158 394 2187 372
431 2155 575 2187 Tritonia
606 2155 733 2197 puppis]
769 2157 864 2188 Solet
900 2156 987 2188 enim

288 2207 396 2239 omnis
423 2207 519 2238 navis
545 2206 682 2247 pictura
705 2216 905 2248 quacunque
922 2207 988 2248 sig-

286 2258 382 2289 nari:
409 2262 447 2289 nt
462 2257 584 2297 Virgil.
607 2258 616 2275 ‘
634 2257 736 2289 Hunc
759 2257 852 2289 vehit
875 2258 988 2288 imma-

288 2307 340 2339 nis
356 2306 502 2338 Triton!
526 2307 626 2338 Idem.
835 2337 850 2349 ‚

328 2359 369 2388 37
373 2360 391 2388 3
413 2356 588 2388 Semideum
600 2356 738 2397 heroum]
751 2356 807 2388 Slc
821 2367 840 2388 a
854 2356 988 2389 Graecis

285 2408 388 2439 etiam
416 2412 580 2438 vocantur
605 2407 697 2438 serio
733 2407 990 2448 ‘Argonautae.’

285 2457 463 2490 Abstinuit
488 2458 602 2488 Valer.
629 2458 784 2497 Flaccus,
809 2463 988 2491 contentus

285 2509 459 2540 ‘Deorum
487 2507 631 2539 nantas’
655 2508 855 2549 appellasse.
902 2511 988 2541 Lau-

287 2559 329 2590 do
345 2558 449 2599 igitur
462 2558 647 2598 Valerium,
664 2559 816 2599 quamvis
830 2559 895 2591 alio
913 2560 986 2591 loco

285 2609 382 2640 Deos
400 2607 518 2639 iisdem
536 2613 651 2648 patres
668 2609 766 2639 claris
790 2610 892 2640 etiam
909 2618 984 2641 ver-

285 2658 336 2690 bis
362 2657 601 2690 ascribentem.
623 2659 743 2690 Barth.
789 2660 908 2692 Insana
931 2670 985 2691 ar-

284 2707 353 2749 bor]
377 2707 441 2737 Vel
465 2717 596 2747 magna,
622 2709 675 2739 vel
701 2709 878 2742 instabilis.
923 2710 984 2745 Ni-

285 2759 347 2789 mis
364 2756 497 2798 poetice
513 2757 613 2795 dixit,
638 2758 748 2790 insana
770 2760 871 2791 arbor.
916 2758 984 2791 Ac-

285 2807 426 2848 cipimus
442 2806 530 2838 enim
549 2807 719 2849 mobilem,
733 2813 771 2840 ut
795 2809 827 2840 hi
852 2809 910 2851 qui
934 2809 983 2840 iu—

760 255 902 287 NOTAE
935 253 1201 286 VARIORUM
1234 254 1287 286 IN

1041 347 1112 380 sani
1126 348 1203 380 loco
1219 351 1313 380 stare
1328 354 1395 379 non
1412 350 1564 388 possunt.
1708 386 1712 389 ,

1082 401 1145 430 377
1169 398 1324 439 Fretaqae
1345 399 1554 438 indignantur
1578 401 1610 431 et
1702 399 1706 404 ’

1041 447 1131 481 Quid
1159 458 1234 479 esse
1258 448 1382 486 dicam,
1407 447 1497 490 quod
1520 446 1643 489 optimi
1667 441 1743 490 titia

1042 508 1130 540 que3
1153 501 1185 530 et
1197 502 1319 530 austros
1329 509 1341 536 ,·
1363 503 1402 530 ut
1417 498 1606 540 indignatio
1620 497 1666 530 sit
1674 494 1744 530 Ah

1042 553 1280 590 gonautarum,
1291 558 1358 580 non
1369 549 1470 581 maris
1486 554 1523 581 et
1539 543 1742 581 ventem-2

1042 598 1097 630 An
1119 598 1167 630 ita
1190 599 1297 630 voluit
1319 599 1558 639 intelligendos
1584 599 1668 632 dare
1689 598 1741 632 ln'oe

1042 653 1163 690 gentes
1191 649 1319 680 animos
1351 649 1537 682 semideum
1566 654 1699 692 regumf
1719 657 1742 681 ι

1041 700 1162 742 quibus
1177 705 1243 732 tam
1259 702 1360 742 longe
1375 700 1527 734 abfuerit
1544 710 1656 733 rerum
1671 703 1742 735 tera

1042 750 1188 782 ribilium
1205 756 1329 792 metus,
1354 756 1392 783 ut
1415 751 1575 792 periculis
1597 749 1641 783 ad
1653 748 1741 782 iram

1041 801 1149 841 magis
1171 800 1464 834 accenderentur?
1486 799 1644 832 et'ea'his
1658 806 1741 842 quo*

1039 861 1105 893 que
1119 850 1272 882 laborum
1290 854 1326 882 et
1346 849 1556 883 fortitudinis
1575 855 1640 882 ἶσοι
1673 854 1742 898 est.

1040 902 1128 934 Sane
1149 907 1184 933 et
1202 901 1443 943 Hippomedon
1460 902 1574 944 potin·
1589 900 1743 944 indigan-

1042 957 1099 983 tur
1115 957 1150 983 et
1166 952 1324 983 invidiam
1341 951 1438 992 facit,
1452 961 1551 994 quam
1565 947 1743 993 pree-tut}

1042 1012 1143 1043 quum
1161 1002 1280 1034 aitlib.
1297 1011 1351 1033 lx.
1370 1003 1380 1020 ⁶
1394 1001 1557 1034 Fluvione'
1577 1000 1742 1044 (pudetl)

1043 1052 1136 1084 Mars
1151 1053 1283 1093 inclite,
1298 1062 1432 1094 merges
1449 1052 1549 1085 Hanc
1564 1051 1741 1089 animun?¹

1045 1103 1184 1135 Gronov.
1598 1112 1601 1114 ·
1735 1119 1739 1126 ’

1084 1155 1147 1184 378
1184 1152 1377 1193 fluitantia]
1408 1152 1504 1184 Ordo
1525 1163 1535 1184 ε
1573 1151 1739 1185 Invalidis

1040 1203 1178 1234 lacertis
1192 1202 1363 1235 fluitantia
1383 1203 1453 1235 tela
1468 1203 1678 1244 spargimus:
1696 1209 1740 1237 >et

1041 1252 1130 1284 bene
1145 1253 1304 1293 invalidis,
1321 1256 1438 1293 utpote
1450 1252 1626 1286 foemineis.
1651 1253 1741 1286 Fusi-

1041 1302 1156 1342 tantia]
1170 1302 1321 1335 Incerta.
1344 1302 1491 1335 Luceant.

1084 1355 1148 1384 379
1172 1353 1257 1389 Quid
1271 1363 1330 1384 non
1351 1353 1442 1394 ausa]
1466 1353 1613 1387 Sensus:
1637 1354 1738 1388 Quod

1041 1404 1152 1436 scelus
1182 1413 1248 1435 non
1280 1414 1370 1436 ausae
1398 1404 1534 1435 sumus?
1555 1413 1631 1435 nam
1660 1413 1738 1439 cum

1042 1454 1280 1486 occidissemus
1309 1455 1411 1494 viros,
1440 1455 1543 1487 etiam
1571 1455 1739 1489 semidea·

1042 1504 1133 1535 hello
1164 1508 1351 1536 attrectare
1386 1504 1605 1536 tentavimus:
1637 1504 1739 1539 laen.

1041 1554 1206 1585 Telamona
1234 1557 1266 1586 et
1297 1553 1406 1595 Pelea]
1434 1554 1520 1586 Post
1552 1554 1739 1588 Herculem

1041 1603 1240 1635 fortissimos
1253 1604 1455 1636 Graecorum
1471 1605 1673 1646 nominavit,
1684 1611 1739 1638 're-

1040 1659 1160 1694 spectu
1174 1652 1317 1685 filiorum
1330 1663 1459 1685 eorum.
1492 1654 1636 1687 Telamon
1647 1655 1739 1688 enim

1041 1703 1156 1744 genuit
1174 1702 1326 1745 Ajacem,
1336 1704 1461 1736 Peleus
1471 1703 1650 1738 Achillem.
1671 1704 1740 1738 Pe'-

1039 1753 1128 1785 lenm
1144 1753 1235 1785 hasta
1249 1754 1397 1794 optimum
1412 1759 1514 1787 vocat
1530 1755 1605 1787 Val.
1623 1756 1735 1789 Flacc-

1038 1803 1097 1836 lib.
1120 1813 1146 1835 1.
1191 1804 1257 1837 Qui
1273 1803 1381 1835 omnis
1399 1809 1552 1836 veterum
1566 1803 1737 1838 fortitudo

1039 1857 1209 1886 censetur.
1254 1854 1301 1886 Et
1317 1854 1359 1886 de
1386 1855 1458 1896 ejus
1472 1855 1573 1888 hasta
1592 1855 1734 1898 ibidem,

1038 1914 1086 1937 vs.
1100 1907 1175 1936 400.
1197 1904 1207 1922 ‘
1223 1905 1368 1935 Tantum
1383 1904 1455 1937 haec
1472 1906 1556 1937 alias
1572 1905 1740 1938 excelsior

1036 1955 1166 1994 hastas,
1181 1954 1354 1988 Quantum
1372 1955 1528 1987 Peliacas
1554 1956 1589 1988 in
1605 1955 1736 1989 vertice

1037 2005 1171 2036 vicerat
1186 2003 1309 2036 ornos!
1333 2005 1452 2037 Barth.

1080 2058 1144 2087 389
1165 2055 1331 2095 Abjunctis
1358 2055 1537 2096 regemunt]
1570 2055 1737 2097 Abjuneeiae

1037 2115 1118 2147 ergo
1141 2106 1276 2147 hyphen
1303 2106 1372 2138 noli
1401 2106 1580 2148 accipere:
1611 2113 1737 2149 operta

1037 2161 1150 2188 autem
1180 2157 1279 2197 pinus
1308 2156 1454 2198 pellibus
1488 2157 1527 2189 ut
1562 2167 1634 2197 ,mos
1666 2163 1735 2191 est.

1037 2206 1202 2246 Abjunctis
1227 2206 1364 2248 quidam
1386 2206 1522 2249 hyphen
1547 2208 1668 2249 legunt
1683 2209 1735 2243 ai-

1040 2258 1128 2289 visis.
1171 2257 1229 2289 Sic
1259 2258 1295 2289 in
1325 2257 1500 2299 Olympio,
1526 2258 1734 2301 ‘abjungere

1039 2308 1119 2339 luna
1143 2307 1301 2349 junices.'
1351 2309 1415 2340 Cui
1444 2309 1652 2342 contrarium
1681 2316 1735 2344 est

1040 2360 1050 2375 ‘
1075 2356 1307 2399 conjungere!
1348 2357 1496 2389 Laetam.
1565 2358 1734 2403 mutata]

1040 2408 1118 2439 Non
1135 2407 1351 2439 sollicitarem
1378 2407 1464 2439 hauc
1491 2407 1571 2440 lect.
1586 2409 1622 2440 ·si
1645 2409 1735 2442 citra

1038 2457 1197 2489 indicium
1228 2457 1350 2498 optimi
1380 2457 1459 2488 libri
1484 2463 1589 2499 esset,
1611 2459 1644 2490 in
1666 2468 1734 2501 qno

1038 2507 1129 2539 clare
1151 2507 1328 2547 scriptum,
1348 2507 1469 2538 stabula
1484 2508 1563 2548 alta,
1585 2512 1624 2540 et
1647 2509 1733 2541 ulte-

1039 2557 1106 2588 rius
1118 2556 1359 2597 suspicionem,
1378 2556 1556 2588 referentis
1564 2558 1734 2591 stabulata.

1038 2607 1185 2638 Omnino
1207 2611 1318 2638 autem
1342 2606 1465 2639 stabula
1487 2608 1552 2639 alta
1575 2608 1734 2650 Papinia-

1036 2667 1115 2697 num
1146 2660 1209 2687 est.
1257 2655 1408 2688 Tabulata
1435 2657 1524 2688 enim
1550 2658 1658 2690 minus
1682 2659 1733 2692 di-

1036 2712 1131 2746 cunt,
1146 2715 1245 2747 quam
1264 2716 1324 2747 pro
1341 2715 1377 2737 re
1395 2712 1577 2747 praesente,
1598 2714 1635 2740 et
1655 2709 1730 2751 jam

1035 2756 1135 2794 dixit,
1149 2754 1239 2796 quod
1264 2755 1275 2772 ‘
1287 2755 1465 2788 tabulatis’
1491 2759 1732 2792 conveniebat.

1032 2808 1043 2826 ⁶
1057 2805 1235 2837 Stabulum
1247 2803 1257 2819 '
1281 2814 1381 2838 omne
1395 2806 1615 2841 domicilium.
1630 2810 1635 2814 ’
1659 2809 1732 2842 Sta·
