1878 3164
438 217 479 248 P.
511 213 701 247 PAPmu
739 211 905 245 s'rA'ru
940 212 1087 244 ΤΗΕΒ.
1121 213 1218 247 LlB.
1244 214 1317 247 ΙΙΙ»

135 310 293 347 sunu-rii
305 314 443 353 tempus
455 308 562 352 poeta
576 306 756 348 describit,
777 315 844 349 quo

137 362 247 396 Orion
261 362 296 394 in
305 369 431 394 occasu
445 364 500 392 est
509 359 734 392 constitutus.
743 357 846 389 Idem.

178 416 223 446 29
250 413 332 445 Fert
353 410 483 452 ingene]
512 409 695 452 Proprium
726 413 845 440 vento-

135 472 212 497 rum
225 461 339 502 serre.-
372 461 457 494 „Non
485 460 576 492 enim
600 460 702 491 aliter
728 457 846 490 ferunt

134 513 289 556 navigia,
302 511 364 545 ubi
379 511 483 554 potiti
499 515 593 551 suut,
608 519 709 552 quam
726 509 754 541 si
770 509 845 551 quis

135 563 292 597 manibus
323 566 384 594 aut
405 561 547 594 lacertis
578 559 708 602 aliquid
734 559 847 601 aliqua

135 613 311 656 deportet.
347 611 471 644 Senec-
489 611 532 642 de
544 611 625 643 Vita
637 610 750 642 Beata
765 619 844 651 cap.

134 665 192 698 88.
211 662 223 682 ⁸
234 662 293 696 Sic
316 661 411 694 illum
435 661 568 693 divitiae
584 660 791 700 exhilarant,
806 663 846 691 ut

98 741 100 743 .
135 712 356 756 “vig-ntem
371 711 544 745 secundus
561 716 600 744 et
624 710 739 743 ferens
763 719 845 743 veu-

134 763 216 798 tus!
238 763 359 796 Barth.

176 816 219 847 u
241 812 432 855 Hyperion-
454 812 566 855 ponto]
589 812 674 844 Cum
698 812 845 854 primum

134 872 266 898 oceano
291 865 342 896 sol
367 863 454 896 exit.
498 863 553 896 Ex
567 862 771 904 Hyperione
787 871 845 894 au-

135 919 207 948 tm
215 914 331 948 Greci
338 913 530 946 fabularum
543 913 731 955 scriptores
738 912 845 944 stulte

136 969 238 998 natos
262 973 340 998 esse
351 963 527 996 fluxerunt
543 963 757 995 venerabiles
771 963 843 994 De-

135 1022 189 1057 os,
201 1014 316 1048 Sols-
333 1020 368 1046 et
381 1015 526 1054 Lunam,
538 1014 671 1056 pariter
686 1017 723 1045 et
732 1013 844 1045 Auro-

136 1074 224 1107 ram,
238 1069 416 1107 sperantes
433 1063 598 1096 videlicet
613 1063 729 1096 stolidi
738 1063 846 1095 homi·

136 1125 200 1149 nea
230 1115 299 1147 suis
327 1113 473 1148 fallaciis
504 1114 705 1147 nativitates
743 1123 845 1155 posse

135 1164 265 1205 auferri
296 1165 340 1198 ab
374 1166 438 1206 liis,
475 1166 534 1208 qni
570 1169 744 1197 noverunt
779 1173 845 1196 nec

136 1216 382 1251 mundumssnee
397 1215 489 1248 diem
504 1216 578 1248 sine
603 1216 676 1248 sole
698 1215 847 1257 lunaque

136 1275 214 1300 ‘aaa
225 1266 380 1309 potuisse
395 1276 416 1298 a
430 1265 627 1308 primordiis
641 1275 767 1306 rerum,
781 1274 847 1297 nec

136 1322 236 1351 tanta
274 1317 405 1350 lumina
426 1320 526 1349 utero
560 1316 669 1349 fuisse
699 1320 848 1358 gestata.

139 1367 344 1411 Hyperiona
369 1375 464 1409 ergo,
491 1376 560 1399 non
580 1371 618 1399 nt
642 1367 759 1399 Graeci
786 1365 849 1398 fm-

137 1423 227 1462 sstnt
239 1418 375 1451 Titanis
399 1416 508 1450 fllium
523 1417 774 1460 accipiendum,
788 1416 849 1449 sed

137 1468 270 1502 Latina·
287 1468 511 1510 simplicitate
533 1467 776 1510 explicandum
795 1467 850 1499 est

109 1523 112 1526 ”
140 1520 336 1562 ambiguum
373 1519 598 1552 Graecitatis:
646 1519 850 1561 Hyperiona

138 1569 260 1603 dicunt
277 1579 382 1612 super
402 1569 519 1602 omnia
543 1570 679 1602 saecula.
711 1571 849 1602 Luctan-

181 1670 327 1703 861¹„
347 1669 545 1713 flagellatis]
570 1670 702 1703 Dicunt
716 1670 849 1712 physici

139 1720 233 1764 quod
249 1722 320 1753 suis
335 1719 405 1752 fixa
421 1721 629 1762 ponderibus
649 1722 682 1753 in
707 1721 788 1754 aere
808 1722 848 1754 li-

138 1772 243 1810 brata
267 1771 420 1813 pendeat
441 1772 558 1812 tellus,
572 1776 609 1804 et
623 1781 725 1804 omne
741 1782 847 1814 grave

139 1831 218 1855 aaa·
228 1821 376 1864 pendet,
397 1821 426 1854 si
439 1827 569 1854 motum
580 1822 719 1864 babeat,
731 1821 848 1863 flagel-

138 1873 232 1906 tatur
243 1881 257 1904 ι
278 1881 364 1914 ergo
387 1876 483 1904 terra
502 1882 579 1905 eum
595 1873 631 1904 in
646 1873 761 1905 medio
775 1872 848 1906 fue-

138 1925 194 1957 rat
207 1921 287 1956 aere
299 1923 426 1955 librata
439 1927 570 1955 motum
586 1932 687 1964 passa
697 1927 764 1964 est,
778 1924 850 1956 suis

139 1972 316 2015 flagellata
330 1973 552 2015 ponderibus.
578 1974 676 2005 Idem.

183 2027 228 2058 ⁸9
252 2023 470 2067 ἃμαωςιε]
501 2024 625 2056 Portas
656 2023 849 2055 Thebarum

139 2074 305 2114 ostendit,
319 2075 399 2116 quia
411 2074 538 2106 dicitnr
552 2073 715 2106 Thebana
726 2073 850 2105 civitas

141 2131 276 2169 septen
293 2126 421 2162 habere
437 2130 576 2168 portas:
601 2127 692 2158 unde
715 2126 850 2159 Graecis

141 2174 324 2210 minans
338 2176 434 2208 dicta
448 2180 510 2209 est.
533 2177 633 2210 Idem.
678 2177 768 2209 Vide
788 2178 850 2210 im-

140 2227 261 2271 primis
274 2228 328 2260 hic
348 2227 478 2269 Hygin.
493 2228 687 2270 Mytliolog.
710 2238 789 2270 cap.
798 2231 852 2261 69.

141 2278 203 2312 ubi
217 2278 356 2310 nomina
371 2283 546 2320 portarum
561 2282 742 2310 numerata
757 2278 850 2311 inve-

141 2328 228 2361 ties.

131 2407 135 2410 .
183 2381 226 2412 41
252 2378 369 2411 Tristis
389 2381 489 2410 morte
509 2379 640 2421 negata]
661 2379 851 2411 Heroicum

141 2429 291 2461 animum
301 2428 387 2460 dicit
399 2428 496 2470 hujus
509 2429 592 2469 viri3
604 2429 747 2471 ignavus
760 2431 851 2462 enim

141 2480 279 2521 gavisus
309 2479 433 2512 suisset
460 2479 688 2513 condonatam
712 2481 779 2513 sibi
803 2482 851 2513 vi-

141 2530 227 2570 tam,
240 2529 351 2571 qualis
377 2530 469 2562 inter
492 2530 744 2573 qninquaginta
769 2531 853 2564 istos

91 2577 94 2581 ’
141 2579 323 2613 Thebanos
336 2580 403 2613 fuit
419 2581 614 2614 Maenaetes.
641 2582 714 2615 Vet.
730 2581 835 2614 schol.

185 2631 230 2664 42
251 2630 436 2673 Damnaque
457 2632 580 2674 notari]
606 2633 758 2674 Tempus
784 2633 854 2666 diei

143 2681 292 2724 signavit
305 2686 342 2714 et
356 2682 482 2724 noctis,
508 2683 600 2725 quod
626 2682 766 2716 difficile
794 2684 853 2716 ho-

143 2731 246 2777 minis
269 2732 381 2766 vultus
407 2732 451 2765 ad
471 2734 668 2777 perfeetum
685 2735 854 2776 potuisset

145 2781 296 2824 agnosci.
338 2783 492 2822 Sensus:
515 2785 682 2819 Quamvis
707 2794 769 2827 per
792 2785 853 2819 ob·

1491 203 1606 247 1821

897 315 1034 338 scutum
1058 306 1204 339 nuncius
1230 306 1372 348 agnosci
1398 316 1465 339 nou
1480 313 1608 349 posset,

895 355 979 398 quid
996 361 1110 388 tamen
1125 357 1352 389 nunciaturus
1374 362 1479 399 esset,
1501 360 1608 390 mani-

893 405 992 439 festis
1011 412 1223 448 agnoverant
1240 408 1357 450 signis.
1382 408 1580 441 Lactantius.

938 461 981 489 ⁶0
1003 458 1191 500 Haustaque
1210 458 1360 498 informis
1385 469 1481 491 arena
1496 459 1610 495 -Ques-

895 507 980 540 tibus
1003 508 1111 550 implet
1136 509 1245 550 agros]
1280 509 1452 551 Respexit
1480 518 1609 542 morem

895 558 1044 600 priscum
1056 570 1066 598 3
1080 569 1157 591 nam
1170 569 1237 591 non
1249 559 1366 593 Judaei
1380 560 1505 600 solum,
1518 559 1609 601 qnod

896 618 939 640 ex
955 609 1062 640 sacris
1084 609 1214 641 litteris
1237 613 1371 650 notum,
1387 609 1447 640 sed
1463 609 1609 641 Romani

894 662 933 691 et
949 659 1082 700 Graeci,
1106 660 1247 702 pulvere
1264 660 1298 692 in
1326 659 1421 692 luctu
1448 669 1524 693 sese
1550 660 1610 692 ad-

896 709 1118 751 spergebant.
1142 711 1311 752 Exempla
1323 719 1400 742 rara
1413 710 1505 752 apud
1516 709 1610 743 Auc-

897 765 1001 802 tores,
1025 767 1149 795 extant
1175 766 1302 795 tamen.
1345 764 1514 805 Papinius
1529 773 1607 805 pas-

896 811 959 843 sim
989 812 1158 845 meminit.
1193 814 1269 846 Lib.
1290 823 1344 846 vr.
1377 814 1505 846 ‘sedet
1534 815 1611 856 ipse

896 865 1021 894 exutus
1048 863 1179 896 honoro
1201 864 1379 896 Vittarum
1404 874 1496 896 nexu
1517 865 1611 907 geui-

898 916 965 954 tor,
995 914 1270 956 squallentiaque
1302 924 1363 947 ora
1389 915 1547 956 Sparsus,
1574 920 1611 947 et

895 962 1062 995 incultam
1078 963 1177 996 ferali
1192 965 1335 1006 pulvere
1351 965 1516 998 barbam:
1544 966 1612 998 Eo-

895 1011 975 1044 dem
989 1013 1048 1045 lib.
1071 1014 1081 1031 ‘
1094 1013 1167 1056 ipse
1178 1020 1317 1057 regesta
1333 1015 1613 1057 Parthenopaeus

894 1063 998 1096 humo
1026 1065 1227 1108 vultumque
1258 1066 1444 1107 oculosque
1471 1065 1612 1097 maden·

895 1118 948 1146 tes
961 1114 1101 1155 Obruit,
1114 1116 1262 1148 accessit
1274 1116 1526 1158 lachrymarum
1538 1125 1612 1158 gra-

897 1164 945 1196 tia
958 1163 1106 1206 formae‚'
1120 1167 1184 1199 ὅτε.
1209 1167 1362 1200 Bernart.

939 1217 981 1246 61
999 1215 1063 1247 Seu
1076 1217 1157 1257 quod
1168 1218 1264 1258 pudet
1275 1217 1458 1259 oresateri]
1479 1218 1613 1260 Scripti

898 1273 1027 1306 omnes,
1055 1266 1120 1308 ira,
1148 1277 1216 1300 non
1243 1278 1320 1300 ore.-
1349 1268 1440 1300 unde
1471 1269 1613 1300 minima

899 1317 1091 1349 mutatione
1118 1318 1247 1350 amicus
1267 1323 1397 1356 noster,
1418 1318 1528 1350 bonus
1554 1319 1613 1351 ille

898 1370 936 1398 et
949 1370 1085 1399 veteres
1101 1368 1288 1401 restituere
1302 1379 1434 1410 versus,
1447 1373 1484 1402 et
1505 1379 1613 1403 novos

898 1413 1018 1448 facere
1035 1422 1193 1450 veterum
1210 1419 1359 1451 similes:
1383 1421 1480 1460 pudet
1496 1420 1544 1451 ire
1558 1420 1614 1459 fa-

900 1464 974 1496 teri.
1031 1466 1108 1499 Nec
1137 1467 1266 1509 refuto,
1297 1469 1363 1501 etsi
1389 1469 1613 1502 blandiatur:

900 1523 968 1555 seu,
990 1517 1072 1557 qaod
1092 1517 1183 1549 rubet
1199 1518 1371 1557 irasateri.
1418 1519 1614 1553 Erubescit.

901 1565 951 1597 Ut
977 1565 1013 1597 in
1045 1567 1194 1608 Epithal.
1230 1573 1239 1587 ⁸
1257 1570 1343 1601 Cum
1373 1570 1489 1602 Turno
1517 1580 1615 1613 spec-

901 1618 998 1648 tante
1014 1616 1138 1649 rubet.'
1172 1619 1280 1652 Theb.
1300 1629 1336 1652 v.
1361 1620 1531 1653 ‘audaces
1559 1631 1616 1654 ru-

901 1665 977 1698 buit
987 1667 1112 1699 mirata
1123 1673 1282 1701 catervas
1295 1670 1442 1703 Pallas!
1457 1671 1535 1704 Lib.
1547 1680 1616 1704 ΧΠ.

898 1717 909 1735 ‘
926 1718 1046 1749 rubuit
1074 1719 1275 1761 Neptunius
1304 1720 1404 1752 heros
1429 1721 1614 1756 Permotu's

900 1768 1074 1801 lacrimis.'
1118 1771 1175 1802 Sic
1194 1772 1343 1813 plenius,
1359 1777 1397 1805 et
1416 1773 1547 1815 duplex
1564 1772 1615 1806 af-

900 1818 1016 1852 fectus
1040 1821 1258 1862 exprimitur.
1303 1823 1382 1855 Alio
1409 1833 1511 1856 sensu
1534 1825 1613 1858 Lib.

901 1879 969 1902 vu.
1026 1872 1036 1889 ‘
1052 1871 1190 1914 Iraeqne
1230 1873 1420 1907 rubentes!
1470 1873 1616 1907 Ovidius

899 1920 990 1953 Met·
1006 1929 1092 1954 vlu.
1114 1924 1125 1941 ‘
1142 1923 1244 1965 Saepe
1261 1933 1358 1955 suum
1374 1924 1511 1957 fervens
1534 1934 1615 1957 ocu-

901 1970 942 2002 lis
959 1970 1066 2004 dabat
1081 1972 1132 2004 ira
1149 1973 1332 2019 ruborem!
1374 1976 1421 2007 Et
1437 1975 1517 2008 hine
1538 1984 1616 2017 pos-

901 2022 947 2054 sis
963 2022 1214 2064 interpretari:
1239 2027 1329 2067 quod
1353 2025 1486 2059 irascor
1510 2026 1615 2059 fateri

902 2073 955 2104 vel
972 2073 1146 2115 indignor.
1174 2077 1184 2094 ⁸
1199 2076 1320 2108 Pudor
1333 2076 1341 2090 ’
1359 2077 1446 2109 adeo
1472 2083 1508 2109 et
1524 2077 1596 2109 ‘ira
1610 2077 1619 2091 '

901 2131 994 2165 saepe
1010 2125 1250 2158 communibus
1275 2126 1389 2159 verbis
1416 2128 1615 2169 exprimun-

901 2178 971 2216 tur,
999 2179 1038 2207 nt
1058 2176 1131 2217 jam
1157 2177 1193 2209 in
1216 2178 1380 2210 Diatribe
1407 2179 1613 2211 monuimus.

903 2225 1043 2258 Gronov.

943 2278 986 2307 63
1014 2275 1106 2316 Vaga
1133 2277 1269 2319 lumina]
1294 2277 1465 2310 Absolute
1497 2279 1616 2311 stellas

900 2326 1001 2367 dicit,
1014 2331 1052 2359 ut
1069 2328 1110 2359 sit
1126 2327 1338 2369 generaliter
1352 2338 1361 2359 ε
1386 2333 1446 2360 aut
1462 2329 1615 2371 quinque

901 2377 1058 2419 planetas
1075 2379 1231 2419 Saturni,
1256 2379 1367 2419 Jovis,
1393 2380 1531 2419 Martis,
1546 2381 1615 2412 Ve-

901 2428 1006 2468 neris,
1022 2432 1058 2460 et
1083 2429 1264 2462 Mercurii.
1310 2430 1474 2462 Ceterum
1502 2431 1552 2462 sol
1578 2435 1616 2463 et

900 2479 984 2511 luna
995 2489 1062 2512 non
1080 2485 1159 2512 sunt
1177 2481 1300 2521 stellam,
1312 2490 1377 2512 nec
1392 2491 1437 2513 ex
1459 2482 1616 2523 planeta·

902 2539 975 2562 rum
992 2540 1148 2568 numero,
1163 2531 1224 2563 sed
1243 2532 1349 2563 totius
1364 2533 1484 2564 mundi
1508 2532 1615 2565 duces

903 2590 943 2613 ac
958 2581 1098 2613 domini.
1115 2582 1263 2614 Laetam.

944 2633 987 2663 64
1012 2631 1057 2663 Et
1084 2635 1116 2663 te
1142 2632 1225 2663 mala
1244 2632 1390 2673 protinus
1418 2633 1497 2675 ales]
1521 2633 1616 2666 Quo·

902 2682 995 2714 niam
1018 2692 1121 2715 manu
1149 2692 1211 2715 sua
1232 2689 1307 2716 erat
1336 2684 1525 2725 periturus,
1556 2685 1618 2725 ait,

901 2733 984 2765 mala
1009 2734 1086 2774 alen,
1113 2733 1150 2766 id
1179 2737 1246 2773 est,
1272 2735 1398 2766 malum
1423 2736 1615 2776 augurium.

903 2784 1187 2828 Quotiescunque
1213 2786 1304 2819 euim
1336 2787 1407 2819 ales
1436 2786 1614 2819 foeminino
