1878 3164
295 209 411 253 2060
725 221 978 254 Rucssusus
1011 220 1297 252 nni'rroNu-zw

299 319 404 358 Frid.
424 319 659 368 Gronovius,
679 320 712 366 is
727 320 810 372 jam
829 326 953 359 totum
983 320 1148 359 Statium
1170 319 1379 367 recensuit,
1399 321 1580 373 notisque
1597 315 1684 359 suis
1704 319 1750 360 il-

297 383 502 421 lustratum
523 382 642 422 dedit.
698 383 864 422 Textum
898 383 947 421 ab
975 395 1022 422 eo
1051 383 1305 422 constitutum
1341 390 1499 423 secutus
1534 390 1596 422 est
1627 383 1748 436 Casp.

299 446 481 486 Barthius
502 446 540 483 in
561 446 623 484 ed.
640 459 711 485 sua
729 446 896 486 Luctatii
917 446 1215 486 Commentariis
1231 448 1527 488 correctioribus
1546 442 1749 494 instructa,

298 522 415 561 quam
446 510 496 548 ab
528 509 612 561 ejus
642 516 764 549 morte
797 510 966 549 absolvit
994 510 1141 553 Christ.
1175 511 1369 550 Daumius
1394 513 1510 551 1664.
1554 512 1666 550 ‘Tum
1680 509 1751 550 ed.

299 574 389 611 cum
418 573 520 612 notis
551 572 743 611 variorum
775 574 815 611 in
847 574 972 626 iisque
993 580 1034 612 et
1065 573 1213 614 Barthii
1241 579 1281 613 et
1300 574 1487 614 Gronovii
1523 575 1755 615 instructam

297 636 461 688 pulchre
476 635 683 675 adornavit
701 637 767 677 J0.
788 637 1029 676 Veenhusen
1053 638 1170 676 1671.
1227 637 1342 676 Hanc
1362 637 1539 678 insecuta
1554 645 1618 678 est
1635 638 1754 678 1685.

300 699 420 738 editio
439 700 478 737 in
495 713 609 738 usum
633 700 820 751 Delphini
838 707 974 740 curata
993 714 1016 739 a
1036 700 1205 739 Claudio
1225 701 1408 749 Beraldo,
1422 702 1534 754 cujus
1553 701 1672 741 hodie
1691 713 1755 741 ra-

300 763 394 802 ritas
430 763 552 815 major
582 770 658 811 est,
678 765 1092 816 quam-praestantia.-
1120 764 1353 805 Proeclarius
1387 772 1517 805 autem
1547 765 1598 806 de
1630 756 1756 805 Statio

303 820 464 879 meritus
486 832 547 865 est
574 825 656 866 Jer.
687 827 961 876 Marmaridas,
992 827 1160 880 Anglus,
1194 828 1260 879 qui
1290 841 1380 867 eum
1405 829 1536 869 denuo
1564 829 1759 870 recensuit

302 903 352 930 ex
370 890 534 930 vetustis
560 890 859 942 exemplaribus,
879 891 1114 939 emendavit,
1134 891 1315 943 notisque
1344 891 1566 933 illustravit.
1622 882 1756 939 Quam

300 953 509 993 editionem
528 967 618 993 cum
637 953 888 994 Gronoviana
906 954 1091 994 collatam
1111 967 1183 994 nos
1201 954 1374 1006 inprimis
1393 955 1519 995 secuti
1534 947 1693 997 suiuus.L

361 1019 462 1056 1653
491 1018 618 1056 Amst.
637 1019 703 1057 24.
723 1030 787 1069 ap.
807 1017 1279 1069 Lud.Elzevir—Opera;
1309 1031 1359 1057 ex
1374 1021 1601 1060 recensione
1618 1025 1758 1060 'etcum

303 1080 407 1119 notis
442 1082 507 1120 Jo.
540 1080 657 1120 Fred.
696 1080 898 1120 Gronovii.
954 1081 1072 1119 Hanc
1111 1081 1379 1120 recensionem
1414 1083 1594 1134 impense
1622 1081 1762 1122 laudat

304 1143 515 1183 Reinesius
534 1156 626 1196 pag.
653 1145 741 1184 151.
773 1145 873 1196 Epp.
894 1144 946 1183 ad
979 1145 1214 1183 Daumium:
1254 1149 1265 1168 ‘
1281 1144 1407 1185 Valde
1430 1159 1491 1185 me
1508 1146 1758 1187 delectarunt

303 1215 409 1246 uotae
428 1213 507 1247 tam
526 1214 735 1255 accuratae,
751 1214 790 1247 et
808 1207 847 1246 in
867 1208 1039 1260 pondere
1058 1221 1138 1246 non
1158 1220 1300 1260 magno
1317 1209 1412 1248 satis
1430 1209 1678 1262 ponderosa,
1689 1211 1760 1250 viri

305 1271 356 1310 ad
382 1271 663 1311 restituendum
697 1271 910 1323 genuinum
948 1272 1117 1311 auctoris
1152 1285 1323 1320 sensum,
1356 1273 1545 1325 peculiari
1576 1273 1760 1326 quopiam

306 1335 422 1387 genio
451 1335 533 1374 nati
553 1347 576 1373 a
607 1334 908 1387 Charitibusque
938 1335 1119 1377 edueatil
1174 1337 1321 1376 Confer
1352 1337 1461 1390 Hug.
1491 1327 1618 1377 Grotii
1636 1337 1760 1391 Epist.

306 1401 398 1438 673.
418 1399 484 1438 ubi
504 1411 596 1441 suas
624 1398 676 1437 ad
705 1399 793 1438 loca
811 1399 994 1450 quaedam
1023 1399 1137 1438 Statii
1164 1391 1409 1451 conjecturas
1438 1401 1489 1440 ad
1520 1401 1760 1441 Gronovium

305 1463 547 1503 transmittit.
604 1462 792 1515 Ejusdem
813 1463 1000 1502 Gronovii
1029 1463 1068 1501 in
1101 1463 1215 1502 Statii
1244 1464 1448 1516 Sylvarum
1466 1464 1584 1504 libros
1606 1477 1653 1504 v..
1675 1464 1761 1504 dias

305 1528 417 1567 tribae
439 1528 598 1567 seorsim
617 1527 844 1578 prodierant
857 1527 987 1579 «Hagoe
1000 1527 1163 1566 Comitis
1182 1528 1297 1566 1637.
1318 1529 1356 1566 8.
1376 1540 1538 1579 quarum
1554 1527 1760 1568 lectionem

306 1591 486 1645 omnibus
508 1591 560 1630 rei
582 1589 748 1629 Criticae
768 1590 955 1629 studiosis
974 1590 1222 1629 vehementer
1237 1590 1486 1642 commendat
1501 1591 1702 1631 Ernestius
1718 1592 1761 1632 in

306 1654 409 1695 Bibl.
431 1654 639 1695 L.—Hinc
655 1654 854 1693 Gronovio
869 1654 957 1693 lites
976 1655 1280 1694 intercesserunt
1298 1667 1388 1693 cum
1402 1655 1579 1695 Emerico
1593 1656 1762 1703 Cruceo,

307 1718 375 1769 qui
405 1718 461 1757 illi
495 1717 797 1757 Autidiatribam
827 1718 953 1759 Paris.
977 1720 1093 1759 1639.
1119 1720 1181 1758 12.
1203 1725 1243 1757 et
1261 1718 1404 1757 deinde
1438 1718 1676 1759 Muscarium
1710 1719 1762 1758 ad

310 1781 425 1820 Statii
456 1781 593 1834 Sylvas
614 1782 742 1822 Paris.
765 1784 882 1822 1640.
906 1785 944 1822 8.
964 1783 1158 1835 opposuit.
1214 1782 1266 1821 At
1294 1781 1516 1821 Gronovius
1534 1795 1624 1822 eum
1642 1782 1762 1836 probe

309 1845 502 1898 depexum
521 1845 641 1894 dedit,
661 1845 766 1885 edito
785 1845 961 1885 Elencho
988 1845 1255 1885 antidiatribes
1291 1844 1475 1884 Mercurii
1495 1844 1761 1885 Frondatoris.

311 1909 435 1949 Paris.
461 1911 578 1949 1640.
600 1911 639 1949 8.
729 1949 731 1951 ,
1000 1945 1004 1948 .

364 1996 418 2003 —-
446 1974 635 2012 Daventr.
658 1974 696 2012 8.
717 1972 765 2012 Ρ.
786 1973 939 2025 Papinii
959 1973 1072 2013 Statii
1084 1985 1216 2025 opera.
1257 1972 1317 2010 Ex
1336 1970 1400 2011 ed.
1421 1977 1558 2010 etcum
1577 1972 1680 2012 notis
1698 1971 1763 2011 Jo.
1807 2023 1812 2028 ¹

313 2036 430 2077 Fred.
458 2036 660 2076 Gronovii.
708 2035 800 2075 Vid.
815 2037 904 2078 Cat.
924 2037 1014 2077 libr.
1031 2038 1070 2076 in
1092 2036 1195 2076 Bibl.
1216 2035 1407 2088 Goettiug.
1426 2034 1466 2074 in
1486 2034 1606 2090 duplo
1624 2042 1762 2077 extan-

312 2102 421 2148 tium,
449 2114 488 2152 p.
508 2101 601 2140 299.

372 2165 473 2203 1658
513 2162 637 2202 Paris.
676 2164 714 2203 8.
750 2162 844 2202 voll.
885 2164 1148 2216 111.—Opera
1179 2176 1268 2202 cum
1312 2162 1418 2202 notis
1446 2162 1594 2204 ‘Franm
1631 2162 1766 2202 Guieti

316 2227 472 2274 Audiui,
500 2227 564 2266 Jo.
586 2226 804 2280 Peyrarede
822 2227 1022 2278 Aquitani,
1040 2233 1079 2266 et
1098 2226 1284 2266 aliorum:
1313 2238 1429 2278 opera
1458 2225 1579 2266 Mich.
1599 2225 1649 2266 de
1675 2225 1763 2265 Ma·-

315 2291 447 2338 rolles‚
467 2303 633 2342 cumque
653 2290 827 2342 ejusdem
847 2290 1162 2342 interpretatione
1182 2289 1349 2328 Gallica.
1388 2289 1516 2331 Lutet.
1532 2289 1658 2329 Paris.
1672 2289 1763 2329 Seb.

317 2353 437 2401 nare,
456 2355 530 2392 &a
577 2353 669 2393 vid.
691 2354 783 2392 cat.
803 2351 852 2391 de
871 2342 911 2391 la
930 2353 1031 2393 Bibl.
1053 2353 1106 2392 du
1120 2353 1171 2391 R.
1191 2352 1290 2391 Bell.
1311 2353 1428 2391 Lettr.
1446 2353 1519 2392 To.
1540 2366 1571 2392 ι.
1591 2366 1631 2405 p.
1654 2354 1744 2392 322.

374 2420 479 2458 1664
508 2418 697 2469 Cygneae,
715 2419 755 2455 4.
777 2414 871 2455 voll.
903 2429 961 2455 1v.
980 2429 1028 2456 ex
1047 2416 1150 2456 offic.
1171 2415 1355 2467 Goepneri
1373 2427 1437 2466 ap.
1457 2415 1521 2455 Jo.
1543 2415 1765 2455 Scheibium

318 2483 518 2535 -Opera‚
538 2493 627 2533 quae
661 2486 809 2518 extant.
853 2479 1004 2532 Caspai·
1022 2479 1205 2519 Barthius
1237 2478 1445 2526 recensuit,
1464 2485 1504 2518 et
1528 2478 1767 2518 animadver-

322 2547 498 2585 sionibus
534 2543 850 2597 locupletissimis
891 2543 1121 2582 illustravit:
1167 2542 1353 2594 inspersis
1395 2539 1446 2580 ad
1491 2541 1692 2582 Thebaida
1727 2551 1768 2583 et

319 2608 538 2649 Achilleida
555 2606 840 2648 commentariis
861 2619 907 2646 ac
927 2605 1069 2658 glossis
1099 2612 1284 2652 veterum,
1313 2604 1502 2644 hactenus
1519 2605 1660 2644 bonam
1677 2617 1766 2658 par·

318 2682 398 2713 tem
416 2671 588 2719 ineditis,
616 2679 656 2710 et
676 2670 886 2710 scholiaste
909 2670 1062 2709 Lutatio
1081 2669 1215 2708 multis
1235 2669 1331 2709 locis
1350 2669 1540 2721 corruptis
1570 2669 1764 2721 castigato

324 2737 375 2777 ad
395 2736 663 2776 auctoritatem
682 2743 721 2773 et
747 2747 859 2788 opem
887 2734 1236 2787 manuscriptorum
1262 2731 1555 2784 exemplarium,
1572 2733 1766 2786 praecipue
