1878 3164
292 206 407 252 1930

291 318 358 346 tam
368 313 470 345 mites.
511 312 659 345 Sensus:
685 312 803 345 Graeci
819 314 876 355 qui
888 312 989 345 modo

286 369 364 397 >tam
387 364 489 396 mites
509 363 656 404 fuerant,
673 363 752 394 visis
766 364 932 404 Jocastae,
954 368 990 395 ct

285 413 438 447 filiarum
463 414 538 455 ejus
563 413 736 454 lacrymis,
763 413 889 445 auditis
913 423 989 454 pre-

293 465 403 506 cibus,
418 466 525 506 ipsam
546 468 581 497 et
604 469 700 496 natas
718 465 791 506 jam
807 465 989 506 repellunt.

289 516 447 547 >Bernart-

336 568 402 598 612
413 566 464 598 Iee
477 565 551 606 age]
566 565 751 606 Increpans
764 564 914 606 Tydeus.
942 564 992 596 Ut

293 617 429 648 Turnus
458 615 494 647 in
522 614 689 656 Virgilio:
722 614 863 655 ‘Immo‚
890 614 952 654 nit,
972 623 993 645 ο

287 667 435 708 juvenes
464 670 607 706 accepto
645 669 814 706 tempore,
842 665 993 705 Turnus,

294 716 417 757 Cogite
441 716 619 748 concilium
646 721 683 748 et
709 725 828 757 pacem
853 716 992 747 laudate

295 766 468 807 sedentes,
494 765 551 797 Illi
575 766 678 798 armis
700 765 735 797 in
753 769 847 798 tecta
868 765 993 798 ruunt!

289 814 444 852 Laetam.

338 869 403 898 622
434 866 535 898 Retro
561 865 690 907 vexilla]
720 865 769 899 Ut
795 866 994 899 ostenderet

297 918 517 952 tumultuarie
533 928 679 961 pugnam
695 918 784 959 iniri,
797 928 992 960 perversum

292 969 448 1002 ordinem
463 969 633 1001 exercitus
656 969 886 1001 demonstrat:
911 969 995 1001 dicit

289 1029 380 1061 ergo
395 1022 490 1060 retro,
516 1023 595 1060 post
617 1019 738 1059 aciem,
760 1029 832 1051 esse
855 1020 994 1059 vexilla,

291 1080 375 1112 quae
397 1070 508 1103 soient
529 1070 674 1101 militum
697 1079 822 1102 cuneos
852 1070 994 1102 anteire.

293 1121 398 1153 Idem.

342 1174 405 1204 62³
437 1172 564 1204 Bellum
595 1171 739 1204 invenere
767 1171 882 1212 secuti]
918 1170 996 1203 Non

295 1221 392 1254 -tubis
418 1221 538 1258 solnm,
565 1221 625 1253 sed
657 1225 693 1252 et
723 1221 814 1253 lituis
845 1221 997 1254 excitare

291 1272 446 1304 ‘militum
469 1272 610 1311 animos,
634 1270 806 1303 veteribus
822 1271 996 1303 usitatum.

294 1322 465 1363 Exempla
477 1322 599 1363 passim
614 1321 725 1362 obvia,
738 1331 804 1363 qua
815 1321 905 1363 apud
920 1331 996 1354 nos-

298 1376 402 1413 trum,
425 1382 493 1414 qua
522 1372 618 1404 alios.
661 1373 802 1404 'rantum
833 1374 996 1404 Senecam

292 1422 368 1463 jam
399 1420 584 1461 advocabo,
613 1423 677 1463 quir
698 1422 870 1465 Thyeste:
893 1422 903 1439 ‘
917 1422 996 1455 Jam

297 1472 379 1503 silet
394 1481 543 1503 murmur
559 1481 662 1512 grave
673 1472 900 1511 classicorum,
917 1472 996 1505 Jam

297 1526 395 1554 tacet
406 1522 531 1555 stridor
543 1523 617 1555 litui
629 1522 827 1564 strepentis,
839 1522 921 1554 Alta
932 1532 996 1563 pax

299 1574 391 1606 urbis
404 1578 567 1606 revocata
583 1574 672 1606 laetae
686 1573 761 1607 est!
778 1580 874 1607 recte
889 1576 899 1594 ‘
911 1578 995 1607 stre·

301 1623 452 1666 pontis?
496 1634 572 1656 nam
598 1625 755 1657 incurvus
783 1630 858 1657 erat
880 1626 996 1666 lituus,

297 1680 338 1706 ut
352 1684 396 1707 ex
411 1675 512 1707 Festo
529 1674 706 1707 discimus:
725 1675 867 1717 ideoque
878 1685 995 1708 sonum

299 1730 492 1766 sti-eperum
523 1730 559 1757 et
588 1730 722 1757 acutum
748 1726 884 1758 edebat.
929 1727 995 1758 En-

299 1775 375 1807 nius
391 1787 398 1806 ε
424 1777 434 1794 ‘
448 1775 534 1807 Inde
549 1776 614 1807 loci
639 1776 743 1808 lituus
766 1777 897 1808 sonitus
913 1775 996 1809 effu-

297 1826 355 1858 dit
367 1825 510 1858 acutos.'
544 1826 622 1857 Nou
642 1826 814 1867 libentius,
828 1827 908 1869 quia
929 1827 1013 1858 ele--

251 1875 257 1877 ⁴
301 1876 397 1917 gauti
439 1876 635 1917 metaphora
673 1877 793 1916 optimi
840 1881 997 1909 auctores

298 1928 311 1945 ‘
327 1927 450 1959 lituum
462 1926 471 1940 '
488 1936 548 1968 pro
573 1927 584 1945 ‘
599 1926 782 1968 impulsore
793 1927 802 1942 ¹
822 1932 997 1969 usurpant.

299 1976 423 2009 Cicero
450 1977 493 2008 ad
519 1976 694 2008 Atticum:
715 1976 938 2009 ‘Existimare
955 1979 998 2012 Q.

303 2027 458 2059 Fratrem
494 2027 614 2059 lituum
651 2036 736 2058 meae
775 2026 997 2069 profectionis

296 2076 404 2110 fuisse
418 2077 440 2109 :’
462 2087 562 2119 quam
578 2077 726 2118 phrasim
750 2087 862 2118 operae
880 2079 997 2120 estjil-

305 2133 478 2161 ventutem
499 2128 701 2169 intelligere.
723 2128 778 2159 adi
802 2130 937 2160 omnino
954 2129 998 2160 A·

302 2179 442 2221 gellium
458 2178 516 2211 lib.
532 2188 558 2210 1.
574 2188 603 2210 c.
620 2181 670 2210 ll.
687 2178 730 2209 de
755 2179 848 2210 vario
872 2180 998 2220 prisco-

302 2240 377 2262 rum
392 2230 458 2262 ritu
475 2230 508 2260 in
525 2229 667 2274 praeliis.
689 2228 839 2260 Bemart.

344 2283 406 2312 631
438 2281 580 2312 Hor-rent
607 2279 792 2322 Tyrrhenos]
831 2279 998 2312 Tubarum

300 2336 435 2364 cantus.
458 2330 606 2362 Laetam.

344 2384 408 2414 632
420 2381 600 2421 Sidonium]
612 2380 830 2412 Thebanum:
848 2390 937 2413 nunc
949 2391 1000 2413 er-

303 2442 345 2473 go
375 2431 479 2473 po'e'ta
503 2432 710 2463 diversorum
737 2437 874 2473 mortes,
895 2432 1001 2464 veluti

303 2483 406 2514 Musa
418 2486 588 2521 monente,
604 2481 776 2514 describit.
820 2482 1002 2525 Malefidus]

303 2532 464 2574 1nfrenis,
478 2532 537 2574 qui
558 2533 681 2565 timore
701 2541 868 2564 armorum
889 2534 1001 2565 teneri

303 2593 371 2616 non
388 2587 534 2624 poterat.
557 2583 656 2614 Idem.

347 2636 410 2664 633
428 2632 646 2674 Rumpentem]
672 2633 778 2664 Retro
799 2633 1001 2674 tmhentem,

304 2686 344 2715 nt
373 2683 474 2714 nimio
508 2682 683 2715 conamine
711 2681 810 2715 frena
842 2692 1000 2724 rumpere

302 2732 517 2765 crederetur.
542 2733 639 2765 Idem.

300 2792 308 2803 ‘
346 2786 410 2816 634
447 2783 539 2817 Venit
565 2784 654 2816 kasta
680 2791 738 2825 per
762 2783 879 2825 armos]
912 2783 999 2826 Equi

747 218 890 250 No'rAE
923 218 1190 251 VARIORUM
1224 217 1276 250 ΙΝ

1035 313 1189 346 scilicet:
1208 323 1383 356 possumus
1396 314 1498 347 etiam
1509 313 1736 356 scapula-›lw-

1037 363 1163 397 minum
1179 374 1290 396 armos
1304 364 1434 397 dicere.
1471 364 1520 397 Ut
1529 364 1648 407 Virgil.
1661 365 1674 384 ⁴
1686 365 1735 398 ls-

1038 418 1090 446 tos
1102 414 1179 447 huic
1195 415 1289 446 hasta
1303 424 1363 456 per
1379 425 1490 447 armos
1506 415 1596 448 Acta
1611 415 1737 456 tremit,

1037 463 1258 506 duplicatque
1271 464 1378 497 virum
1392 464 1552 498 transfixa
1563 465 1738 499 dotorem!

1035 513 1138 546 Idem.

1082 565 1144 595 641
1168 561 1359 606 Menoeceus]
1374 563 1446 596 Iste
1459 564 1650 598 Thebanus
1658 563 1736 606 fuit,

1040 623 1140 655 quem
1156 613 1190 645 in
1206 615 1363 655 catalogo
1386 614 1542 648 Phorbas
1562 614 1737 657 Antigone

1042 663 1242 695 monstravit
1256 667 1392 696 euntem
1407 664 1498 697 inter
1510 665 1634 698 duces:
1650 665 1739 697 dixit

1043 713 1145 754 enim,
1158 723 1228 754 quoe
1241 717 1346 747 noster
1356 715 1451 756 signa
1464 716 1650 758 Menoeceus·
1674 715 1739 749 ⁴Id.

1085 767 1148 797 642
1193 766 1454 808 Parthenopaeus]
1514 766 1739 799 nivernorum

1042 820 1169 848 mortes
1198 816 1386 858 virgiliane
1423 817 1526 860 poeta
1560 815 1738 851 describit.

1043 867 1140 900 Idem.

1039 932 1042 939 ·
1085 921 1146 950 645
1170 918 1359 960 Dividuum]
1380 918 1411 951 A
1436 919 1601 952 divisione
1616 918 1741 952 raimi-

1041 968 1128 1000 dium
1151 979 1171 1000 a
1193 969 1405 1002 dimensione
1420 970 1561 1003 dictum.
1603 969 1673 1003 Hic
1687 979 1741 1002 er-

1045 1029 1087 1061 go
1104 1020 1280 1061 dividuum,
1304 1021 1337 1052 in
1360 1021 1442 1053 duas
1464 1026 1581 1062 partes
1595 1020 1739 1053 divisum

1045 1071 1170 1111 posuit.
1212 1070 1314 1111 Abas]
1351 1071 1419 1103 Hic
1454 1071 1640 1104 Thebanus
1674 1074 1740 1111 est,

1045 1121 1103 1162 qui
1134 1121 1242 1154 victor
1271 1131 1394 1163 rapere
1428 1122 1537 1164 spolia
1566 1121 1738 1165 cupiebat.

1044 1171 1144 1203 Idem.

1086 1224 1150 1254 647
1175 1224 1281 1255 Cornu
1294 1224 1460 1264 deprensus
1471 1222 1608 1264 Achiva]
1619 1222 1740 1256 Lectio

1044 1273 1117 1305 haec
1132 1283 1151 1305 a
1163 1274 1271 1306 veteri
1287 1274 1482 1306 membrana
1497 1278 1562 1313 est,
1583 1274 1742 1316 vulgate-

1040 1333 1170 1365 prennus
1195 1324 1328 1364 Achiuo,
1351 1328 1472 1357 contra
1495 1325 1662 1357 rationem
1680 1324 1741 1356 Ln-

1045 1374 1105 1406 tini
1121 1375 1304 1407 sermonis:
1330 1384 1441 1416 neque
1457 1375 1547 1407 enim
1563 1384 1677 1408 arcum
1692 1375 1743 1406 iu-

1046 1424 1183 1465 telligit,
1196 1425 1254 1456 sed
1276 1425 1400 1457 hastile
1425 1434 1445 1458 e
1469 1431 1588 1459 cornu.
1629 1423 1741 1466 Virgi-

1045 1475 1130 1507 lius:
1153 1475 1282 1507 ‘Volat
1304 1475 1396 1507 Itala
1423 1472 1567 1508 comus?
1612 1474 1743 1508 Noster

1045 1526 1105 1558 lib.
1124 1535 1165 1558 n.
1200 1525 1314 1558 ‘subit
1341 1535 1399 1558 ore
1427 1535 1511 1558 cavo
1538 1526 1742 1559 Theumesia

1045 1575 1193 1612 cornus!
1217 1576 1371 1608 Bemart.

1088 1628 1151 1657 650
1168 1627 1212 1657 Et
1227 1626 1390 1667 mansisse]
1403 1627 1474 1659 Pro
1488 1628 1635 1659 manere.
1649 1626 1743 1659 Lace.

1087 1679 1147 1708 651
1174 1678 1303 1709 Mutare
1318 1678 1476 1719 furorem]
1501 1677 1549 1709 Ut
1571 1685 1669 1709 secra
1691 1678 1743 1710 Li-

1046 1727 1165 1759 bertin
1178 1726 1326 1759 furorem
1339 1727 1500 1759 bellorum
1513 1727 1644 1759 insania
1654 1736 1743 1760 com·

1046 1782 1207 1811 mutares.
1230 1778 1327 1810 Idem.

1087 1831 1152 1861 654
1174 1828 1290 1860 Inscita
1303 1828 1384 1870 pico]
1411 1827 1566 1861 Fasciola
1580 1824 1644 1860 'est
1666 1837 1742 1871 quae

1047 1878 1148 1910 imam
1172 1883 1302 1910 vestem
1325 1889 1385 1910 suo
1410 1879 1519 1920 pingit
1533 1883 1681 1910 ornatu:
1703 1882 1742 1910 ut

1048 1928 1172 1961 Horat.
1193 1930 1203 1947 ‘
1217 1929 1370 1962 Quarum
1385 1929 1528 1960 subsuta
1549 1928 1636 1961 talos
1655 1928 1742 1970 tegit

1046 1979 1165 2012 instita
1179 1979 1298 2012 veste?
1318 1980 1465 2011 Laetam.

1089 2033 1154 2062 656
1177 2031 1272 2072 Tyrio
1292 2029 1498 2070 subtegmine]
1525 2028 1564 2061 Id
1589 2033 1654 2066 est,
1676 2027 1742 2061 snb

1048 2086 1146 2114 veste
1175 2090 1344 2123 purpurea
1376 2081 1556 2112 videbatur
1581 2079 1743 2121 splendor

1048 2132 1173 2164 loricae.
1195 2132 1295 2163 Idem.

1089 2185 1152 2214 657
1177 2181 1373 2222 Brachioque
1400 2181 1434 2212 in
1463 2181 1607 2223 manicis]
1632 2181 1742 2212 Mani-

1049 2242 1106 2265 cas
1123 2231 1260 2271 habere,
1276 2230 1450 2262 veteribus
1472 2231 1570 2262 molle
1593 2240 1633 2262 ac
1648 2229 1742 2262 effoe-

1048 2282 1223 2313 minatum.
1268 2280 1379 2313 Poeta
1392 2281 1578 2322 Princeps:
1601 2281 1666 2312 ‘Et
1688 2284 1742 2321 tu-

1049 2332 1135 2364 nicae
1151 2331 1312 2371 manicas,
1337 2336 1372 2362 et
1393 2331 1520 2362 habent
1543 2321 1743 2363 redimicula

1049 2381 1182 2413 mitrae?
1226 2381 1368 2413 Plautus
1383 2380 1556 2412 Pseudolo
1568 2391 1579 2412 ε
1598 2380 1610 2399 ⁴
1622 2381 1744 2414 Manu-

1048 2433 1172 2464 leatam
1189 2432 1338 2464 tunicam
1361 2431 1486 2463 habere
1500 2431 1667 2464 hominem
1684 2432 1743 2465 de·

1047 2487 1106 2515 cet
1117 2483 1139 2514 ?'
1163 2482 1289 2514 Allusit
1304 2491 1364 2513 suo
1385 2491 1476 2513 more
1491 2482 1742 2523 elegantissime

1049 2533 1217 2564 Romanus
1246 2533 1376 2573 Sophus
1401 2532 1532 2563 Seneca
1555 2532 1664 2573 Epist.
1686 2535 1741 2566 33.

1047 2583 1057 2600 ⁴
1069 2581 1172 2623 Apud
1188 2590 1242 2612 me
1258 2590 1337 2612 vero
1353 2581 1520 2622 Epicurus
1541 2587 1593 2612 est
1615 2585 1652 2613 et
1674 2581 1744 2614 fora

1049 2630 1105 2672 tis,
1135 2631 1218 2662 licet
1243 2630 1456 2661 manuleatus
1481 2630 1550 2662 sit.¹
1589 2631 1743 2665 Ber-nort.

1051 2681 1179 2712 Vincula
1185 2679 1319 2720 plantoe]
1334 2679 1578 2713 Calciamenta:
1597 2682 1742 2723 utillud,

1047 2730 1241 2770 ‘Tyrrhena
1271 2729 1396 2770 pedum
1418 2729 1619 2764 circundata
1644 2732 1743 2774 plan-

1049 2780 1117 2814 tis?
1139 2780 1290 2813 Lactant.
