1878 3164
498 238 540 270 1‘.
574 237 764 270 PAPlNll
799 238 965 270 STATn
999 238 1148 271 THEB.
1181 240 1277 271 LIB.
1303 240 1388 271 vn.

207 341 309 376 qnam
338 331 494 376 injuriam
522 336 722 375 pateretur:
757 332 838 376 qnia
860 334 910 366 sol

205 383 315 417 radiis·
333 384 404 417 suis
426 384 600 426 magnifici
616 383 735 426 flagitii
751 384 911 418 detector

202 432 312 467 faisse
325 437 495 467 narratur.
517 434 579 467 sed
603 435 633 467 si
649 435 729 467 ideo
750 445 806 468 res
821 436 910 468 male

202 483 384 516 minim
404 483 600 526 displicuit,
614 490 775 527 superest
798 490 836 518 ut
859 485 909 518 in-

202 534 362 570 venietur
375 535 588 569 carissimum
608 545 747 570 numen.
769 537 908 569 Laetam

200 585 277 618 tius.

210 631 286 670 ''oe
309 637 408 671 Foeda
429 638 590 680 catenato]
619 638 708 670 Hac
734 638 847 681 inquit
867 639 908 672 li-

197 687 290 721 mina
302 688 399 730 prius
414 689 592 722 Vulcanus
615 690 784 729 extruxit,
805 699 906 732 quam

199 738 327 773 Martis
354 744 392 773 et
416 740 562 774 Veneris
591 740 636 773 de
666 740 755 773 Solis
777 740 906 773 indicio

197 789 408 824 adulterium
441 790 690 833 cognovisset:
716 800 784 833 quo
813 800 906 823 com·

187 836 311 883 porto,
352 842 537 884 utrumqne
573 840 807 874 subtilissimis
845 842 906 874 de-

193 888 310 924 'vinxit
331 890 477 932 catenis,
504 894 611 934 atque
639 891 674 923 in
698 897 905 925 conventum

196 941 536 974 numinumadduxit
549 941 747 974 adulteros:
761 942 862 975 Idem.

190 1008 196 1010 -
236 990 436 1035 osunen-e
456 992 620 1033 reti-actis]
648 993 837 1033 Eleganter
850 1003 901 1026 so-

185 1050 260 1076 ·nus
276 1043 327 1076 rei
340 1043 524 1076 indicatur.
566 1044 704 1076 Cornua
717 1047 832 1076 autem
842 1042 903 1076 flu-

190 1093 253 1127 'vio
269 1091 326 1128 'de
353 1094 665 1129 morrPoetnrum
695 1094 904 1136 tribuuntur.

194 1145 276 1188 qnia
303 1154 430 1189 nempe
466 1146 526 1179 nbi
557 1146 730 1186 oriuntur,
759 1145 903 1179 flumina

185 1195 350 1239 pluribus
366 1196 448 1229 rivis
458 1195 714 1229 confluentibus
725 1196 901 1230 confluere

191 1243 321 1280 solent.
375 1245 419 1279 Id
444 1246 577 1280 indicat
603 1246 709 1279 Ovid.
737 1246 796 1279 lib.
816 1256 902 1279 xm.

194 1298 240 1331 de
256 1297 344 1331 Aci:
366 1299 377 1318 ‘
390 1298 516 1341 Fitque
528 1298 625 1331 color
640 1297 752 1340 primo
769 1298 900 1331 turbati

193 1347 344 1382 flaminis
367 1349 492 1392 imbre,
505 1349 662 1392 Vivaque
689 1357 752 1391 per
776 1349 902 1392 rimas‚'

154 1414 156 1416 ·
192 1400 402 1434 &eslim-th.

182 1464 190 1468 ·
234 1453 279 1484 66
293 1450 445 1493 flecma]
469 1451 529 1484 De
552 1450 663 1484 Hebri
685 1451 840 1493 planitie,
855 1451 900 1483 E-

183 1502 272 1544 ·quis
297 1507 394 1544 apta,
421 1502 514 1545 qnod
540 1502 664 1544 Papin.
691 1502 746 1534 bic
773 1502 898 1544 innuit,

192 1551 273 1586 vide
302 1553 402 1587 Petr.
429 1553 567 1585 Bellon.
597 1553 693 1595 cnjus
724 1552 899 1586 Observa-

192 1602 306 1636 tiones
322 1610 456 1644 magnae
465 1602 697 1645 jucunditatis
712 1603 898 1635 lectionem

191 1653 333 1695 liabent,
349 1653 408 1687 lib.
424 1663 452 1686 1.
467 1662 543 1695 cap.
557 1655 612 1685 63.
637 1653 737 1685 Idem,

233 1706 278 1736 70
312 1703 408 1736 Subit
435 1702 575 1744 carram]
604 1702 808 1744 Ingreditur
836 1712 898 1735 seu

183 1753 342 1788 advenit.
383 1753 577 1796 Aspen-gine]
599 1753 610 1772 ‘
623 1752 804 1796 Aspergo’
821 1759 897 1794 gut-

189 1809 228 1839 ta
250 1809 306 1839 est
331 1809 435 1839 terrae
455 1815 578 1839 cruore
601 1805 787 1848 permixta.
816 1805 897 1838 Lae-

188 1859 272 1890 tant.
632 1880 635 1883 ·

231 1909 273 1941 71
298 1907 410 1940 Mutat
438 1907 559 1950 Argos]
580 1907 752 1950 Sanguine
775 1907 899 1949 inficit,

188 1959 354 2000 maculat,
365 1959 491 2000 variat,
505 1960 575 1991 sive
592 1959 784 2002 distinguit.
806 1960 897 1992 Flen-

189 2012 297 2052 teqtoe
319 2009 470 2052 eatervoe]
497 2009 720 2052 Captivorum
750 2005 896 2043 scilicet.

139 2073 142 2075 Α
188 2053 291 2094 tm.

232 2111 276 2142 72
288 2110 361 2143 Nix
373 2111 440 2143 alta
450 2110 564 2152 tom]
575 2109 795 2143 Adveniente
806 2112 897 2152 Deo,

190 2160 305 2194 omnia
317 2170 394 2205 (με
405 2161 442 2194 ἰιι
454 2161 567 2194 medio
582 2166 675 2204 sunt,
687 2162 800 2194 locum
811 2162 896 2194 dare

165 2243 167 2245 .
189 2221 334 2246 necesse
347 2215 414 2246 est.
436 2212 536 2245 Idem.

230 2267 274 2299 73
297 2264 483 2312 Sug-uinea
497 2264 606 2305 manu]
631 2264 893 2306 Sanguinarinrn

187 2324 313 2348 numen
343 2315 509 2357 sangnine
544 2314 671 2357 ubique
704 2315 892 2356 gaudebat.

186 2364 240 2400 Ut
265 2366 300 2399 in
325 2367 432 2399 sacris
453 2376 526 2399 mos
550 2366 752 2399 servabatur
776 2366 893 2399 elicito

187 2415 354 2459 sangnine
369 2426 446 2450 eam
458 2416 607 2449 colendi.
652 2417 813 2449 Lactant.
830 2417 852 2448 l.
865 2426 891 2449 r.

187 2477 221 2501 c.
234 2471 292 2502 2⁰.
339 2468 491 2500 Eandem
506 2468 685 2500 Bellonam
702 2473 842 2508 vocant,
858 2467 892 2499 in

186 2519 310 2563 quibus
345 2519 452 2552 sacris
482 2519 549 2561 ipsi
580 2519 787 2551 Sacerdotes
824 2528 892 2551 non

187 2568 311 2610 alieno,
343 2569 405 2602 sed
434 2578 496 2601 suo
525 2578 646 2601 cruore
683 2568 893 2601 sacrificant.

186 2619 300 2653 Sectis
326 2616 474 2663 namque
496 2620 660 2661 humeris,
684 2623 721 2652 et
745 2624 892 2662 utraque

186 2678 291 2703 manu
318 2670 494 2703 districtos
530 2669 662 2712 gladios
689 2675 893 2702 exserentes

187 2725 343 2760 currunt,
373 2721 577 2763 efferuntur,
607 2723 790 2755 insaniunt.
834 2723 892 2754 De

187 2772 333 2806 Bellona
344 2777 381 2806 et
389 2774 506 2806 Marte
518 2773 595 2815 lege
611 2773 891 2816 Speculationem

189 2824 335 2858 Cornuti
349 2834 428 2868 cap.
440 2827 494 2858 21.
517 2824 633 2858 Barth.

1555 233 1670 275 1915

1003 337 1047 367 76
1071 335 1139 367 Nec
1155 335 1233 368 talia
1252 335 1396 376 mandat]
1421 334 1457 367 Si
1484 334 1667 369 adventum

959 387 1085 420 Martis
1101 389 1207 421 talem
1225 388 1327 430 juxta
1352 388 1475 421 Jovem
1502 398 1602 422 casus
1618 389 1668 420 af-

951 435 1081 479 ·ferret,
1105 438 1215 470 multa
1248 438 1292 469 de
1319 438 1380 470 -ira
1403 447 1476 478 sua,
1507 442 1544 470 et
1573 448 1666 470 man-

959 487 1117 521 datorum
1141 487 1334 521 acerbitate
1357 487 1547 521 minuisset.
1583 489 1665 520 Lae-

957 540 1041 571 tant.

1000 591 1043 622 77
1069 589 1162 627 Quod
1188 589 1282 622 Jovis
1311 588 1492 630 imperium]
1526 588 1667 622 Allocu-

957 639 1007 672 tio
1024 640 1149 672 Martis
1174 640 1419 681 interrogantis
1439 640 1667 681 Mercurium,

957 691 1071 733 qualia
1087 692 1131 724 ad
1147 702 1183 724 se
1198 692 1295 726 Jovis
1312 691 1474 724 mandata
1500 696 1665 734 portaret.

956 742 1058 774 Idem.

998 795 1042 825 78
1067 794 1208 834 Occupat
1222 792 1427 834 armipotens]
1443 793 1664 836 Interrogan-

956 842 1001 874 do
1018 843 1113 875 Mars
1130 843 1310 884 praevenit.
1338 843 1435 875 Idem.
1535 868 1537 873 .

998 892 1220 934 80-Maena'la]
1248 894 1421 925 Maenalus
1451 897 1488 925 et
1518 895 1664 936 Lycaeus

954 948 1089 976 montes
1105 943 1266 975 Arcadiae
1283 943 1514 976 amoenissimi.
1534 945 1634 978 Idem.

999 995 1039 1025 81
1063 992 1229 1034 Moram]
1254 993 1358 1025 Nulla
1377 1003 1471 1026 mora
1485 993 1587 1028 discit
1603 1004 1663 1037 pa·

955 1043 1017 1077 tris
1031 1048 1220 1085 praecepta.
1242 1044 1342 1077 Idem.

997 1097 1040 1126 82
1062 1094 1153 1126 Sicut
1167 1094 1373 1136 anhelabant]
1399 1094 1453 1127 De
1470 1094 1561 1128 bello
1577 1095 1664 1137 Scy-

954 1143 1047 1176 thico
1063 1149 1272 1176 remeantes.
1316 1142 1438 1177 Juncta
1450 1145 1578 1187 sudore]
1591 1145 1662 1178 Ite-

954 1195 1044 1226 ratio
1082 1195 1206 1237 prioris
1244 1199 1282 1227 et
1318 1196 1493 1239 sequentis
1523 1196 1662 1229 laboris.

942 1245 1063 1278 Idem.
1132 1259 1133 1262 ¹

995 1298 1039 1328 86
1062 1295 1161 1338 Ruit]
1194 1295 1299 1329 Cadit
1331 1298 1388 1329 vel
1414 1297 1540 1330 desinit
1563 1297 1662 1332 flare.

940 1346 1055 1379 λάθω.
1071 1375 1073 1377 ,

994 1399 1037 1429 87
1063 1397 1138 1429 Pax
1151 1397 1220 1439 ipsa
1234 1396 1349 1438 tumet]
1364 1397 1661 1442 Ipsatranquilli-

952 1451 1005 1480 tas
1019 1448 1182 1489 inquieta.
1206 1449 1306 1481 Idem.

994 1501 1036 1530 88
1059 1498 1243 1540 Exanimis]
1273 1499 1353 1531 Sine
1386 1504 1506 1540 vento;
1532 1500 1566 1532 id
1593 1505 1659 1541 est,

950 1548 1106 1591 reliquiae
1134 1549 1354 1591 tempestatis
1379 1551 1463 1583 licet
1486 1550 1555 1584 sint
1586 1552 1659 1583 sine

950 1598 1036 1632 flatu
1052 1605 1246 1643 ventorum,
1260 1604 1377 1633 tamen
1403 1601 1515 1634 adhuc
1543 1603 1659 1644 exagi-

950 1655 1026 1683 tant
1041 1661 1146 1685 mare.
1169 1652 1269 1684 Idem.

992 1704 1035 1734 92
1063 1702 1145 1735 Vina
1168 1703 1232 1735 soto
1244 1701 1399 1743 fundens]
1425 1702 1575 1736 Inferias
1597 1702 1658 1736 de-

950 1752 1070 1785 functo
1098 1753 1270 1786 Adrastus
1300 1753 1512 1787 Archemoro
1543 1755 1657 1787 vinum

950 1802 1194 1845 profundebat.
1232 1803 1328 1837 ,Vide
1364 1805 1575 1847 interpretes
1613 1805 1657 1837 ad

949 1854 1010 1886 illa
1034 1854 1190 1887 Maronis
1216 1854 1277 1887 lib.
1305 1864 1343 1887 V.
1370 1855 1381 1873 ⁸
1398 1855 1468 1888 Hic
1494 1856 1564 1888 duo
1588 1857 1657 1889 rite

948 1914 1043 1937 mero
1067 1905 1176 1937 libans
1200 1905 1377 1938 carchesia
1399 1906 1552 1947 Baccho,
1566 1906 1657 1939 Fun-

947 1955 1000 1988 dit
1014 1955 1131 1988 bumi.'
1176 1956 1307 1989 Fundit
1317 1959 1431 1989 autem
1446 1956 1656 1991 Archemoro

949 2006 1062 2039 vinum
1079 2012 1117 2039 ut
1132 2008 1224 2047 Deo,
1240 2017 1309 2039 non
1325 2011 1364 2039 ut
1378 2012 1525 2041 mortuo.
1559 2009 1654 2041 Mor-

936 2058 1014 2090 -tnis
1031 2059 1122 2090 enim
1149 2068 1215 2090 non
1242 2059 1371 2091 licebat
1395 2059 1508 2092 vinum
1533 2060 1653 2098 libare,

948 2114 1038 2142 teste
1052 2109 1171 2142 Servio
1187 2109 1230 2141 ad
1247 2109 1369 2150 Virgil.
1391 2109 1512 2141 Barth.

988 2163 1030 2192 93
1068 2160 1242 2192 Trieteride
1271 2158 1388 2200 multa]
1417 2160 1650 2192 ‘Trieterica’

945 2220 1043 2243 sacra
1067 2215 1159 2251 sunt,
1185 2220 1261 2252 quae
1288 2210 1483 2245 intermisso
1505 2211 1654 2244 triennio

945 2261 1180 2295 celebrantur.
1203 2261 1350 2294 Laetant.

943 2326 945 2328 ·
987 2314 1030 2344 94
1054 2311 1125 2343 Nec
1149 2311 1273 2343 saueius
1302 2310 1445 2343 Arcades
1471 2310 1560 2353 aras]
1585 2312 1652 2344 Pe-

943 2363 1019 2404 lops
1054 2362 1202 2402 scilicet,
1231 2361 1289 2404 qui
1320 2371 1341 2393 a
1374 2365 1473 2403 patre
1503 2363 1650 2395 Tantalo

942 2413 1136 2445 numinibus
1166 2411 1355 2454 epulandus
1384 2416 1438 2444 est
1459 2414 1651 2455 appositus.

941 2465 1042 2497 Idem.
1390 2472 1393 2475 ·

983 2518 1025 2547 95
1049 2515 1198 2555 Eloeaque
1210 2512 1328 2555 pulset]
1351 2512 1393 2545 Id
1411 2518 1464 2546 est
1481 2513 1648 2548 Graeciae:

943 2566 1002 2598 ubi
1026 2565 1097 2597 ludi
1122 2563 1284 2596 funebres
1311 2568 1347 2595 et
1373 2564 1576 2606 Olympicus
1599 2567 1650 2598 in-

941 2617 1083 2649 stitutus
1106 2619 1160 2648 est
1186 2624 1288 2657 agon,
1316 2614 1350 2646 in
1377 2625 1444 2657 quo
1460 2618 1648 2650 certamine

941 2670 1090 2703 oleastro
1105 2669 1255 2701 victores
1278 2668 1436 2701 coronari
1461 2679 1646 2703 consueve-

942 2724 1035 2753 runt.
1079 2720 1209 2752 Ebuma
1235 2719 1343 2760 manu]
1366 2720 1430 2761 Ut,
1451 2724 1461 2740 ¹
1477 2720 1648 2754 Humero-

942 2781 1010 2815 que
1026 2771 1151 2813 Pelops
1171 2770 1310 2812 insignis
1325 2769 1481 2803 eburno!
1504 2771 1604 2804 Idm.

986 2824 1029 2854 96
1053 2821 1122 2854 Nee
1153 2820 1321 2862 Castaliis]
1353 2821 1470 2863 Pythii
1508 2823 1644 2863 agonis:
