1878 3164
226 242 228 244 r
288 212 403 256 2028

287 317 332 358 hy
337 316 500 358 perbole.›
512 316 692 350 Matar-ant.

331 369 395 400 473
421 367 539 408 Ardet]
577 368 657 400 Huc
683 377 788 410 usqne
814 367 991 410 dependet

284 417 667 459 oratio‚quod‚quamvis
680 426 796 451 omnes
807 419 864 452 isti
877 424 991 452 esseut

287 472 408 499 contra
421 468 572 509 Trojam,
593 472 707 500 tamen
723 479 840 501 omnes
857 470 989 503 deside·

287 517 412 550 rabant
431 517 614 552 Achillem.
658 520 703 552 Et
724 525 777 553 est
791 520 899 563 figura
913 530 990 554 ana·

288 567 439 609 colyton.
463 569 563 601 Idem.
846 577 847 580 ’

330 621 394 651 474
414 619 455 651 In
477 618 636 660 Hectora]
667 619 797 653 Contra
823 620 990 654 Hectora.

287 668 389 700 Idem.

329 721 395 751 476
420 719 500 755 Quis
513 719 611 760 enim]
635 719 796 752 Rationes
817 730 921 762 quare
942 720 991 753 ita

288 772 550 809 exposceretur.
606 769 717 811 Alter]
749 770 800 802 Ut
825 770 989 803 Achilles.

289 819 392 853 Idem.
696 835 698 838 ·

292 890 293 893 κ
327 869 392 900 477
415 868 561 911 Effossa]
585 870 758 912 Manibus,
782 870 863 903 dum
891 880 990 912 repe-

287 923 351 951 ret.
380 918 493 959 Cuius]
508 918 620 960 Alius,
633 925 862 963 praeterquam
875 920 991 953 Achil·

286 968 340 1000 lis.
384 968 437 1000 Ab
451 968 538 1009 ortu]
560 969 668 1003 Quasi
688 970 730 1003 ab
746 971 818 1012 ipso
836 977 991 1013 tempore

286 1019 490 1052 nativitatis.
515 1019 613 1052 Idem.

330 1073 395 1103 478
420 1071 542 1112 Cruda]
573 1072 676 1105 Quod
691 1076 874 1115 antequam
891 1077 992 1115 aptus

287 1123 324 1154 et
339 1125 492 1153 maturus
505 1125 611 1162 esset,
626 1122 670 1154 ad
683 1122 898 1165 disciplinam
912 1123 993 1156 data

290 1172 370 1204 sint.
392 1172 493 1204 Idem.

330 1224 395 1254 479
420 1222 484 1253 Cui
511 1221 594 1254 linea
619 1221 704 1263 coeli]
734 1223 993 1257 Commendatio

288 1278 342 1305 est
358 1282 377 1304 a
392 1283 531 1315 genere,
542 1273 667 1314 utjure
685 1273 877 1315 poscendus
890 1275 934 1306 sit
949 1276 991 1307 ad

287 1323 416 1355 bellum
438 1323 636 1364 'rto-ianam,
663 1328 783 1365 utpote
798 1325 856 1366 qui
879 1325 993 1357 divino

289 1373 416 1406 auxilio
442 1373 625 1414 plurimum
650 1373 714 1406 niti
737 1374 858 1415 possit.
902 1374 992 1406 Nam

289 1423 428 1464 Peleus,
451 1427 553 1464 pater
577 1423 733 1463 Achillis,
749 1427 848 1456 natus
870 1428 922 1456 est
950 1433 993 1456 ex

289 1474 410 1514 Iliaco,
439 1474 563 1505 AEacus
594 1483 639 1504 ex
667 1474 791 1514 AEgina
821 1478 859 1506 et
891 1475 993 1507 Jove.

289 1518 382 1565 Ergo
412 1523 561 1555 Achilles
600 1533 773 1565 pronepos
800 1529 854 1556 est
882 1525 993 1558 Jovis.

290 1575 444 1606 Britann.
507 1591 509 1593 ·

331 1628 396 1657 480
430 1625 567 1661 Quemne
600 1624 699 1656 alium
743 1625 889 1667 Stygios,
921 1626 993 1667 3⁸0]

289 1674 368 1707 Hoc
388 1679 444 1707 est
466 1684 510 1706 ex
535 1674 688 1714 historia,
703 1679 742 1706 ut
758 1675 915 1712 diximus,
939 1686 994 1707 su-

288 1725 418 1765 perius.
474 1724 562 1756 Nam
589 1724 709 1755 Thetis
738 1734 813 1756 cum
845 1725 994 1757 fatorum

289 1774 408 1805 ordine
431 1773 539 1805 sciret
553 1773 722 1806 Achillem
745 1775 779 1806 in
803 1775 895 1807 bello
910 1777 994 1808 Tro-

284 1824 369 1865 jano
381 1824 585 1866 periturum,
594 1824 636 1855 ad
650 1823 785 1856 Inferos
801 1834 878 1857 eum
894 1825 994 1858 detu-

288 1875 342 1912 lit,
360 1879 539 1916 totumque
561 1874 597 1906 iu
621 1875 743 1916 Stygia
767 1875 894 1917 palude
910 1877 995 1909 lavit

289 1932 389 1959 extra
416 1927 570 1968 plantam
586 1926 697 1967 pedis,
714 1937 791 1969 quae
817 1938 918 1959 manu
943 1933 994 1960 te-·

288 1975 450 2013 uebatur,
463 1976 554 2008 unde
569 1976 827 2009 invulnerabilis
850 1982 905 2010 est
924 1977 993 2010 fac-

290 2032 358 2060 tus.
407 2027 485 2059 Hoc
510 2026 615 2068 igitur
638 2027 737 2065 dicit,
764 2032 804 2060 ut
834 2028 996 2061 ostendat

290 2087 449 2118 magnam
468 2086 563 2119 spem
581 2078 773 2111 habendam
799 2088 874 2111 esse
890 2079 923 2110 in
938 2080 995 2112 ho-

290 2129 382 2161 mine
397 2129 647 2161 invulnerabili.
679 2130 780 2162 Idem.

331 2181 393 2211 481
433 2179 561 2220 Nereis]
610 2180 728 2211 Thetis
766 2179 838 2211 filia
874 2179 993 2212 Nerei.

293 2229 394 2261 Ferro
415 2229 642 2270 perstrinxerit
662 2229 764 2270 artus]
787 2230 922 2261 Morem
946 2230 993 2261 la-

291 2279 443 2311 vantium
469 2289 506 2311 se
531 2279 566 2310 in
590 2279 721 2311 balneis
748 2281 914 2321 respexit,
936 2281 995 2322 qui

293 2329 480 2370 strigilibus
502 2329 690 2361 utebantur
706 2329 749 2361 ad
766 2330 924 2362 sudorem
940 2330 997 2362 de-

291 2380 509 2421 tergendum.
565 2380 816 2421 Perstrinxem't]
847 2381 995 2413 Derase-

292 2431 361 2470 rit3
386 2440 463 2462 nam
483 2431 650 2471 stringere
667 2436 720 2464 est
736 2431 869 2474 radere,
893 2438 932 2465 ut
947 2434 997 2466 ait

297 2481 495 2512 Marcellus.
519 2480 619 2513 Idem.

335 2533 398 2563 483
425 2530 518 2562 Cedit
546 2530 638 2563 turba
663 2531 789 2572 ducum]
821 2533 995 2571 Quamvis,

293 2581 418 2623 inquit,
433 2581 578 2614 ducibus
594 2586 697 2623 turpe
714 2582 850 2614 videtur
866 2582 908 2615 ab
929 2593 997 2615 uno

291 2632 426 2664 ‘Achille
445 2632 613 2672 superari,
639 2642 738 2674 aequo
754 2637 870 2664 tamen
885 2633 996 2665 animo

293 2692 363 2713 rem
380 2681 551 2722 ferebant,
567 2682 642 2724 ejus
661 2683 779 2715 virtuti
796 2683 931 2715 minime
946 2684 996 2715 in-

296 2732 465 2763 videntes.
488 2732 586 2763 Idem.

336 2783 400 2814 484
423 2781 479 2813 Sic
504 2791 574 2813 cum
599 2782 762 2823 bellantes]
795 2782 882 2817 Haec
907 2793 997 2817 com-

753 225 896 258 NOTAE
930 226 1195 259 VARIORUM
1228 226 1282 263 IN

1040 319 1175 361 paratio
1190 322 1334 353 totavest
1348 319 1392 352 ad
1415 328 1586 354 summam·
1597 319 1742 355 Aemus

1039 360 1191 411 laudeni,
1218 370 1254 402 in
1279 380 1347 413 quo
1370 379 1437 403 non
1459 371 1570 404 minus
1586 371 1744 406 universa

1041 420 1179 452 Graecia
1203 428 1300 462 spem
1321 430 1416 453 suam
1433 421 1611 454 vincendae
1626 421 1742 463 Trqiae

1040 470 1284 512 collocaverat,
1294 481 1395 513 quam
1411 481 1529 504 omnes
1545 472 1603 504 Dii
1621 472 1656 505 in
1667 473 1744 507 siolo

1039 521 1129 554 Jove
1152 521 1314 553 adversus
1337 522 1507 563 gigantes.
1531 521 1633 555 Idem.
1687 522 1745 556 Sic

1040 581 1110 603 cum
1134 572 1280 611 palantes
1304 570 1489 612 Phlegroea]
1507 571 1743 614 Remmius,

1037 622 1201 662 pallentes,
1222 626 1260 653 ut
1276 622 1468 663 complures
1484 622 1623 663 libi-bet
1636 621 1745 656 seho-

1041 671 1170 703 liastes.
1199 672 1273 712 Ego
1290 676 1404 703 tamen
1417 672 1532 705 baereo
1547 672 1638 705 binis
1653 674 1744 706 tneo-

1041 731 1115 753 rum
1136 722 1291 764 binisque
1307 722 1461 758 Gruteri‚
1478 722 1513 754 in
1533 722 1669 764 quibus,
1683 722 1746 756 bel·

1041 772 1150 804 lantes.
1175 772 1284 803 Theb.
1294 780 1330 804 x.
1352 773 1362 790 ‘
1380 771 1521 804 tumidae
1536 777 1616 814 post
1626 772 1746 814 prelia

1041 821 1226 862 Phlegrae!
1251 822 1392 853 Gronov.
1436 821 1606 862 Phlegraea
1624 822 1659 855 iu
1676 831 1745 855 cac·

1042 874 1093 903 tra
1107 871 1226 903 coirent
1243 870 1415 912 Coelicoloe]
1438 871 1612 913 Phlegraei
1629 873 1744 915 campi

1041 924 1121 952 sunt
1134 920 1168 952 in
1180 921 1381 962 Campania,
1390 930 1458 953 non
1470 921 1571 963 louge
1581 922 1625 954 ab
1635 921 1746 956 Ache·

1041 971 1135 1002 rusia
1150 970 1275 1012 palude
1297 975 1334 1002 et
1356 971 1484 1011 Cumis,
1497 971 1555 1004 ubi
1576 972 1747 1014 gigantes,

1042 1024 1180 1053 auctore
1196 1020 1375 1062 Strabone,
1394 1030 1471 1054 cum
1484 1021 1664 1064 imperium
1676 1032 1747 1056 οω-

1041 1071 1128 1103 leste
1157 1069 1372 1114 affectarent,
1398 1081 1420 1103 a
1459 1072 1534 1105 Diis
1570 1072 1746 1116 profligati

1041 1126 1132 1161 sunt,
1159 1120 1193 1151 in
1223 1129 1365 1162 quorum
1396 1131 1510 1163 pugna
1538 1132 1616 1156 cum
1645 1125 1746 1156 molti
1797 1124 1799 1126 ’

1041 1170 1240 1203 fulminibus
1255 1180 1274 1203 e
1286 1173 1372 1203 caelo
1384 1171 1515 1213 dejecti
1529 1173 1746 1216 interempti-

1043 1232 1110 1264 que
1127 1226 1254 1264 essent,
1265 1223 1414 1265 reliquos
1425 1224 1483 1266 qui
1499 1223 1744 1266 superfuerunt
1806 1254 1810 1258 ,

1042 1273 1084 1304 ad
1115 1273 1263 1305 Leucam
1296 1273 1462 1315 oppidum
1495 1274 1666 1308 Calabris
1701 1275 1746 1307 ab

1042 1322 1196 1355 Hercule
1219 1324 1336 1364 pulsos
1365 1323 1506 1360 tradunt
1539 1323 1748 1367 confugisse,

1042 1377 1304 1415 contractosque
1329 1374 1472 1406 subiisse
1499 1378 1640 1415 terram,
1658 1384 1745 1417 quos

1041 1421 1120 1454 ideo
1135 1431 1229 1454 arma
1244 1428 1364 1455 contra
1379 1424 1476 1456 Deos
1492 1424 1612 1457 tulisse
1627 1424 1746 1458 fictum

1042 1477 1108 1514 est,
1134 1474 1213 1515 quia
1242 1478 1335 1505 terra
1361 1474 1436 1515 ipsa
1461 1479 1585 1516 suapte
1614 1475 1746 1508 virtute

1043 1523 1242 1564 praeliorum
1256 1524 1467 1556 concitatrix
1482 1528 1549 1556 est.
1578 1525 1732 1558 Britan.

1083 1575 1148 1605 485
1168 1574 1341 1615 Odrysiam
1351 1573 1495 1615 hastam]
1505 1574 1546 1606 Id
1558 1577 1622 1614 est,
1631 1568 1748 1608 Threi-

1042 1624 1150 1656 ciam:
1168 1633 1246 1655 nam
1263 1624 1406 1667 Odiysii
1423 1625 1540 1666 populi
1556 1630 1636 1658 sunt
1644 1626 1748 1660 Thra·

1043 1674 1127 1707 ciae:
1164 1674 1313 1705 Thracia
1339 1675 1429 1706 enim
1455 1675 1664 1709 domicilium
1692 1681 1747 1710 est
1795 1679 1799 1683 ’

1043 1724 1178 1757 Martis.
1205 1725 1305 1758 Idem.

1083 1777 1149 1808 486
1170 1774 1318 1816 Libycos]
1342 1774 1541 1816 Gorgoneos
1561 1780 1599 1808 et
1622 1775 1746 1808 Medu-

1043 1834 1236 1866 saeos,nam
1260 1825 1452 1867 Gorgades,
1479 1830 1620 1858 auctore
1643 1826 1747 1859 Pom-

1043 1876 1145 1917 ponio
1172 1875 1278 1915 Mela,
1292 1875 1413 1907 insulae
1438 1881 1517 1908 sunt
1547 1876 1582 1908 in
1605 1875 1747 1908 Oceano

1043 1926 1249 1968 AEtliiopico,
1264 1926 1323 1958 ubi
1340 1930 1411 1959 tres
1425 1936 1558 1959 sorores
1573 1928 1746 1969 cognomi-

1042 1981 1134 2009 natae
1165 1977 1340 2018 Gorgones
1374 1985 1535 2019 regnasse
1571 1977 1746 2019 dicuntur,

1043 2027 1203 2068 Euryale,
1231 2026 1384 2067 Sthenio,
1416 2031 1455 2060 et
1478 2028 1641 2069 Medusa,
1666 2038 1745 2070 quie

1042 2076 1136 2108 mirae
1166 2075 1271 2109 fuisse
1298 2077 1565 2118 pulchritudinis
1596 2078 1748 2120 produn·

1043 2130 1110 2160 tur.
1155 2126 1335 2158 Medusam
1352 2127 1492 2159 tradunt
1518 2127 1748 2161 circa'littora

1044 2178 1149 2209 solam
1178 2177 1409 2209 ambulantem
1435 2182 1584 2210 amatam
1605 2176 1712 2211 fuisse
1726 2187 1748 2209 a

1045 2227 1223 2268 Neptuno,
1236 2236 1312 2269 quae
1327 2227 1512 2269 cumxillam
1524 2236 1748 2270 persequere-

1043 2280 1099 2309 tur
1119 2278 1315 2319 Neptuuus,
1335 2278 1406 2319 jam
1421 2276 1512 2310 fessa
1527 2278 1562 2310 in
1578 2278 1746 2320 templum

1044 2328 1193 2360 Palladis
1213 2327 1361 2369 refugit;
1386 2327 1419 2360 in
1433 2337 1500 2370 quo
1515 2327 1638 2360 ardens
1653 2327 1747 2359 Deus

1044 2378 1136 2410 illam
1150 2378 1368 2419 compressit.
1414 2377 1515 2410 Unde
1532 2377 1669 2410 turbata
1681 2377 1748 2410 Mi-

1042 2437 1148 2460 nerva
1163 2428 1275 2459 crines
1298 2428 1370 2469 ejus
1395 2428 1540 2460 mutavit
1555 2427 1590 2459 in
1605 2437 1746 2469 angues,

1046 2478 1126 2520 quia
1152 2478 1316 2519 Neptuno
1341 2487 1405 2519 per
1429 2477 1572 2519 capillos
1599 2477 1746 2509 maxime

1044 2530 1233 2571 placuerat,
1247 2528 1398 2570 fecitque
1423 2532 1461 2560 ut
1485 2537 1602 2560 omnes
1623 2528 1748 2560 Medu-

1043 2588 1114 2611 sam
1139 2579 1347 2620 aspicientes
1365 2578 1399 2609 in
1420 2578 1553 2619 lapides
1568 2583 1748 2611 converte·

1044 2634 1173 2661 rentur.
1220 2627 1378 2668 Tritonia]
1406 2628 1513 2660 Dicta
1527 2633 1748 2669 est‚auctore

1044 2680 1237 2720 Herodoto,
1252 2690 1271 2711 a
1283 2679 1459 2711 Tritonide
1475 2680 1599 2721 palude
1613 2680 1746 2722 Libyae,

1039 2732 1141 2774 juxta
1155 2741 1256 2773 quam
1271 2730 1484 2772 temporibus
1508 2732 1640 2774 Ogygis
1657 2734 1746 2775 regis

1046 2783 1241 2825 apparuisse
1259 2782 1411 2824 virginali
1437 2789 1538 2816 aetate
1562 2784 1687 2828 fertur,
1703 2794 1746 2818 ex
