1878 3164
264 224 380 267 1964

728 229 873 264 No'rAE
905 225 1173 259 vnmoRUM
1209 224 1261 255 m

265 338 358 368 men,
386 326 431 373 dc
456 335 511 359 mc
541 334 660 368 poenas
682 323 890 367 expetivisse
920 321 967 356 ob
1018 322 1059 354 ud
1079 323 1224 362 montem,
1249 316 1397 351 κατὰτὸ-
1417 316 1501 360 ὕρος,
1522 314 1726 359 Str-abui...

267 378 517 413 contumaciam
542 381 578 409 et
601 375 848 410 temeritatem.
889 374 967 407 Hoc
1019 377 1170 404 montem
1186 371 1332 403 collocat
1345 369 1487 404 Plinius.
1510 368 1627 401 Barth.
1642 379 1652 415 '.

267 429 364 462 velut
375 427 514 461 ultiouis
533 427 658 459 solatio
683 426 812 458 luctum
837 423 969 466 mitiga.

267 479 346 512 Vox
373 476 574 511 Corbulonis
604 486 640 510 se
667 475 837 517 ferientis,
854 474 969 516 Ἄξιος,

267 530 359 572 quod
372 529 516 562 scelesto
532 527 687 569 Principi
702 526 844 559 nimium
858 525 971 559 credi-

268 580 389 621 disset,
403 579 493 621 apud
509 579 670 612 Dionem.
695 578 886 611 Gronovius.

285 656 289 659 .
310 634 376 664 894
398 629 520 672 Lycei]
542 629 646 661 Mons
667 628 760 661 euim
786 627 843 660 hic
863 626 971 660 Area-

269 680 336 712 dioe
354 679 549 711 altissimus.
576 679 614 710 V.
629 677 666 710 S.
709 677 808 710 Inter
823 677 972 718 insignes

268 731 343 771 ejus
356 729 504 770 regionis
515 731 671 760 recenset
684 727 812 760 Strabo
820 727 879 760 lib.
888 735 971 761 vm.

270 781 317 812 Et
330 780 462 812 Plinius
476 778 535 811 lib.
550 787 603 811 tv.
616 788 648 811 c.
664 780 697 810 ³.
718 778 728 797 ‘
739 777 837 812 Jovis
856 777 971 819 Lycaei

270 829 350 864 fauo
367 829 376 844 '
399 830 446 862 ibi
476 828 701 862 celeberrimo
716 827 856 869 diversi,
878 827 972 869 qnod

1064 425 1127 455 901
1137 421 1304 469 Pressit]
1321 419 1546 462 Interpositio
1561 416 1722 461 per-1²05·

1023 475 1069 506 toe
1083 470 1276 515 personam.
1300 472 1399 515 Idem.

1064 527 1130 556 902
1167 524 1224 557 Mc
1245 523 1433 564 dedignante
1462 518 1598 561 nubat}
1629 519 1724 554 Quin

1023 574 1120 616 qnasi
1135 574 1187 606 vir
1202 572 1304 606 fortis
1320 571 1456 606 volebat
1471 569 1648 605 ornatibus
1662 569 1726 604 dev

1024 624 1147 658 cerari.
1171 623 1272 655 Idem.

1060 678 1123 707 907
1147 674 1293 714 Ingrato
1320 681 1437 705 munus
1456 671 1722 714 suspendelouae

1024 735 1079 758 me
1094 733 1162 756 non
1177 723 1292 766 potuit
1317 723 1408 757 inter
1418 723 1550 756 bellum
1564 726 1726 765 prot-ge·

1026 786 1074 808 re.
1099 777 1199 808 Idem.

621 1084 1044 1135 THEBAIDOS
1097 1084 1240 1134 LIB.
1299 1084 1378 1133 X.

317 1216 334 1247 1
362 1213 476 1247 Obruit
493 1214 668 1257 Hesperia]
689 1214 861 1258 Hesperia
884 1213 975 1248 occi·

273 1261 416 1298 dentali.
439 1265 584 1298 Laetam.

316 1316 337 1345 2
359 1315 551 1356 Properata]
578 1315 766 1348 Festinata.
788 1316 892 1348 Idem.

317 1366 336 1394 3
361 1364 533 1396 Miseratus
545 1364 633 1407 opes]
654 1365 842 1397 Miseratus
853 1369 907 1398 est
917 1363 977 1398 Ju-

274 1414 367 1455 piter
380 1415 476 1446 triste
499 1425 572 1447 esse
587 1415 701 1457 perire
724 1415 812 1454 illos,
832 1415 890 1457 qui
912 1424 978 1447 nec

273 1464 425 1496 Thebani
435 1463 586 1505 fuerant,
596 1475 661 1498 nec
674 1465 806 1507 Argivi,
818 1465 878 1498 sed
894 1465 977 1498 utri-

275 1523 383 1556 usque
400 1515 555 1556 partibus
571 1515 697 1548 auxilio
712 1521 890 1548 venerant.
913 1515 965 1548 Id.

317 1567 336 1595 5
360 1564 536 1607 Panditur]
558 1565 733 1599 Abscessu
759 1567 903 1599 militum
919 1576 978 1609 pa·

275 1613 428 1647 tefactus
459 1621 511 1648 est
540 1627 694 1660 campus,
731 1627 873 1659 quorum
904 1617 978 1650 acie

274 1668 377 1696 antea
392 1666 585 1707 tegebatur.
629 1667 790 1707 Deformis
812 1667 979 1710 sanguine]

276 1715 448 1748 Horridus
463 1717 534 1750 sive
551 1717 726 1753 confusus.
751 1720 850 1752 [dent.

278 1769 338 1847 Id?
365 1767 453 1800 Orba
477 1769 579 1812 rogis]
601 1770 786 1813 Sepultura
815 1768 979 1805 carentia.

318 1825 377 1848 em.

319 1869 339 1897 8
375 1867 534 1902 Inhonora
567 1870 692 1912 cohors]
728 1872 856 1914 Turpis
893 1872 979 1905 visu.

277 1915 456 1950 Claudian-
484 1919 607 1952 ‘Nunc
638 1921 833 1962 inhonorus,
863 1931 981 1964 egens,

276 1967 412 2009 perfert
428 1970 624 2003 miserabile
636 1972 731 2013 pacis
746 1972 981 2015 Supplicium!

277 2018 377 2050 Bello
405 2019 544 2054 Gildou.
588 2021 678 2055 Vide
704 2028 740 2055 et
771 2022 830 2055 lib.
861 2033 902 2056 11.
934 2032 982 2056 vs.

276 2071 353 2101 629.
397 2071 612 2112 Exprimitur
634 2073 797 2115 Virgilius
827 2072 871 2105 de
896 2073 980 2105 Dei-

277 2119 415 2160 phobo:
439 2122 448 2138 ‘
462 2121 615 2153 Truncas
636 2121 816 2154 inhonesto
839 2122 981 2155 vulnere

277 2169 403 2202 nares.'
425 2171 545 2203 Barth.

321 2222 342 2251 9
360 2219 541 2253 laetantibus
554 2221 660 2264 arma]
675 2221 907 2265 Anastrophe,
918 2232 981 2265 pro

278 2271 439 2303 euntibus
464 2271 499 2304 in
523 2282 628 2316 arma,
651 2272 685 2306 id
709 2278 763 2305 est
778 2273 819 2306 ad
844 2273 981 2307 bellum.

279 2321 426 2353 Laetam.

325 2374 365 2403 10
400 2371 573 2415 Angustae]
607 2372 724 2406 Nimia
751 2373 983 2407 multitudine.

279 2421 361 2453 Late
387 2431 494 2463 cepere
517 2423 670 2465 reversos]
690 2423 780 2457 Quia
803 2424 905 2467 pauci
930 2434 985 2458 re-

280 2471 427 2504 dierant.
459 2472 559 2504 Idem.

324 2524 363 2553 11
388 2521 456 2553 Par
467 2521 614 2564 utrinque
628 2522 731 2565 dolor]
753 2523 844 2558 Quia
858 2523 983 2557 utrius-

283 2580 347 2615 que
361 2571 467 2613 partis
478 2581 603 2613 magua
611 2572 726 2605 clades
737 2574 916 2607 extiterat.
933 2575 985 2607 Id.

325 2623 365 2654 12
404 2621 550 2657 Quuluor
579 2623 736 2664 errantes]
772 2623 985 2666 Amphiarai,

282 2670 405 2713 Tydei,
416 2671 719 2713 Hippomedontis,
730 2673 986 2718 Parthenopaei.

285 2722 387 2754 Idem.

326 2770 379 2806 13*
402 2770 512 2805 Viduoe
539 2773 769 2809 moderantibus
798 2767 882 2820 alni]
913 2775 986 2810 Gu-

1030 1214 1270 1248 bernatoribus
1297 1213 1488 1248 destitutae.
1532 1209 1729 1245 Moderanti-

1029 1266 1085 1298 bus
1114 1275 1176 1308 pro
1199 1263 1484 1301 moderatoribus,
1509 1261 1731 1306 participium

1030 1325 1094 1358 pro
1109 1314 1259 1348 nomine.
1280 1315 1380 1347 Idem.

1074 1369 1116 1399 15
1137 1366 1288 1409 Animus]
1327 1365 1500 1399 Audacia:
1531 1364 1611 1398 hine
1640 1363 1731 1396 enim

1029 1416 1154 1449 fiducia
1185 1416 1353 1448 Thebanis
1390 1419 1602 1454 accreverat,
1639 1412 1732 1456 quod

1031 1471 1180 1510 quatuor
1194 1466 1395 1508 Argivorum
1415 1465 1522 1499 duces
1544 1463 1660 1498 eximii
1674 1473 1735 1496 ex-

1032 1517 1133 1550 tincti
1148 1516 1285 1550 fueraut
1300 1520 1391 1549 sorte
1405 1516 1585 1549 bellorum.
1609 1514 1711 1549 Idem.

1077 1571 1116 1600 17
1141 1569 1289 1601 Contenti
1321 1566 1466 1609 rediisse]
1497 1564 1630 1600 Quibus
1660 1563 1734 1598 sine

1034 1618 1142 1660 gloria
1155 1618 1378 1650 incolumibus
1387 1617 1422 1649 iu
1430 1617 1579 1659 *patriam
1591 1610 1735 1647 rediisse

1033 1668 1231 1702 suffecerat.
1252 1669 1351 1701 Idem.
1383 1668 1454 1701 Dat
1467 1671 1582 1700 tessera
1595 1663 1737 1706 signum]

1032 1720 1177 1752 Tessera
1205 1719 1353 1761 antiquis
1380 1718 1487 1751 breve
1513 1717 1655 1759 lignum,
1679 1716 1735 1748 cui

1034 1771 1166 1811 siguum
1190 1768 1392 1810 inscriptum
1421 1768 1476 1801 vel
1500 1767 1708 1808 insculptum
1722 1776 1740 1800 ς.

1033 1820 1111 1852 hinc
1137 1818 1303 1862 Polybius
1327 1818 1386 1851 lib.
1413 1827 1466 1851 vr.
1487 1817 1639 1850 πλατεῖαν
1666 1821 1735 1848 tes-

1035 1880 1145 1903 seram
1184 1873 1287 1902 vocat
1320 1873 1356 1901 et
1385 1868 1520 1902 Plinius
1553 1867 1614 1900 lib.
1653 1876 1735 1903 xvx-

1035 1931 1114 1963 cap.
1143 1923 1198 1954 18.
1246 1920 1454 1962 Ligustrum‚
1482 1918 1580 1960 cujus
1604 1918 1736 1960 liguum

1034 1972 1138 2004 molle
1159 1975 1196 2004 et
1212 1970 1407 2012 tractabile,
1436 1969 1576 2002 tesseris
1601 1967 1735 2011 aptissi-

1033 2031 1124 2054 mum
1145 2020 1276 2055 scribit.
1319 2020 1411 2053 Usus
1434 2020 1588 2052 Tesserae
1612 2028 1678 2062 qua
1700 2018 1737 2051 in

1035 2082 1135 2114 pace,
1163 2082 1232 2114 qua
1261 2071 1295 2103 in
1319 2070 1421 2103 bello.
1476 2070 1518 2102 In
1542 2079 1628 2112 pace
1650 2078 1739 2111 prae-

1034 2123 1136 2165 cipue
1152 2122 1292 2165 triplex.
1337 2121 1428 2154 Nam
1453 2125 1516 2153 ant
1532 2118 1739 2152 ‘frumenta-

1034 2171 1108 2205 ria'
1142 2181 1194 2214 ea,
1214 2176 1273 2204 aut
1295 2169 1474 2212 ‘ludicra,'
1503 2174 1563 2204 aut
1596 2170 1606 2188 ‘
1621 2169 1736 2211 hospi-

1034 2222 1133 2255 calis:
1176 2221 1415 2255 Frumentaria
1443 2219 1575 2256 civibus
1602 2218 1737 2252 tenuiu-

1035 2273 1083 2305 ris
1112 2272 1261 2305 fortunae
1298 2272 1333 2303 in
1372 2269 1543 2313 principio
1570 2269 1737 2311 cujusque

1036 2323 1163 2357 mensis
1198 2321 1491 2362 distribuebatur-3
1525 2329 1567 2353 ea
1591 2324 1738 2362 accepta

1037 2372 1082 2406 ad
1098 2374 1221 2406 horrea
1243 2372 1382 2415 publica
1403 2372 1452 2405 ire
1468 2371 1598 2404 licitum
1613 2381 1626 2411 ς
1648 2370 1737 2412 peti-

1038 2429 1111 2458 tum
1138 2423 1344 2457 frumentum
1372 2421 1493 2465 gratis.
1546 2421 1738 2454 Meminere

1037 2474 1243 2517 compluries
1267 2471 1510 2507 Jurisconsulti
1524 2471 1643 2504 nostri.
1674 2470 1737 2503 m-

1036 2525 1157 2569 pianus
1184 2525 1239 2557 De
1262 2523 1345 2558 Jud.
1369 2522 1428 2556 lib.
1448 2531 1509 2558 nu.
1537 2521 1741 2555 ‘Silibertis

1037 2576 1107 2609 suis
1123 2580 1270 2608 tesseras
1289 2572 1530 2606 frumentarias
1553 2571 1620 2605 emi
1644 2571 1740 2604 volu-

1037 2626 1118 2664 erit,
1132 2625 1286 2668 quamvis
1309 2624 1416 2666 major
1427 2632 1510 2666 pars
1525 2621 1739 2655 baereditatis

1037 2677 1072 2709 in
1087 2674 1263 2718 provincia
1278 2673 1335 2711 sit,
1349 2678 1463 2707 tamen
1479 2672 1596 2706 Romae
1611 2673 1739 2710 debere

1037 2725 1336 2760 fideicommissum
1350 2723 1449 2765 solvi,
1463 2723 1647 2756 dicendum
1659 2727 1713 2756 est
1726 2734 1738 2756 ε

1038 2785 1116 2809 enm
1131 2779 1277 2820 apparet
1302 2773 1338 2808 id
1357 2777 1557 2808 testatorem
1580 2773 1741 2817 sensisse,
