1878 3164
442 219 486 250 P.
521 219 715 250 PAP1N11
747 217 913 250 STA'rn
945 218 1148 250 Aenum.
1181 217 1354 251 L113.11.

166 311 296 355 jungit,
310 321 414 356 quare
436 312 608 353 hebetem,
631 317 775 355 propter
788 312 872 346 vici-

170 364 316 397 nitatem
330 363 466 396 scilicet
479 363 602 396 noctis.
626 363 726 396 Idem.

180 438 184 442 .
213 416 279 446 289
302 413 462 454 Nondum]
494 412 671 455 conjunge
695 422 794 445 eumz
816 422 870 445 ex-

168 473 258 497 cusso
267 468 376 507 ponto.
420 463 521 497 Unde
537 458 679 506 p'utatur
689 463 785 505 oriri,
798 464 872 505 opi-

170 514 273 548 nione
288 514 431 556 vulgari.
454 514 556 547 Idem.

178 575 181 577 ·
212 566 278 598 2⁹0
300 564 464 596 Nouatum
480 567 607 605 pectora
624 564 726 606 pulla]
748 565 872 597 Emen-

169 613 265 647 datio
290 623 312 646 a
339 614 438 646 libris
466 614 640 647 veteribus
669 620 734 648 est.
766 615 870 657 Vulg.

168 666 332 698 nudam
357 665 516 698 Bernart.
656 677 658 680 ’

175 720 179 725 ⁴
211 718 275 749 ²91
297 715 428 758 Ρήιια]
452 715 540 747 Nam
556 718 658 747 antea
677 714 768 757 apud
792 714 872 747 Chi-

170 775 288 800 ronem
322 773 495 808 nunquam
531 775 626 798 arma
660 769 872 808 gestaverat,

169 815 260 849 unde
273 816 334 849 illa
350 815 462 858 prima
478 825 572 848 arma
586 814 735 849 fuerant.
760 817 872 850 Matu-

165 870 253 900 rat.

177 919 277 950 ²92
301 916 440 959 Quippe]
463 916 565 949 Ratio
592 926 696 958 quare
719 916 767 949 ita
780 926 870 949 sum-

168 977 230 1000 ιιιο
251 977 349 1000 mane
375 967 514 1000 adesset
537 967 684 1000 thalamo
708 967 872 1001 Achilles.

170 1019 315 1060 Cognata
337 1018 477 1060 oeqaora]
514 1018 563 1050 Et
589 1017 764 1059 placidum
793 1022 871 1051 erat

168 1078 263 1102 mare
285 1072 324 1101 et
350 1067 444 1100 venti
473 1067 649 1100 commode
683 1067 870 1109 spirabant.

172 1117 243 1152 Vct.
272 1117 380 1150 διπλοῖ.
424 1117 470 1149 Et
496 1120 641 1158 cognata,
671 1116 770 1159 quasi
806 1126 871 1159 per

166 1169 324 1203 Thetidis
338 1168 493 1202 favorem
506 1168 573 1211 ipsi
585 1169 870 1204 obsecundarent.

209 1274 274 1304 204
318 1271 380 1304 Nil
417 1271 489 1304 masi
527 1272 699 1304 meminisse
740 1275 870 1317 pavent]

166 1321 317 1355 Membr.
337 1322 512 1355 amnicae
532 1324 649 1364 pastam.
693 1323 868 1356 Mussave-

164 1371 234 1404 rint
247 1371 403 1405 fortassis
418 1373 566 1415 aliquid:
591 1383 692 1407 nemo
701 1379 797 1408 certe
810 1385 867 1408 au·

164 1421 271 1455 debat
283 1421 327 1455 de
345 1423 531 1462 prseteritis
547 1423 640 1467 loqui
662 1428 701 1457 ut
725 1426 866 1458 exaudi-

163 1475 274 1505 retur.
299 1472 440 1506 Gronov.
499 1492 502 1499 ·

202 1524 270 1555 295
292 1522 441 1555 Metam
459 1523 572 1567 rediit]
594 1524 666 1564 Ita,
692 1525 815 1567 inquit,
831 1525 866 1557 in

163 1579 387 1615 conspectum
410 1570 560 1607 omnium
586 1576 682 1608 venit
710 1576 866 1608 omnibus

163 1624 316 1666 mutatis,
343 1634 408 1657 cen
433 1634 605 1668 nunqnam
628 1626 700 1658 illic
730 1625 865 1664 fuisset,

163 1674 229 1707 sed
247 1675 489 1715 earnes-una
510 1686 553 1709 eo
577 1678 739 1710 venisset.
774 1678 866 1710 Nun·

163 1734 256 1767 qm
266 1724 392 1767 puseus]
407 1725 618 1759 Habitando.
642 1727 796 1760 Britann.

205 1778 270 1809 29⁶1
295 1775 380 1808 Time
401 1785 443 1808 ex
467 1776 568 1818 more]
602 1777 746 1810 Scilicet
770 1778 866 1811 navi·

162 1828 330 1870 gentium,
345 1827 401 1871 qui
417 1828 496 1862 Diis
511 1829 649 1861 marinis
664 1830 744 1862 vino
756 1835 792 1863 et
807 1840 866 1863 ex·

161 1878 364 1912 tistsurinis
378 1879 491 1912 litant.
517 1879 612 1922 virg.
632 1880 653 1902 ·‘
668 1872 864 1923 Diiquibus

161 1927 340 1970 imperinm
378 1928 504 1971 pelagi,
545 1940 688 1972 qnorum
726 1941 865 1974 aequora

161 1987 275 2016 curro,
290 1978 400 2017 Vobis
414 1979 513 2012 laetus
538 1990 603 2022 ego
628 1981 693 2014 hoc
715 1982 863 2016 canden-

161 2031 233 2062 tem
262 2029 298 2061 in
328 2029 448 2062 littore
481 2033 617 2063 taurum
648 2031 862 2066 Constituam

162 2083 245 2112 ante
267 2089 342 2111 aras
364 2079 435 2112 voti
464 2089 556 2120 reus,
584 2086 734 2125 extaque
758 2084 862 2116 salsos

161 2128 348 2171 ijiciam
371 2129 407 2162 in
430 2128 569 2172 fluctus,
585 2135 622 2164 et
637 2132 718 2164 vina
731 2133 863 2175 liquen-

161 2179 211 2212 tia
224 2178 388 2213 fundam?
410 2181 510 2213 Idem.

202 2232 265 2263 sol
294 2230 437 2272 Jacim]
473 2231 531 2263 Ita
570 2232 646 2265 Diis
679 2234 780 2267 maris
809 2245 862 2268 sa-

159 2280 361 2315 crificabant
364 2282 526 2324 jaciendo
537 2283 701 2317 intestina
712 2285 748 2318 in
757 2295 862 2328 mare,

159 2337 200 2367 nt
228 2332 320 2375 apud
351 2332 485 2366 Livium
515 2333 558 2366 de
590 2334 755 2377 Scipione
784 2346 862 2378 pro-

158 2383 329 2417 cedente·
320 2389 355 2415 ιιι
371 2383 569 2426 Aphricam,
585 2384 664 2417 dum
680 2387 768 2419 Deis
791 2397 861 2419 ma-

159 2435 208 2468 ris
219 2433 402 2477 sacrificat,
413 2437 492 2468 exta
507 2434 541 2467 in
556 2445 650 2468 mare
659 2436 761 2478 jacit.
785 2438 859 2470 Μα-

160 2487 281 2518 want.

168 2537 264 2573 .804
288 2534 449 2572 Quaesitus
468 2534 518 2576 eo]
540 2535 739 2568 Discessum
762 2547 860 2570 suum

159 2562 312 2629 excusat,
329 2596 373 2619 ne
398 2587 516 2619 matris
532 2587 763 2621 obedientiam
780 2599 859 2623 con·

159 2636 338 2677 tempsisse
367 2635 536 2681 videatur.
585 2638 757 2679 Quoesitus]
801 2638 859 2671 Ab

159 2687 282 2728 Ulysse
290 2690 327 2718 et
335 2686 518 2728 Diomede,
529 2686 579 2719 ita
589 2688 748 2721 universa
760 2689 859 2722 Grae-

158 2736 210 2770 cia
220 2735 379 2778 jubente.
422 2735 476 2768 Sic
486 2737 591 2778 orsus]
615 2737 656 2771 Id
670 2743 737 2777 est,
748 2738 860 2772 linivit

157 2787 313 2832 hocloco
328 2785 436 2831 loqui,
449 2787 530 2821 alias
545 2787 676 2831 incepit
698 2789 801 2833 loqui,
820 2794 859 2823 ut

1511 208 1630 252 2043

920 312 931 331 ⁴
946 312 1033 346 Inde
1047 313 1146 346 thoro
1163 316 1264 355 pater
1275 312 1396 345 AEneas
1412 311 1460 345 sic
1475 322 1571 345 orsus
1583 314 1627 347 ab

922 363 1014 396 alto!
1041 364 1195 396 Britann.

963 417 1028 447 306
1051 415 1160 447 Nubes
1179 416 1279 447 ardua
1303 413 1433 456 incipit]
1456 415 1546 447 Nam
1569 425 1628 448 ne-

920 463 1009 496 bulae
1025 464 1166 496 crebro
1157 474 1190 496 ιιι
1207 465 1288 496 mari
1301 469 1483 506 apparent,
1495 470 1532 496 et
1548 474 1628 498 oen-

921 514 962 546 lis
975 513 1228 547 discedentium
1244 525 1264 547 a
1279 516 1395 548 littore
1419 524 1533 547 rerum
1556 515 1628 548 for-

921 573 1009 596 mam
1038 563 1202 596 minorem
1233 565 1398 606 reddunt,
1427 565 1518 597 unde
1554 565 1628 605 ait;

920 614 930 632 ‘
946 615 992 646 Et
1005 614 1132 657 Scyros
1146 616 1249 657 longo
1267 615 1470 648 decrescere
1494 615 1629 656 ponto!

962 719 1027 749 ³0⁷
1050 717 1095 748 Et
1110 716 1228 759 Scyros
1235 718 1325 758 Iouge
1335 718 1509 750 decrescere
1517 719 1628 760 ponto]

920 767 1047 800 Placet
1074 767 1109 799 in
1135 768 1295 809 scriptis:
1334 769 1425 809 longo
1454 770 1629 802 decrescere

917 821 1025 859 ponto.
1068 818 1164 850 Solet
1190 818 1281 850 enim
1307 817 1480 850 interdum
1495 819 1628 851 Statius

920 870 930 887 ‘
948 867 1102 910 longnm'
1120 877 1248 909 ponere
1274 878 1335 910 pro
1354 869 1426 900 lato
1442 874 1501 901 aut
1524 869 1627 910 longe

920 917 1075 950 distanti.
1108 917 1165 949 Sic
1181 918 1203 950 l.
1227 927 1263 950 v.
1290 919 1300 936 ⁴
1317 919 1419 960 longo
1436 919 1527 960 rapit
1544 929 1628 952 arva

919 967 1089 999 morantia
1110 967 1238 1009 passu.'
1261 968 1337 1000 Lib.
1361 977 1398 1001 x.
1421 969 1433 986 ‘
1451 970 1626 1002 volucrum

919 1017 969 1049 sic
999 1017 1100 1049 turba
1128 1021 1304 1050 recentum
1341 1019 1427 1051 Cum
1465 1019 1626 1052 reducem

920 1069 1099 1111 prospexit
1120 1068 1155 1101 iu
1181 1070 1311 1103 aethere
1338 1070 1510 1103 matrem!
1541 1071 1626 1104 Gro-

918 1128 1038 1151 novius.

929 1186 931 1190 ⁴
962 1173 1026 1202 309
1051 1170 1246 1213 Confessum]
1271 1171 1540 1215 Passive,quem
1551 1172 1626 1214 jam

918 1221 1157 1255 confitebatur.
1203 1224 1381 1266 Pyrrhum]
1419 1225 1521 1257 Ideo
1547 1225 1627 1267 quia

919 1273 1047 1314 crispos
1078 1278 1115 1305 et
1143 1273 1248 1306 flavos
1286 1275 1429 1317 capillos
1467 1275 1628 1317 haberet,

918 1321 968 1355 ita
982 1323 1107 1355 Graece
1120 1322 1232 1366 πυρρὸς
1247 1324 1376 1356 dicitur
1390 1326 1487 1367 quasi
1508 1325 1626 1368 ruffus.

917 1373 1069 1415 Pyrrhus
1082 1374 1194 1407 dictus
1211 1384 1345 1417 qnoque
1359 1375 1625 1417 Neoptolemus,

918 1424 1008 1465 quod
1037 1424 1177 1465 juvenis
1209 1424 1390 1457 admodum
1421 1426 1624 1459 ad.beuum

916 1474 1037 1506 missus
1054 1475 1112 1515 sit,
1126 1475 1205 1517 νεὸς,
1219 1475 1363 1518 Juvenis,
1383 1475 1552 1519 πτόλεμος,
1562 1477 1625 1509 bel-

915 1525 990 1558 lum.
1015 1525 1208 1559 Maturant.

958 1577 1023 1607 310
1056 1576 1220 1609 Pendelmt
1249 1578 1380 1620 conjux]
1426 1579 1524 1612 Ordo
1547 1584 1624 1619 est:

916 1625 1074 1667 Coniunx
1102 1627 1280 1669 pendebat
1313 1638 1332 1660 e
1362 1633 1458 1662 turre
1485 1638 1626 1664 summa.

914 1676 1003 1709 Nam
1031 1685 1074 1708 ea
1102 1677 1254 1718 pendere
1284 1679 1459 1722 dicuntur,
1483 1692 1559 1724 quae
1589 1682 1625 1714 in

914 1727 995 1760 aere
1025 1732 1061 1761 et
1090 1730 1168 1762 loco
1200 1731 1336 1764 sublimi
1357 1736 1449 1774 sunt,
1471 1732 1563 1766 unde
1585 1738 1626 1767 et

914 1788 989 1811 uvae
1003 1780 1152 1821 pensiles
1162 1790 1239 1823 quae
1252 1780 1343 1814 domi
1355 1792 1532 1825 suspensae
1546 1793 1627 1816 con-

912 1834 1105 1871 servantur,
1130 1836 1167 1863 et
1189 1831 1280 1864 horti
1303 1833 1465 1874 pensiles,
1487 1834 1546 1876 qui
1569 1843 1627 1867 co-

911 1880 1038 1912 lumnis
1066 1879 1147 1913 fulti
1171 1882 1208 1914 in
1239 1881 1319 1914 ae’re
1349 1888 1430 1917 sunt
1459 1885 1626 1918 extructi.

916 1930 1078 1972 conjunx]
1100 1932 1295 1965 Deidamia.
1325 1934 1477 1969 Britanni.

954 1982 1017 2012 311
1042 1981 1117 2013 Ibat
1155 1986 1187 2014 et
1220 1982 1290 2024 ipsa
1308 1983 1450 2026 fretum]
1485 1984 1528 2017 Id
1558 1990 1626 2028 est,

913 2039 975 2072 per
997 2030 1141 2073 fretum,
1167 2034 1292 2074 puelloe
1316 2033 1518 2068 immensum
1541 2046 1625 2078 erga

911 2082 1070 2115 maritum
1108 2093 1256 2115 amorem
1293 2084 1510 2128 significavit,
1545 2097 1624 2129 quoe

911 2132 1019 2163 oculis
1048 2137 1118 2164 tam
1146 2133 1289 2165 intentis
1315 2144 1436 2167 navem
1468 2136 1623 2169 intueba-

912 2186 980 2223 tur,
994 2188 1034 2214 nt
1050 2188 1087 2216 et
1109 2184 1186 2225 ipsa
1212 2184 1276 2216 sibi
1299 2186 1462 2228 navigare
1490 2187 1623 2220 videre-

911 2236 979 2265 tur.
1004 2234 1103 2266 Idem.
1630 2229 1632 2231 V

953 2286 1016 2316 317
1044 2285 1196 2317 Vastator
1223 2285 1338 2327 debite]
1371 2286 1463 2319 Mira
1488 2288 1622 2322 callidi·

911 2336 983 2366 tate
999 2334 1158 2367 virtutem
1176 2335 1252 2376 ejus
1269 2336 1420 2376 extollit,
1441 2337 1620 2379 indignum

909 2393 984 2415 esse
998 2384 1198 2426 ostendens,
1214 2389 1346 2418 tantum
1354 2386 1519 2427 juvenem
1531 2389 1622 2422 inter

909 2434 1070 2466 mulieres
1107 2435 1279 2476 desidere,
1317 2437 1433 2479 sicque
1471 2440 1619 2474 animum

909 2483 985 2524 ejus
1008 2494 1029 2516 a
1050 2486 1217 2518 memoria
1241 2487 1434 2521 Deidamiae
1452 2499 1618 2525 revocans

909 2543 986 2566 eum
1007 2534 1049 2566 ad
1067 2535 1194 2568 bellum
1218 2535 1418 2570 inflammat.
1470 2540 1620 2574 Vastator

907 2583 1025 2625 debite]
1048 2570 1233 2618 Desfinate
1255 2585 1352 2628 fatis,
1376 2588 1466 2620 unde
1490 2599 1616 2632 supra:

909 2635 1038 2667 ‘unum
1056 2635 1150 2668 illum
1172 2636 1314 2669 Teucris
1338 2638 1548 2682 Priamoque
1569 2643 1618 2675 lo-

909 2690 1060 2727 quuntur
1072 2686 1250 2719 Fatalem!
1283 2689 1375 2721 Nam
1387 2689 1442 2732 (ut
1453 2690 1617 2735 diximus)

906 2736 1014 2778 Troja
1035 2736 1114 2777 capi
1138 2746 1204 2770 non
1232 2743 1374 2781 poterat
1400 2741 1544 2775 absente
1567 2742 1617 2777 A·

906 2787 1018 2822 chille.
1040 2787 1138 2823 laem.
