1878 3164
274 204 388 246 1984

277 317 344 350 que
357 307 506 340 incestat
516 307 637 341 funere
649 308 815 342 classem!
858 309 975 342 Paris-

276 358 360 390 sime
374 357 418 390 de
433 358 521 391 Dite
545 360 723 392 claudian.
747 361 850 401 Rapt.
874 361 975 392 Pros.

276 408 336 441 lib.
367 417 411 441 u.
437 412 514 442 217.
544 411 626 442 ‘tua
655 419 716 441 cnr
743 411 826 442 sede
850 411 976 442 relicta

276 459 394 491 Audes
405 460 565 492 tartareis
577 461 700 492 eoelum
716 462 882 493 incestare
896 471 977 503 qna-

276 510 379 551 drigis
393 509 416 543 ?’
449 512 656 552 Superorum
672 521 726 543 res
749 511 909 543 incestari
926 521 978 542 as-

277 561 606 603 peetuinfernalium
618 562 734 594 multis
749 562 879 593 hahent
893 561 978 593 Tra-

278 612 401 654 goediae
417 613 450 644 in
465 612 591 644 fabulis
608 613 779 644 Herculis.
803 613 925 645 Barth.

320 664 384 695 124
408 663 594 703 Dignumque
608 657 675 694 mea
688 661 885 702 procumbere
899 663 978 694 dex-

277 713 343 754 tra]
367 714 509 745 Variam
523 713 624 745 libri:
642 718 679 745 et
695 714 809 754 piures
820 713 976 754 quidem:

277 773 429 804 aususque
457 773 556 795 meam
582 767 775 800 contemnere
813 763 978 796 dextram:

279 812 339 844 sed
366 812 544 845 meliores:
577 823 726 854 aususque
749 823 816 845 mea
838 822 979 853 procum-

278 862 348 894 bere
362 863 486 894 dextra.
531 862 632 896 Quod
651 872 766 894 verum
783 872 920 903 censeo,
943 866 980 895 et

279 911 512 953 pragmatius
527 921 628 944 sensu
653 921 752 954 qnam
777 912 917 946 verbis:
941 917 979 944 ut

280 962 341 1001 sit,
365 971 466 994 ausus
496 963 637 1001 mereri,
667 967 706 993 ut
735 962 979 1003 procumberet

279 1021 357 1044 mea
372 1012 507 1044 dextra.
532 1012 669 1043 Gronov.

320 1065 383 1094 127
407 1061 465 1093 Sat
470 1062 589 1100 funera
612 1060 738 1102 mensae]
775 1061 869 1093 Dicit
892 1062 978 1103 Jup-

278 1112 372 1154 piter
386 1111 498 1142 adhuc
514 1110 579 1142 sibi
591 1111 728 1142 Tantali
745 1110 883 1142 horrei-e
899 1120 978 1142 con-

278 1162 382 1203 vivio,
398 1161 432 1192 in
450 1170 516 1202 qno
532 1161 695 1202 Pelopem
714 1161 898 1201 praedictus
919 1171 978 1202 pa-

280 1216 334 1244 ter
362 1211 555 1244 numinibus
579 1211 738 1253 apposuit
761 1211 978 1253 epulandum.

280 1261 372 1293 Lact-

325 1314 387 1343 128
409 1311 565 1353 Lycaonis
579 1310 665 1351 aras]
684 1311 820 1352 Lycaon
835 1320 895 1343 rex
915 1310 980 1343 Ar-

280 1361 387 1394 eadiae
401 1361 524 1394 Jovem
540 1361 692 1402 suscepit
714 1361 874 1402 hospitio,
886 1371 979 1392 cum-

281 1421 347 1453 que
363 1412 468 1443 vellet
483 1412 662 1453 explorare
683 1421 723 1442 an
745 1421 869 1445 numen
892 1411 981 1452 Jup-

281 1462 372 1503 piter
385 1466 479 1493 esset
490 1471 590 1503 quem
605 1461 638 1492 in
655 1461 756 1492 domo
769 1466 981 1502 susceperat,

280 1512 443 1556 immanes
469 1511 500 1542 ei
525 1520 647 1543 carnes
670 1510 850 1552 apposuit:
890 1510 978 1552 quod

281 1571 358 1594 cum
401 1561 568 1602 ‚Iuppiter
604 1561 807 1602 agnovisset,
843 1561 979 1593 domum

281 1611 356 1652 ejus
380 1610 544 1650 incendit,
570 1611 749 1652 ipsumque
777 1612 921 1643 mutavit
946 1611 978 1642 in

282 1661 412 1703 lupum,
434 1660 524 1693 unde
541 1661 665 1692 Graece
680 1659 777 1693 λύκος
793 1661 920 1693 dicitur
935 1662 979 1692 lu-

276 1721 349 1752 pus.
374 1712 482 1743 Idem.

326 1764 390 1793 129
411 1760 513 1792 Astra
529 1760 693 1801 Mycenas]
714 1760 803 1794 Quia
818 1759 981 1792 Atreoet

281 1811 430 1853 Thyeste
461 1811 640 1852 parricidis
669 1811 900 1851 epulantibus,
927 1820 980 1842 re-

281 1861 364 1903 fugo
380 1862 449 1893 soie
466 1871 533 1893 nox
549 1861 674 1893 festina
694 1862 872 1903 praevenit.
915 1861 979 1894 As-

283 1917 337 1943 tra
352 1921 433 1943 vero
451 1921 513 1952 pro
529 1916 629 1943 nocte
646 1912 771 1953 posuit.
795 1911 895 1944 Idem.

327 1964 387 1994 131
419 1960 491 1993 Stat
519 1971 646 2002 parcere
672 1962 762 2003 eoelo]
799 1961 980 1994 Behottius

282 2017 380 2045 notat
396 2022 414 2043 e
431 2013 512 2051 suis,
526 2011 606 2043 soli.-
633 2016 668 2044 et
683 2013 731 2044 sic
751 2013 980 2045 Britannicus.

282 2063 351 2095 Sed
366 2063 513 2104 optimus
532 2062 680 2102 Be'rneg.
696 2062 907 2107 adscriptum
923 2063 981 2094 ha-

282 2117 366 2149 bet:
403 2117 413 2133 ‘
429 2116 483 2147 vei
520 2114 657 2147 mundo!
704 2115 806 2148 Quod
836 2115 982 2147 maxime

283 2166 411 2207 piacet.
455 2165 576 2207 Neque
605 2163 693 2195 enim
718 2165 847 2196 Statius
872 2164 981 2195 minus

284 2226 385 2258 quam
402 2216 459 2247 alii
477 2219 611 2247 veteres
625 2214 635 2232 ‘
650 2214 829 2246 mundum'
845 2224 905 2255 pro
916 2224 983 2246 coe·

282 2267 316 2299 lo
340 2270 493 2308 usurpat.
540 2265 616 2297 Lib.
641 2273 699 2296 111.
735 2264 981 2307 Amphiaraus:

282 2317 459 2349 ‘immensi
495 2315 619 2347 fruitur
655 2315 800 2356 caligine
846 2314 985 2349 mundi.'

286 2369 425 2401 Gronov.

328 2422 388 2450 137
418 2417 578 2458 Vestigat]
610 2417 760 2449 Intentis
787 2416 895 2447 oculis
924 2416 982 2448 ob-

283 2473 399 2501 servat
426 2472 461 2499 et
489 2467 642 2509 inquirit.
669 2467 766 2499 Vetus
791 2466 893 2498 Schol.
939 2467 985 2498 Et

286 2519 409 2560 virgil.
438 2518 511 2550 AEn.
539 2526 590 2549 vx.
614 2517 730 2558 ‘Ergo
758 2516 825 2548 alte
853 2516 986 2557 vestiga

286 2567 419 2600 oeulis!
461 2567 620 2599 Servius:
656 2567 665 2584 ‘
678 2565 814 2608 require
830 2567 919 2597 omni
936 2566 985 2597 in-

286 2616 465 2650 tentione?
509 2617 564 2649 Ita
578 2617 588 2633 ⁴
599 2617 633 2648 in
657 2616 776 2647 umbra
791 2615 962 2656 vestigare
978 2614 987 2629 ’

287 2676 421 2699 omnem
469 2665 571 2697 animi
609 2665 846 2706 intentionem,
882 2664 986 2696 etiam

287 2717 403 2749 demto
427 2716 514 2756 visu,
536 2715 692 2757 designat
707 2716 848 2747 Valerio
862 2715 986 2747 Flacco

286 2766 345 2799 lib.
374 2775 414 2799 11.
444 2774 493 2798 vs.
524 2768 596 2799 116.
630 2764 840 2807 ‘famamque
867 2774 986 2807 vagam

733 215 875 246 NOTAE
908 213 1174 248 VAmoRUM
1208 216 1260 248 ΙΝ

1026 309 1198 350 vestigat
1190 319 1225 341 in
1241 308 1381 342 umbra
1404 309 1526 342 Barth
1718 322 1733 333 -”

1070 361 1133 390 139
1157 359 1275 400 Exeat]
1298 359 1474 392 Deciinet.
1518 358 1642 393 Dubio·
1659 362 1735 392 tur-a

1027 408 1156 451 habant]
1197 411 1338 442 Terent.
1362 411 1372 428 ⁶
1386 410 1478 441 Dum
1505 410 1539 442 in
1555 409 1659 442 dubio
1674 413 1732 443 est

1028 458 1160 490 animus
1176 460 1276 500 paulo
1293 466 1467 502 momento
1489 460 1554 492 buc
1569 459 1655 493 illue
1667 460 1733 493 ima

1028 508 1192 549 pellitur!
1214 509 1362 541 Luceant.

1072 563 1133 592 141
1150 562 1248 601 AEger
1263 561 1401 602 consilii]
1416 560 1546 593 Tristia
1559 560 1731 603 cogitem,

1029 610 1102 643 sive
1118 612 1257 644 consilio
1273 612 1429 644 imbellis.
1451 611 1550 644 Idem.
1569 642 1575 647 .
1703 631 1706 634 ·
1723 623 1729 631 ··

1073 664 1135 693 143
1160 662 1307 694 Monstra
1318 661 1441 702 Deum]
1463 661 1622 695 Infelicis
1634 667 1734 694 men-⁷

1030 715 1098 744 stra
1114 713 1237 752 Deum,
1258 713 1292 744 id
1315 717 1380 753 est,
1395 722 1463 744 non
1479 712 1604 744 desunt
1618 711 1734 754 prodin

1031 762 1086 803 gia
1099 761 1304 794 futurorum.
1349 762 1404 794 Sic
1425 762 1473 793 ire
1479 761 1733 804 panem-Nou

1031 811 1081 843 sio
1098 812 1242 853 parabat
1267 812 1340 844 viro
1371 819 1432 843 suo
1454 818 1638 844 occurrere
1664 820 1734 855 quo

1030 871 1121 894 nunc
1146 862 1281 894 scilicet
1306 871 1431 903 corpus
1453 862 1526 903 ejus
1543 862 1733 905 quatitur·

1030 917 1094 946 est.
1116 913 1215 945 Idem.
1556 909 1558 911 ’
1744 946 1749 952 ,

1074 965 1136 995 144
1164 963 1240 995 Viro
1254 962 1369 1004 toedas]
1403 962 1484 995 Non
1498 966 1601 1004 putat
1621 962 1673 994 his
1693 971 1736 995 se

1028 1014 1129 1046 taedis
1154 1014 1197 1046 ad
1221 1023 1340 1055 rogum
1356 1014 1419 1046 viri
1443 1022 1519 1046 esse
1537 1017 1731 1046 venturaru-

1031 1065 1131 1097 Idem.
1730 1073 1732 1077 “

1075 1117 1136 1146 145
1163 1116 1231 1147 Cur
1244 1118 1353 1147 moesta
1367 1114 1508 1154 insignia
1521 1117 1645 1147 tantum
1659 1113 1732 1147 me-

1028 1165 1133 1206 verat]
1167 1164 1325 1205 AEnigma
1354 1164 1431 1205 hoe,
1459 1165 1586 1197 solvam
1616 1169 1731 1198 tamen

1030 1214 1095 1246 etsi
1114 1223 1181 1245 non
1208 1213 1270 1244 sim
1297 1213 1451 1254 OEdipus.
1497 1214 1730 1256 Interpnngez

1029 1273 1086 1295 cur
1110 1266 1218 1295 moesta
1242 1263 1402 1303 insignia?
1423 1266 1548 1296 tantum
1572 1263 1732 1297 mmor-t.

1029 1314 1132 1345 Bern.

1074 1366 1135 1394 150
1157 1361 1343 1394 Acherontis
1357 1362 1473 1404 operti]
1499 1362 1665 1404 Obscuri,
1681 1367 1734 1395 te-

1030 1413 1176 1446 nebrosi.
1223 1414 1332 1445 Nemo
1347 1415 1441 1445 enim
1458 1420 1554 1445 certe
1570 1413 1659 1447 scire
1672 1423 1734 1454 po-

1031 1467 1112 1503 test,
1138 1462 1218 1504 quid
1243 1463 1288 1494 sit
1311 1468 1388 1503 post
1402 1467 1547 1494 mortem
1568 1462 1733 1504 futurum,

1031 1512 1303 1554 disceptantibus
1346 1517 1382 1545 et
1419 1522 1554 1554 semper
1589 1513 1733 1545 incertis

1031 1562 1260 1604 Philosophia.
1288 1563 1355 1594 Vet.
1372 1562 1477 1595 Schol.

1075 1616 1134 1645 151
1158 1613 1245 1645 Diva
1260 1617 1309 1645 ter
1323 1611 1462 1652 admoto]
1493 1613 1577 1644 Cum
1593 1612 1736 1645 iteravit

1031 1673 1107 1695 eum
1137 1668 1318 1703 perculere
1346 1663 1448 1693 Furia
1474 1662 1593 1703 incipit
1618 1670 1734 1694 amare

1031 1718 1174 1745 mortem
1189 1723 1251 1754 per
1267 1712 1497 1744 fratricidium
1512 1711 1634 1743 ardens
1644 1722 1734 1743 amo-

1031 1773 1068 1795 re
1084 1764 1239 1805 sceleris,
1255 1767 1295 1795 ut
1309 1761 1498 1794 interficiat
1510 1761 1662 1795 fratrem.
1693 1762 1732 1794 V.

1031 1813 1136 1846 Schol.

1075 1867 1137 1896 163
1163 1865 1242 1901 Quoe
1267 1864 1368 1896 merui
1396 1864 1475 1907 (scis
1498 1873 1606 1905 nempe
1629 1863 1733 1903 socer)

1031 1915 1100 1948 licet
1125 1916 1191 1947 alta
1215 1916 1364 1946 recondas
1376 1915 1523 1951 Vulnera,
1537 1917 1567 1945 et
1582 1914 1734 1956 afflictum

1028 1964 1138 2005 generi
1152 1974 1277 1996 vereare
1290 1965 1447 2005 pudorem.
1493 1964 1551 1995 Ille
1571 1973 1634 2003 ego
1649 1961 1737 2003 eam}

1032 2015 1262 2047 Vitiosissima
1284 2014 1528 2056 interpunctio,
1549 2017 1587 2045 tu
1612 2012 1733 2044 distin-

1033 2074 1122 2107 gue:
1146 2074 1228 2096 nunc
1246 2065 1356 2096 saltem
1371 2065 1514 2095 exolvere
1520 2062 1579 2102 fae
1591 2062 1636 2094 sit
1653 2062 1737 2098 Quo..

1032 2114 1131 2147 merui
1143 2126 1154 2146 .·
1174 2114 1234 2145 scis
1258 2124 1364 2155 nempe
1389 2123 1487 2150 socer,
1509 2113 1583 2144 licet
1603 2112 1670 2144 alea
1684 2121 1734 2143 re-

1033 2165 1144 2196 condas
1165 2164 1301 2196 Vulnera
1324 2167 1355 2195 et
1379 2163 1528 2205 afflictum
1547 2161 1661 2202 generi
1681 2170 1733 2193 ve-

1032 2223 1121 2246 reare
1132 2215 1290 2255 pudorem.
1311 2214 1472 2246 Bernart-

1078 2266 1140 2296 167
1163 2263 1279 2295 Putria
1305 2262 1474 2304 regnoque]
1510 2263 1620 2294 Extra
1644 2260 1733 2293 fines

1034 2314 1163 2355 patrios
1176 2318 1211 2345 te
1227 2312 1326 2354 coe‘gi
1340 2313 1431 2345 bella
1445 2312 1629 2354 suscipere.
1651 2311 1733 2344 Lac-

1034 2367 1115 2396 tant.

1079 2417 1140 2446 175
1168 2414 1242 2446 Vidi
1260 2423 1317 2453 ego
1336 2422 1384 2445 me
1397 2412 1540 2454 propter]
1575 2412 1709 2454 Optimi
1720 2423 1735 2445 z·

1041 2464 1116 2496 Vidi
1126 2467 1244 2504 egomet
1254 2466 1390 2505 propter.
1412 2463 1458 2495 Et
1466 2462 1629 2503 scholion,
1640 2462 1734 2504 ‘jux-

1037 2514 1094 2546 ta!
1137 2514 1238 2548 Quod
1261 2513 1381 2545 merito
1407 2512 1589 2554 probamus
1604 2512 1667 2543 ‚vel
1687 2511 1735 2545 ob

1036 2564 1300 2596 Terentianum:
1346 2561 1540 2594 ‘interdum
1587 2565 1732 2603 propter

1036 2614 1207 2647 dormiet!
1231 2615 1370 2646 Gronov.

1080 2668 1142 2698 178
1170 2665 1279 2696 Ululat
1292 2662 1385 2703 mihi]
1420 2662 1510 2695 Quia
1530 2671 1608 2695 men
1629 2673 1732 2695 causa

1037 2715 1150 2747 amisit
1194 2714 1300 2746 filium
1345 2713 1646 2753 Parthenopaeum.
1694 2713 1733 2746 V.

1036 2764 1142 2797 θελοι.
1165 2763 1263 2806 Mihi,
1277 2764 1311 2796 in
1326 2771 1392 2803 me,
1402 2771 1483 2795 mea
1496 2771 1610 2797 causa.
1631 2762 1733 2797 claa-
