1878 3164
267 213 380 257 1990

270 318 347 361 quis
355 317 445 360 apud
458 317 608 360 Superos
623 316 733 360 (furto
748 317 884 349 laetatus
899 317 971 349 ina-

270 368 323 411 ni)
342 368 489 401 Distulit
516 369 550 400 in
574 378 681 400 seram
707 368 887 401 commissa
900 368 970 410 pia-

271 420 349 452 cula
364 418 532 451 mortem.’
555 419 671 450 Barth.

315 472 377 501 5⁷5
404 468 582 501 Consumite
602 469 723 510 poenas]
748 469 875 501 Omnia
890 478 970 510 sup-

273 519 377 560 plicia
392 518 601 551 transeundo
617 519 742 552 subite.
765 520 916 552 Lae-tunt.

315 571 378 602 578
405 570 476 600 Una
490 569 571 610 dies]
590 569 669 601 Stat
683 572 825 601 tautum.
849 570 947 602 Idem.

313 621 377 650 579
400 619 520 650 Praelia
544 618 649 659 reges]
675 619 879 652 Execranda
905 619 971 651 fra-

273 674 375 701 trum·
388 670 505 710 praelia
530 669 593 700 soli
608 673 774 701 noverant
787 679 899 711 reges,
914 680 972 711 pe-

272 728 332 751 nes
351 728 434 760 quos
450 722 504 750 est
519 722 556 750 et
572 719 804 760 opprimendae
829 720 971 753 liberta-

273 770 317 802 tis
342 770 500 806 ambitus,
530 775 566 802 et
590 770 754 803 saeviendi
774 771 971 804 crudelitas.

274 821 374 854 Idem.
391 852 393 854 μ
632 835 649 842 ··

314 875 379 904 582
414 872 551 903 Mortem
571 872 798 914 imperfectum]
829 874 971 907 Caecita-

274 926 353 959 tem‚
371 926 409 953 ut
421 922 494 963 ipse
508 921 540 952 iu
556 922 675 962 primo,
693 923 703 940 ‘
718 923 885 966 longaque
901 925 973 957 ani-

271 981 361 1003 mam
377 971 441 1003 suh
456 976 556 1004 nocte
573 972 750 1005 trahebat.’
771 974 871 1007 Idem.

271 1045 273 1048 v
291 1052 293 1055 f
314 1024 377 1053 583
405 1021 545 1062 Utraque
559 1022 704 1063 canities]
727 1023 772 1054 Et
786 1023 921 1066 capitis,
936 1028 972 1057 et

271 1071 401 1104 barbae.
425 1072 526 1105 Idem.

315 1124 378 1153 584
402 1123 556 1163 Genaeque
566 1122 667 1163 intus]
690 1123 795 1155 Sedet
810 1124 899 1157 intus
912 1123 971 1157 ab·

271 1171 357 1203 actis
373 1170 488 1203 ferrea
503 1173 561 1203 lux
574 1173 691 1204 oculis.
715 1173 813 1206 Idem.

314 1223 377 1252 587
400 1222 510 1263 Puppe
520 1222 643 1263 relicta]
661 1223 809 1256 Charon.
831 1225 930 1256 Idem.

314 1272 377 1302 588
413 1271 540 1302 Exosus
573 1271 691 1312 manes]
728 1273 818 1305 Odio
844 1274 972 1306 habens

270 1324 479 1352 mortuorum
491 1330 584 1352 saeva
592 1322 767 1362 supplicia.
783 1323 881 1355 Idem.
907 1324 970 1355 Ni·

267 1370 323 1410 gri
347 1371 484 1402 sulcator
497 1370 632 1411 Averni]
656 1372 834 1404 Veriorem
851 1373 969 1405 lectio-

266 1430 349 1452 -nem
368 1419 558 1460 praeferuut
572 1422 702 1452 calamo
719 1423 859 1459 exarati,
884 1424 971 1464 pigri

271 1472 406 1503 sulcator
432 1471 561 1503 Aterni.
605 1472 735 1503 Noster
763 1472 916 1513 Epiced.>
934 1473 969 1505 in

267 1527 402 1562 patrem
421 1531 429 1553 ε
457 1522 466 1539 ‘
485 1521 582 1562 pigro
613 1523 800 1554 transmisit
829 1522 970 1556 Averno

270 1572 384 1604 Causa
400 1571 533 1603 minor!
561 1571 658 1603 Idem
675 1573 733 1604 lib.
746 1582 827 1605 viu.
849 1575 859 1592 ‘
872 1575 970 1607 Tunc

266 1626 450 1663 regemunt
485 1621 639 1663 pigrique
678 1623 782 1664 lacus,
814 1627 970 1667 ustaeque

268 1671 434 1714 paludes?
459 1672 613 1704 Ber-nort.
832 1691 835 1693 >

267 1736 270 1747 ε
310 1725 375 1754 590
392 1723 455 1754 Νει·
466 1722 531 1763 ipse
541 1722 610 1763 diu]
628 1722 719 1754 Nihil
735 1723 855 1755 mirum
869 1735 877 1756 ι
894 1734 969 1757 cum

268 1782 333 1805 nec
350 1772 519 1805 Cerberus
535 1771 659 1804 Inferis
683 1777 858 1806 extractus
878 1774 969 1807 diem

269 1821 398 1855 tulerit.
429 1821 534 1854 Ovid.
550 1822 637 1854 Met.
655 1832 720 1855 vn.
743 1824 825 1855 ‘Est
841 1825 895 1856 via
911 1825 968 1857 de-

268 1873 379 1914 clivis,
391 1882 452 1913 per
467 1882 565 1914 quam
576 1873 774 1914 Tirynthius
787 1874 885 1906 heros
903 1876 969 1908 Re-

268 1928 427 1964 stantem,
448 1928 637 1965 contraque
662 1923 766 1965 diem,
786 1925 968 1968 radiosque

266 1975 432 2007 micantes
460 1972 705 2016 Obliquantem
733 1977 858 2016 oculos,
872 1978 967 2010 nexis

267 2025 448 2056 adamante
464 2024 594 2056 catenis
611 2025 785 2057 Cerberon
803 2028 955 2061 attraxit.
959 2028 969 2042 '

266 2076 311 2107 Et
321 2074 472 2107 Theseus
486 2074 527 2106 ab
537 2073 663 2107 Inferis
677 2075 823 2118 rediens,
834 2078 866 2109 in
880 2078 967 2120 Hip-

270 2126 389 2167 polyte
403 2125 559 2166 queritur
574 2125 665 2166 apud
682 2127 864 2159 Senecam:
887 2129 897 2147 ‘
911 2130 967 2161 vix

267 2175 423 2216 cupitum
441 2172 609 2206 sufferunt
622 2176 712 2207 oculi
722 2177 834 2211 diem.'
848 2179 967 2212 Barth.

309 2228 373 2257 592
381 2226 571 2267 Exspectent
579 2228 693 2259 soecula
707 2228 802 2270 ripis]
819 2230 967 2263 Notione

265 2285 334 2308 non
344 2276 484 2308 cuilibet
496 2286 515 2308 e
529 2276 630 2317 plebe
643 2277 873 2311 litteratorum
885 2285 968 2312 nota

265 2327 378 2358 saecula
405 2335 467 2366 pro
491 2326 722 2359 ‘hominibus’
746 2330 880 2369 posuit:
903 2340 967 2363 nec

266 2375 301 2407 id
318 2375 390 2406 sine
407 2375 554 2415 ratione,
578 2376 632 2407 vel
655 2381 804 2410 auctore.
851 2380 966 2412 Enim-

263 2434 346 2456 vero
364 2425 413 2456 uti
431 2430 574 2466 recepta
586 2426 676 2467 apud
688 2428 826 2460 Latinos
839 2429 967 2471 phrasis

264 2479 331 2515 est,
356 2479 424 2506 ‘vae
442 2475 539 2506 aetati
562 2476 652 2516 tuae‚¹
680 2487 741 2518 pro
764 2479 774 2496 ‘
790 2489 842 2510 vae
870 2480 966 2520 tibi3'

263 2525 311 2557 ita
327 2534 403 2556 cum
426 2530 507 2557 aetas
533 2524 677 2558 hominis
700 2529 862 2561 ‘saeculo’
885 2540 966 2562 con-

263 2574 433 2610 cludatur,
449 2584 516 2605 non
534 2575 682 2607 absurde
698 2577 840 2610 Poetica
861 2579 965 2611 licen-

263 2625 324 2665 tia,
362 2634 425 2665 pro
461 2626 469 2641 ‘
486 2624 619 2656 homine
636 2625 644 2638 ’
681 2628 807 2670 saecula,
836 2628 966 2662 Noster

264 2674 452 2714 usurpavit.
499 2674 695 2706 Praesertim
722 2687 796 2709 cuin
813 2679 964 2720 locuple-

258 2726 429 2758 ·tissimum
442 2728 615 2757 auctorem
627 2726 752 2760 habeat
768 2730 963 2762 Lucretium

260 2776 321 2807 lib.
339 2784 372 2808 v.
395 2774 494 2807 ‘inde
511 2775 577 2807 loci
594 2776 750 2809 mortalia
762 2780 962 2814 saeclacrea·

730 221 873 255 No'rAE
904 221 1185 255 vAmoRUM.
1201 224 1253 255 IN

1016 318 1091 350 vit!
1121 319 1168 351 Et
1183 318 1287 352 inibi:
1311 318 1420 351 ‘Tum
1437 317 1499 352 tibi
1515 321 1607 352 terra
1617 317 1716 355 dsdtt

1017 369 1163 410 primum
1175 369 1332 401 mortalia
1348 368 1472 409 saecla,’
1487 369 1523 401 id
1541 373 1620 409 estf
1633 370 1644 388 ‘
1657 369 1716 402 ho-

1018 419 1149 452 mines!
1193 420 1240 451 Et
1263 419 1407 451 iterum:
1440 420 1450 438 ‘
1468 420 1716 463 Lanigeraeqne

1019 469 1116 500 siuml
1133 470 1283 510 pecudes
1299 474 1336 502 et
1351 471 1477 502 bucera
1501 469 1631 513 saecla:
1651 479 1716 513 pro

1018 519 1101 561 ipsis
1121 520 1131 538 ‘
1146 519 1276 552 bubus!
1291 519 1397 553 ’.Βενη

1059 572 1133 602 608.
1146 570 1212 602 Per
1238 570 1328 602 arida
1351 570 1494 612 serpunt]
1515 537 1716 604 cecitatem

1016 619 1146 652 aridam
1166 620 1265 660 dixit,
1283 629 1323 652 eo
1349 621 1464 662 quod,
1478 620 1716 655 deficientibus

1018 671 1140 710 oculis,
1154 671 1399 725 lachrymarum
1408 671 1504 744 origo
1515 672 1716 705 cessaverit.

1017 720 1186 752 Lactane.
1419 735 1422 737 ·
1632 737 1635 742 =
1666 735 1670 739 -
1730 759 1734 762 ⁴

1061 774 1125 803 609
1156 771 1283 813 Molles]
1310 772 1400 806 Quia
1418 777 1498 806 suut
1518 772 1620 806 animi
1634 772 1716 807 mol-

1017 823 1131 854 liores.
1154 822 1250 857 Idem.
1615 834 1622 848 ¹

1017 890 1022 893 r
1061 875 1126 904 610
1152 872 1353 913 Exequialia
1374 845 1500 914 mortis]
1533 835 1576 906 Iu
1605 877 1716 906 morte

1022 926 1132 954 vestra
1147 922 1337 964 lachrymas
1350 921 1468 964 fundo,
1478 932 1554 966 quae
1565 923 1716 966 exequiis

1021 977 1260 1015 coaequentur..
1280 973 1377 1005 Idem.
1638 997 1643 1001 «
1687 998 1690 1000 -

1063 1026 1126 1055 611
1143 1023 1343 1065 Nimiumque
1356 1023 1432 1064 mei]
1447 1023 1589 1057 Minime
1600 1034 1620 1056 a
1632 1024 1717 1057 meis

1021 1073 1218 1106 criminibus
1233 1074 1476 1115 discrepantes.
1497 1075 1597 1108 Idem.
1610 1087 1629 1102 .1
1688 1085 1690 1088 ·

1016 1138 1020 1141 ·
1035 1145 1038 1148 -
1064 1126 1128 1157 620
1143 1125 1188 1155 Et
1201 1127 1292 1164 puter
1301 1127 1331 1155 et
1339 1123 1499 1165 genitrix]
1509 1124 1600 1159 Quis*
1608 1125 1718 1158 scele-

1022 1167 1117 1205 ratus
1133 1173 1167 1205 iu
1181 1174 1241 1205 hos
1256 1172 1399 1214 fueram,
1419 1170 1591 1216 re‘gnoque
1607 1184 1628 1206 a
1639 1173 1719 1207 filiis

1021 1223 1154 1264 ejectus
1170 1227 1206 1255 et
1220 1224 1336 1255 oculos
1350 1228 1520 1265 praeterea
1539 1224 1718 1258 amiseram

1022 1274 1055 1304 in
1080 1273 1229 1305 furorem
1252 1283 1383 1314 versus,
1410 1282 1474 1315 per
1495 1283 1573 1307 eum
1594 1274 1719 1308 devovi

1019 1322 1107 1355 filios
1134 1333 1236 1356 meos.
1281 1323 1382 1355 Unde
1406 1323 1435 1355 si
1457 1324 1546 1365 justi
1560 1323 1721 1366 fuissent,

1019 1374 1080 1406 Dii
1109 1373 1282 1406 debebant
1311 1374 1492 1406 attendere
1516 1384 1586 1407 uon
1612 1383 1718 1416 meas,

1020 1422 1080 1454 sed
1095 1423 1274 1455 Furiarum
1297 1423 1448 1464 ipsarum
1470 1432 1585 1465 voces,
1607 1429 1734 1467 neque·

1021 1473 1070 1504 ita
1097 1472 1227 1504 crudeli
1248 1473 1430 1514 parricidio
1445 1482 1503 1505 eos
1519 1473 1718 1508 innocentes

1021 1523 1064 1556 de
1080 1524 1192 1555 medio
1207 1524 1340 1556 tollere.
1366 1523 1404 1556 V.
1420 1523 1522 1557 schot.

1012 1590 1022 1594 -
1063 1577 1126 1606 627
1146 1573 1235 1605 Talia
1248 1574 1443 1615 conquestus]
1462 1573 1719 1616 Interpolaru'nt

1019 1623 1172 1655 homiues
1208 1623 1395 1664 invenusti‚
1420 1627 1469 1655 ‘et
1486 1628 1718 1658 'extruserunt

1020 1673 1196 1716 proprium
1209 1673 1357 1715 Papinio
1370 1672 1524 1714 verbum,
1538 1674 1719 1715 dequestus,-

1019 1724 1108 1765 quod
1124 1724 1245 1765 scripti
1260 1727 1460 1765 agnoscunt.
1506 1724 1635 1756 Noster
1653 1724 1715 1758 lib.

1019 1782 1045 1806 1.
1065 1774 1075 1792 ⁴
1089 1773 1283 1816 similesque
1298 1778 1396 1806 notos
1409 1773 1592 1816 dequestus
1605 1778 1642 1806 et
1654 1775 1716 1807 im-

1019 1823 1121 1856 bres.'
1133 1824 1292 1856 Sidonius
1299 1824 1421 1857 lib.er
1437 1823 1549 1865 Epist.
1563 1827 1597 1856 9.
1611 1825 1717 1858 ‘Lon-

1019 1885 1096 1917 gum
1125 1879 1240 1907 tacere
1264 1884 1324 1906 nos
1354 1874 1406 1906 vir
1429 1874 1659 1907 sacratissime
1680 1876 1716 1908 in

1018 1935 1197 1958 commune
1213 1925 1397 1967 dequestus
1412 1924 1472 1958 es.'
1495 1925 1650 1959 Barnun-e.

1059 1979 1122 2007 637
1150 1975 1328 2017 Multaque]
1355 1975 1536 2018 Multaque
1559 1975 1595 2007 iu
1620 1976 1717 2009 Deos

1017 2026 1215 2067 comitiana,
1233 2030 1270 2058 et
1285 2026 1328 2058 de
1344 2025 1476 2057 incesto
1490 2024 1595 2058 cubili
1611 2026 1717 2097 pluri-

1017 2086 1107 2108 mum
1123 2079 1321 2118 conquesta.
1343 2075 1505 2108 Lactant-
1593 2098 1596 2102 Δ
1635 2098 1637 2101 -

1058 2130 1122 2159 638
1146 2128 1191 2158 Et
1200 2125 1392 2167 natisuriis]
1414 2125 1491 2158 Fun
1502 2127 1642 2169 nuptus
1662 2128 1716 2160 -Es

1014 2177 1108 2219 primi
1122 2176 1278 2218 conjugis]
1296 2176 1368 2207 Laii
1385 2175 1507 2217 prioris
1521 2177 1651 2210 mariti.
1661 2178 1714 2211 Ia.

1058 2229 1122 2258 639
1143 2226 1276 2258 Luetata
1297 2225 1360 2266 est]
1384 2225 1517 2258 Conata
1530 2231 1583 2259 est
1597 2236 1713 2259 manus

1017 2277 1114 2309 anilis
1131 2276 1280 2308 virorum
1295 2274 1434 2308 fortium
1454 2285 1538 2318 opus
1560 2276 1715 2319 implere·

1016 2327 1117 2358 Idem.
1604 2349 1606 2351 »

1014 2386 1018 2389 ⁴
1058 2379 1120 2408 641
1145 2375 1306 2415 Sanguine
1320 2375 1430 2417 lectus]
1446 2375 1574 2408 Cruore
1589 2386 1651 2410 suo
1662 2378 1713 2410 in-

1016 2425 1124 2458 felicis
1139 2425 1256 2457 lectuli
1271 2426 1430 2467 purgavit
1440 2425 1618 2463 incestum.
1640 2428 1691 2461 la.

1058 2479 1121 2508 644
1147 2475 1258 2513 Qualis
1273 2471 1494 2508 Marathonide
1513 2477 1611 2518 silva]
1635 2478 1713 2510 Ma-

1016 2527 1137 2558 rathon
1153 2535 1246 2557 mons
1262 2525 1390 2558 Atticae
1407 2525 1568 2566 regionis,
1584 2526 1619 2558 iu
1645 2537 1712 2569 quo

1015 2578 1134 2610 Icarus
1162 2581 1215 2609 est
1240 2577 1391 2609 occisus:
1415 2577 1458 2608 ad
1483 2586 1584 2618 quem
1600 2578 1711 2611 locum

1012 2629 1163 2670 >Erigone
1177 2627 1247 2659 filia
1263 2628 1336 2669 ejus
1350 2636 1431 2659 caue
1446 2633 1623 2668 praeeunte
1639 2639 1715 2671 per·

1017 2680 1121 2717 venit,
1137 2682 1220 2710 etse
1236 2677 1338 2708 nimio
1348 2676 1459 2708 luctus
1471 2676 1588 2708 dolore
1599 2677 1713 2720 laque-

1014 2730 1097 2768 avit,
1134 2727 1331 2759 fortioribus
1362 2725 1464 2757 ramis
1502 2727 1643 2768 electis,·
1668 2737 1712 2761 ne

1012 2777 1102 2811 forte
1132 2776 1374 2810 infirmioribus
1406 2776 1553 2819 fractis,.
1567 2782 1710 2811 mortem
