1878 3164
463 234 508 265 P.
545 230 734 264 PAPlNII
769 229 938 263 STA‘rn
970 229 1119 261 THEB.
1155 230 1250 261 [ΑΒ.
1274 231 1363 262 vll.

186 329 339 371 temni,
357 328 536 362 volontate
556 327 732 360 numinum
753 327 788 359 in
810 326 893 359 deos

190 379 282 411 versi
301 382 399 411 sunt:
422 377 608 410 Melicerta
631 376 668 408 in
691 377 896 415 Portunum,

186 429 251 472 qni
273 429 400 463 Graece
422 429 600 469 Palaemon
625 427 762 469 dicitur,
780 427 844 459 Ino
859 427 894 459 in

187 480 340 514 Matrem
362 479 548 520 Matutam,
569 488 647 521 quoe
668 479 793 512 Graece
811 477 895 510 dici·

189 534 249 564 tur
261 530 472 564 Leucothea.
493 529 595 562 Idem.

187 605 193 609 -
230 583 297 614 ⁴22
319 581 457 622 Pelopea
483 579 638 622 phalanx]
663 578 804 612 Adrasti
831 578 893 611 mi-

187 631 262 666 litia
276 631 570 674 Pelopeuriundi.
598 632 669 665 Vet.
684 631 790 664 Schol.
819 630 895 662 Bel-

181 683 266 716 80⁸2
277 681 388 723 ardor]
410 681 444 715 A
457 683 571 715 Marte
587 682 786 724 inspiratus.
804 681 844 714 V.
859 679 895 714 S.

191 733 343 767 consiliis
354 733 491 775 Βίωνι]
514 733 754 776 Incogitanter
769 734 833 765 hoc
845 732 896 764 di-

183 784 262 825 ein
282 783 424 817 consilia
452 783 543 816 euim
568 784 665 818 Jovis
681 783 814 825 fatalia,
828 782 896 815 alia

187 843 257 868 non
270 838 384 871 eraut.
398 843 500 876 quam
516 838 555 867 nt
570 845 592 867 a
603 835 720 868 Marte
737 834 896 877 inspirati

187 885 496 928 pessumdareutur
530 885 664 927 Argivi.
721 886 768 917 Et
803 894 895 926 saepe

188 937 239 970 sic
254 936 433 978 Papinius.
476 937 512 969 Si
529 937 574 969 de
590 937 664 969 aliis
680 937 757 969 Diis
769 945 896 979 capere

188 986 352 1028 volueris,
363 986 486 1029 inepta
496 987 647 1028 ipsorum
659 987 802 1020 consilia
814 996 895 1019 con-

187 1041 242 1071 tra
255 1037 378 1072 Jovem
393 1036 547 1071 fatearis.
570 1038 688 1070 Barth.

230 1092 296 1123 423
319 1089 529 1131 Prohibetque
551 1090 677 1132 timeri]
703 1089 812 1124 Quasi
837 1089 897 1122 im·

183 1140 357 1174 minentis
379 1140 470 1173 mala
490 1140 595 1174 etiam
620 1140 789 1182 prodigiis
814 1150 898 1173 uun-

187 1190 336 1228 cientnr,
358 1199 403 1222 ne
429 1195 574 1223 caveant
591 1190 744 1223 homines
759 1190 898 1223 numina

186 1241 282 1275 credi
299 1244 430 1274 vetant.
454 1241 606 1273 Luceant.

190 1310 191 1314 =
232 1294 299 1326 424
332 1291 436 1334 Asope
455 1291 542 1334 tuas]
582 1291 729 1324 Flavius
763 1291 897 1325 Theba·

188 1349 286 1376 mm:
309 1343 408 1385 cujus
423 1343 590 1385 AEgynam
611 1341 717 1375 filiam
740 1342 776 1375 in
799 1343 897 1385 aqui-

189 1394 256 1427 lam
268 1397 419 1428 mutatus
433 1393 600 1436 Juppiter
613 1394 763 1427 vitiavit.
784 1394 883 1426 Idem.

231 1447 296 1479 48⁶1
319 1445 466 1487 Ausim]
488 1444 722 1478 Incrementa.
745 1445 847 1478 Idem.

231 1498 298 1530 ⁴28
320 1495 386 1529 Seu
404 1494 570 1536 montana]
593 1496 809 1539 Frequenter
822 1496 899 1528 loca

189 1547 316 1580 altiora
340 1546 519 1579 abundant
546 1546 695 1584 nivibus,
719 1556 797 1590 quae
821 1556 899 1579 cnm

191 1598 283 1632 veris
303 1597 455 1631 adventu
483 1596 676 1640 liquefiunt,
690 1597 823 1630 addunt
837 1596 899 1630 flu-

190 1642 339 1682 minibus
371 1649 600 1682 incrementa.
625 1647 799 1689 Flaminis]
826 1646 899 1680 Ad-

193 1703 319 1733 ventus
333 1697 542 1732 describitur
555 1696 777 1740 Argivorum.
799 1698 900 1731 Idem.

186 1774 190 1778 .
238 1751 308 1783 482
327 1749 443 1782 Frenis
455 1758 634 1790 emensus,
647 1748 720 1790 ξω]
746 1746 780 1780 Α
794 1747 900 1781 fluvio

182 1804 312 1834 natare
351 1804 494 1833 coactus
529 1798 574 1832 ob
612 1798 898 1841 profunditatem.

191 1850 314 1885 Amnis
343 1850 438 1883 onim
463 1854 541 1884 erat
570 1854 643 1883 tum
672 1849 827 1884 tumidus
864 1854 901 1883 et

187 1911 348 1945 magnus·
380 1901 452 1935 Vct.
477 1900 582 1934 schot.
626 1897 750 1934 Fraena
774 1910 900 1944 equum

188 1951 362 1986 denotant
387 1951 448 1984 lib.
461 1959 516 1985 xi.
547 1961 599 1983 vs.
624 1953 702 1984 244.
747 1954 758 1970 ⁸
774 1947 901 1983 Frater

191 2004 298 2038 muris
312 2003 442 2036 circum
457 2001 613 2035 omnibns
635 2002 751 2043 instat,
776 2001 900 2034 Porta-

189 2062 337 2096 rumquc
361 2060 474 2086 moras
499 2051 608 2086 frenis
632 2053 781 2086 assultat
796 2057 832 2085 et
847 2062 900 2085 ar-

191 2103 282 2138 mis.’
304 2105 422 2137 Barth.

235 2156 301 2188 487
337 2154 452 2188 Altera
479 2153 589 2196 tellas]
622 2153 778 2187 Ulterior
815 2153 902 2196 ripa.

191 2207 345 2243 butant.

234 2260 300 2291 440
328 2257 470 2300 Visaque
481 2257 624 2291 accedere
636 2256 732 2298 νέμω]
757 2255 811 2288 Ad
827 2255 902 2297 opi-

190 2310 329 2344 nionem
357 2309 477 2344 retulit
505 2314 751 2350 armentorum,
779 2308 903 2351 quibus

193 2363 396 2396 transeunte
419 2361 524 2395 fluvio
549 2361 694 2393 altitudo
717 2359 841 2397 minor,
865 2363 902 2392 et

194 2413 345 2447 latitudo
360 2413 496 2446 brevior
512 2412 650 2444 videtur
663 2410 801 2444 effecta.
828 2410 880 2442 Id.

193 2486 195 2490 -
235 2466 300 2496 441
327 2461 546 2503 Ιηάσίαςιηη]
568 2462 680 2494 Locus
695 2460 820 2494 castris
842 2470 902 2501 ap-

193 2513 276 2555 tior,
314 2513 374 2546 ubi
396 2521 495 2544 mous
525 2512 560 2544 in
590 2510 731 2552 vicinia,
757 2515 903 2552 propter

191 2567 446 2611 speculationes
467 2565 630 2606 hostium,
645 2568 682 2596 et
698 2563 789 2605 qnod
807 2567 901 2595 tutus

196 2620 234 2653 in
249 2624 329 2653 euin
344 2621 520 2660 receptus.
541 2616 612 2649 Vet.
630 2615 798 2647 Scholiast.
837 2614 901 2645 Ac·

159 2698 163 2701 .
190 2671 354 2704 eom
379 2667 511 2710 castris]
545 2666 680 2700 Positio
710 2670 902 2699 castrorum

197 2720 416 2755 describitur.
447 2717 589 2759 [mane]
606 2718 731 2751 Nullus
742 2721 818 2749 erat
832 2721 903 2748 tam

198 2772 354 2805 excelsus
369 2778 479 2812 prope
495 2769 604 2810 collis,
626 2768 725 2809 cujus
751 2766 902 2799 altitudo

189 2825 253 2857 -vel
267 2821 452 2864 despectus
467 2829 543 2854 esse
571 2817 805 2853 incommodus
826 2828 902 2862 pos-

1541 220 1655 264 1927

943 329 1009 358 set.
1031 326 1182 358 Lactant.

985 378 1048 409 445
1073 376 1224 418 Νιαὶίιμιε
1249 375 1339 418 aliis]
1361 374 1597 408 circumcirca
1622 387 1655 409 a·

945 433 1084 470 pertum
1121 436 1294 468 campum,
1322 426 1432 458 nullos
1461 425 1548 458 dicit
1578 435 1655 459 esse

945 479 1031 511 alios
1055 481 1189 510 montes
1213 482 1273 509 aut
1289 477 1408 518 colles,
1422 475 1514 508 uude
1530 475 1566 508 in
1581 485 1656 509 cas-

946 534 1000 563 tra
1026 528 1161 570 despici
1189 528 1310 569 possit,
1338 531 1374 559 et
1399 526 1552 559 actiones
1567 526 1658 558 mili-

945 584 1040 612 tares
1055 579 1246 612 observari.
1290 578 1355 610 Est
1370 577 1507 609 omniuo
1523 577 1655 610 notabi-

945 631 986 663 lis
1002 630 1135 663 Castris
1157 629 1232 671 apti
1260 628 1328 660 loci
1351 626 1554 669 descriptio.
1598 628 1655 660 De

946 682 1072 715 talibus
1096 680 1175 713 vide
1189 680 1312 712 Leonis
1321 678 1522 720 Philosophi
1535 681 1572 710 et
1587 677 1657 710 Im-

946 733 1117 776 peratoris
1126 731 1346 764 Tacticorum
1358 730 1556 772 Epilogum,
1564 727 1658 760 Ono-

947 784 1111 817 sandrum
1138 782 1382 824 Strategetico,
1412 780 1540 822 Veget.
1568 778 1656 812 libro

948 844 974 868 1.
990 845 1068 877 cap.
1084 837 1138 867 22.
1163 833 1224 866 lib.
1239 842 1297 865 111.
1321 842 1352 864 c.
1366 835 1397 864 8.
1423 831 1543 863 Barth.

989 888 1054 918 446
1073 886 1140 917 Nec
1155 885 1249 924 longa
1265 882 1367 924 labor]
1391 882 1468 914 Nec
1485 881 1594 914 multo
1607 874 1657 914 sa-

947 935 1032 969 bore
1047 935 1131 967 dicit
1139 939 1257 966 castra
1272 931 1471 965 munienda.
1491 932 1642 965 Luceant.

989 989 1055 1019 448
1077 986 1185 1018 Elatae
1208 984 1315 1027 rupes]
1339 984 1383 1016 In
1408 993 1580 1015 murorum
1606 982 1657 1015 vi-

948 1047 1008 1072 ces
1034 1047 1138 1079 rupes
1161 1040 1295 1069 naturae
1312 1034 1658 1068 beneficio-videban-

949 1093 1006 1121 tur
1022 1092 1181 1130 aequatae.
1212 1087 1312 1119 Idem.

990 1141 1056 1172 449
1067 1138 1199 1180 Pinnoe]
1217 1139 1417 1171 Castrorum
1431 1138 1572 1171 excelsa
1583 1146 1658 1170 mu-

947 1189 1088 1222 nimina.
1111 1190 1209 1222 Idem.

990 1243 1053 1272 451
1078 1239 1222 1282 Erepsit]
1245 1240 1413 1281 Egressus
1430 1243 1508 1271 est:
1533 1242 1570 1272 et
1584 1238 1658 1271 sine

948 1300 1053 1324 sensu
1068 1291 1219 1324 transiit.
1242 1290 1343 1323 Idem.

990 1345 1054 1376 453
1077 1342 1167 1374 Belli
1187 1352 1330 1383 suprema
1350 1342 1529 1384 parantem]
1549 1341 1606 1374 Sic
1622 1345 1660 1373 et

949 1393 1081 1436 scripti.
1125 1393 1329 1425 Bernartius
1358 1393 1517 1435 conjicit,
1539 1402 1658 1434 paven-

949 1448 1022 1478 tem.
1049 1443 1151 1478 Quod
1163 1444 1363 1486 priusquam
1375 1444 1547 1484 viderem,
1557 1453 1659 1476 vene-

949 1499 1004 1528 rat
1018 1495 1052 1526 in
1073 1498 1244 1527 mentem:
1267 1494 1302 1526 in
1317 1498 1482 1535 conspecta
1509 1494 1582 1527 belli
1605 1504 1658 1526 su-

944 1555 1054 1588 prema
1076 1545 1232 1587 parantis.
1276 1545 1376 1579 Quod
1393 1545 1426 1577 ei
1443 1545 1589 1587 parabat
1603 1554 1659 1577 su-

949 1606 1080 1639 prema.
1125 1595 1231 1638 Apud
1254 1596 1387 1628 Livium
1411 1595 1470 1628 lib.
1487 1604 1570 1628 vm.
1594 1596 1660 1628 Fa-

949 1647 1024 1680 bius
1039 1656 1146 1679 senex
1161 1646 1205 1678 ad
1221 1646 1398 1688 Papirium
1423 1646 1632 1678 dictatorem
1649 1657 1659 1678 ε

949 1697 960 1716 ‘
973 1696 1264 1739 Quandoquidem
1291 1696 1386 1738 apud
1411 1699 1447 1728 te
1462 1705 1527 1728 nec
1541 1700 1658 1728 aucto·

950 1748 1037 1780 ritas
1061 1751 1216 1787 senatus,
1241 1755 1306 1779 nec
1332 1750 1419 1778 oetas
1432 1755 1522 1787 mea,
1536 1746 1591 1779 cui
1606 1755 1660 1778 or·

950 1798 1096 1831 bitatem
1109 1807 1222 1840 paras,
1233 1799 1300 1829 διο.
1316 1795 1432 1829 valet?
1456 1796 1559 1830 Grau.

992 1852 1058 1882 456
1081 1848 1266 1890 Amphionis
1293 1847 1397 1888 arces]
1428 1847 1507 1879 Prae
1535 1846 1659 1880 timore

951 1899 1199 1934 somniantibus
1210 1898 1298 1930 muri
1305 1897 1471 1939 Thebani,
1481 1907 1566 1940 quus
1579 1897 1661 1930 Am·

951 1953 1055 1995 phion
1077 1954 1296 1991 extruxerat,
1312 1949 1521 1982 videbantur
1537 1949 1658 1982 invali-

950 2003 999 2036 di.
1022 2003 1173 2035 Laetam.

993 2056 1057 2087 457
1082 2053 1205 2085 Rumor
1218 2051 1330 2093 ubique
1355 2050 1457 2092 altus]
1482 2051 1560 2083 Non
1586 2051 1660 2093 pla-

951 2108 1011 2137 cet
1028 2103 1088 2136 ille
1102 2104 1185 2135 altae
1198 2112 1327 2142 rumor,
1341 2102 1407 2134 etsi
1420 2101 1546 2134 alicubi
1562 2102 1661 2135 scho-

950 2155 1020 2187 lion
1058 2154 1236 2196 adpictum
1273 2153 1474 2189 invenerim,
1517 2161 1662 2192 magnus.

951 2205 1100 2238 Scribe:
1136 2204 1248 2245 ubique
1278 2204 1371 2235 alius.
1416 2203 1475 2234 Sic
1501 2202 1663 2244 designat

951 2262 1107 2290 naturam
1138 2264 1326 2295 rumorum,
1356 2253 1412 2296 qui
1445 2254 1598 2286 vanitate
1625 2258 1662 2286 et

951 2307 1142 2341 mendaciis
1171 2306 1344 2338 hominum
1372 2308 1412 2338 ut
1438 2305 1590 2346 aluntur,
1612 2304 1663 2338 ita

952 2360 1155 2402 plerumque
1181 2366 1299 2390 secum
1322 2355 1502 2396 dissident,
1518 2361 1555 2388 et
1571 2356 1662 2389 inter

952 2413 1112 2443 auctores
1126 2408 1314 2440 variantur.
1359 2405 1567 2438 Claudianus
1584 2415 1609 2444 r.
1626 2407 1662 2438 in

952 2460 1068 2493 Rufin.
1098 2460 1108 2477 ‘
1127 2458 1368 2500 Dissensuque
1394 2456 1496 2489 alitur
1522 2457 1665 2489 rumor!

958 2512 1099 2544 Gronov.
1468 2523 1471 2526 *

994 2565 1059 2594 458
1083 2560 1281 2601 Mnjoresque
1293 2558 1402 2600 linwr]
1418 2558 1555 2600 Majora
1570 2558 1660 2591 enim

952 2613 1114 2644 videntur
1130 2610 1228 2643 nobis
1248 2609 1362 2642 omnia
1387 2618 1464 2652 quse
1490 2608 1662 2642 timemus.

952 2664 1102 2696 Luceant.

993 2717 1059 2747 462
1081 2713 1375 2755 Mandantfanera]
1398 2711 1660 2752 commendant,

953 2770 990 2799 ut
1002 2766 1032 2798 si
1046 2764 1172 2797 mortui
1188 2763 1319 2797 fuerint
1334 2773 1450 2797 eorum
1466 2763 1660 2807 sepulturas

948 2820 1154 2860 procurent.
1177 2816 1278 2848 Idem.
