1878 3164
256 244 369 287 1782

255 351 348 392 plum
389 349 448 392 qui
492 349 691 393 intrassent,
731 352 952 386 necabantur.

256 400 425 433 Bantius.

295 453 359 483 2⁷6
384 451 497 483 Haemo
525 451 667 493 dignius]
696 451 739 483 Id
768 456 834 493 est,
861 454 954 495 equi,

255 502 312 543 qui
328 501 422 542 digni
439 506 540 533 erant
562 501 724 533 stabulari
748 502 783 533 in
798 503 954 544 Thracia,

254 554 314 586 ubi
327 554 406 595 equi
418 552 596 585 Diomedis
611 557 720 594 erant,
736 553 793 595 qui
808 550 955 587 humana

253 613 356 636 carne
366 602 603 644 pascebantur.
619 603 817 635 Notandum
828 609 953 645 autem,

254 655 334 696 quia
355 663 459 695 equos
485 653 571 693 illos,
586 653 707 695 quibus
723 655 952 694 provocaban-

254 710 313 738 tur
335 705 429 746 proci
451 705 493 736 ad
517 705 634 736 curule
651 709 835 744 certamen,
852 706 954 746 poeta

249 765 344 798 pecus
355 760 469 795 vocat,
483 755 571 796 quod
588 758 643 786 est
658 756 816 796 generale
831 765 953 788 nomen

254 805 405 836 omnium
433 804 640 844 animalium,
669 803 781 846 effigie
809 806 953 838 humana

255 855 469 887 carentium:
503 864 586 896 quos
619 864 724 896 equos
749 855 834 886 dicit
861 856 952 888 Juno

255 904 430 946 digniores
459 913 533 935 esse
564 903 607 935 ad
645 904 880 936 stabulandum
918 906 951 937 in

253 953 390 994 Haemo,
409 957 526 985 monte
550 952 770 995 frigidissimo
785 955 952 996 Thraciae,

253 1012 353 1044 quam
368 1003 402 1034 in
418 1002 574 1044 praefatis
590 1004 684 1036 locis.
706 1004 852 1037 Laetam.

295 1055 360 1085 278
397 1053 509 1085 Placet
540 1053 601 1085 Ida
640 1055 766 1095 nocens]
810 1055 952 1087 Montem

252 1103 348 1144 prius
369 1102 561 1144 speciatim,
589 1113 667 1135 mox
690 1108 798 1135 totam
819 1104 963 1151 insulam·

253 1151 353 1192 dicit,
367 1161 443 1194 quae
475 1152 618 1193 gloriata
641 1153 738 1185 Jovis
759 1155 953 1195 sepulchro.

252 1202 322 1233 Res
347 1201 461 1232 multis
484 1201 706 1242 scriptoribus
729 1206 856 1235 testata
884 1213 951 1236 non

250 1254 350 1282 vacat
358 1250 580 1291 jucunditate
604 1251 762 1292 legentis,
788 1253 817 1284 si
839 1252 951 1286 confe-

251 1303 372 1330 rantur
382 1300 468 1331 loca.
492 1300 580 1331 Vide
592 1300 786 1333 Callimacli.
799 1307 835 1334 et
846 1304 951 1335 Scho-

250 1348 374 1380 liasten
388 1347 430 1380 εἷς
439 1348 509 1382 Δία.
554 1350 715 1383 Lactant.
731 1352 753 1383 l.
768 1361 794 1385 ι.
808 1362 838 1384 c.
851 1356 903 1386 ll.
915 1358 951 1386 et

252 1398 347 1430 alios.
370 1399 490 1431 Barth.

292 1452 357 1481 282
400 1450 519 1483 Melius
551 1453 698 1494 generos]
742 1454 947 1496 Polynicen,

250 1506 394 1543 propter
403 1502 511 1543 patris
525 1502 692 1535 incestum
705 1514 715 1544 3
731 1510 768 1537 et
780 1505 949 1548 Tydeum,

249 1550 306 1592 qui
322 1550 464 1585 fratrem
479 1562 575 1585 suum
590 1554 743 1587 Toxeum
758 1555 949 1589 occiderat.

249 1602 401 1634 Laetam.

291 1653 356 1683 288
379 1651 594 1694 Ausaramque
621 1654 772 1696 Dionem]
806 1656 949 1687 Veneris

247 1706 391 1733 matrem
404 1702 489 1735 dicit
500 1704 676 1736 sollicitam
689 1704 836 1737 futuram
848 1715 948 1747 prop-

248 1755 303 1783 ter
320 1751 706 1793 Hermionem,Veneris
722 1758 758 1787 et
773 1756 896 1788 Martis
911 1755 950 1787 fi-

247 1802 342 1838 liam,
358 1802 477 1834 Cadmi
493 1813 645 1836 uxorem.
666 1804 766 1837 Idem.

290 1855 352 1884 291
373 1852 519 1885 Obtestor
532 1855 726 1896 mansuram]
739 1855 864 1887 Sonnm
874 1865 948 1887 car-

246 1902 348 1934 minis
370 1903 473 1935 etiam
487 1903 542 1935 hic
563 1908 761 1946 corruptum
777 1911 948 1937 correcto-

247 1951 344 1984 ribus
360 1952 464 1986 dicas.
508 1954 609 1986 Clare
624 1953 712 1986 enim
725 1954 843 1995 primae
856 1961 947 1988 notae

247 2003 456 2036 membranae
482 2003 660 2037 referunt:
688 2006 874 2038 Mansuram
896 2007 948 2038 ob-

248 2056 421 2094 ita-stom&-
464 2054 565 2087 Quod
594 2055 711 2097 utique
741 2055 872 2087 ob'non
898 2056 949 2087 in-

247 2104 422 2136 tellectam
449 2105 590 2146 syllabae
617 2106 780 2138 rationem
797 2107 948 2148 exscrip-

246 2159 360 2186 torum
377 2155 495 2195 vulgus
520 2148 678 2187 mutavit.
721 2156 731 2173 ‘
745 2157 924 2188 Mansurus
937 2156 946 2170 '

248 2208 412 2236 aeternum
429 2204 594 2244 designat.
619 2206 736 2237 Barth.

290 2254 355 2286 298
386 2255 472 2295 Lege
498 2255 632 2296 Herebi]
669 2256 760 2289 Quia
787 2256 947 2287 dicuntur

246 2305 496 2338 inhumatorum
532 2307 651 2337 animae
688 2306 803 2337 multis
832 2308 947 2338 errare

246 2356 473 2397 temporibus.
509 2357 632 2398 Virgil.
651 2358 660 2375 ‘
673 2356 818 2388 Centum
833 2360 948 2389 errant

248 2406 378 2437 annos!
400 2407 548 2438 Laetam.

289 2458 354 2487 299
379 2455 572 2496 Tumentem]
596 2455 792 2489 Jactantem
817 2465 854 2488 se
876 2456 947 2487 exi-

248 2504 309 2545 lio,
321 2511 463 2546 propter
477 2507 716 2547 cognationem
729 2506 870 2538 Adrasti
886 2517 894 2538 ε
911 2511 947 2539 et

246 2556 312 2587 hoc
326 2556 422 2597 quasi
438 2557 530 2588 Deus
546 2557 588 2588 ad
605 2558 716 2589 Deum
738 2557 823 2589 dicit
837 2568 846 2597 ;
870 2567 946 2589 nam

246 2604 363 2638 futura
378 2612 456 2637 sunt
469 2607 555 2638 haec.
578 2607 678 2638 Idem.

290 2657 354 2686 804
377 2655 505 2686 Summa
518 2657 643 2697 pedum]
672 2657 830 2688 Petasum
846 2655 947 2696 dixit,

249 2709 286 2737 et
314 2705 441 2736 alatum
479 2706 736 2737 calciamentum
773 2706 948 2738 Mercurii.

246 2755 373 2796 Virgil.
413 2756 424 2773 ‘
437 2755 589 2788 Pedibus
613 2756 735 2788 talaria
755 2757 863 2789 nectit
877 2756 947 2788 Au-

250 2803 332 2837 re‘al
363 2804 462 2837 Idem.

717 258 858 290 No'rAE
891 258 1156 292 VARIORUM
1188 262 1242 294 IN

1046 358 1107 387 305
1136 357 1329 399 Obnubitque
1354 359 1469 400 comas]
1500 359 1597 393 Ordo
1626 359 1700 395 est!

1004 403 1227 448 obnubitque
1239 417 1354 440 comas
1368 410 1497 451 galero,
1512 415 1549 443 et
1568 415 1698 454 tempe·

1003 457 1058 486 rat
1088 459 1201 488 astra:
1224 458 1320 499 quasi
1342 459 1605 503 uniuscujusque
1628 461 1701 494 Dei

1003 509 1107 545 caput
1135 510 1263 538 astrum
1293 507 1349 540 sit.
1393 508 1533 550 Legitur
1559 510 1699 551 obnubit,

1003 554 1185 586 obscurat:
1208 565 1250 587 ne
1267 557 1356 589 nudo
1371 558 1485 598 capite
1500 559 1701 601 descedens,

1003 606 1113 635 terras
1137 603 1270 646 fulgore
1293 611 1507 648 percuteret3
1536 611 1572 640 et
1585 612 1699 650 mnpe-

1001 657 1066 684 rat.
1110 654 1175 686 Vel
1202 655 1279 696 quia
1305 656 1459 689 benefica
1484 659 1587 690 stella
1605 659 1700 691 Mer-

1003 703 1088 735 curii
1104 704 1330 737 maleficarum
1344 702 1512 748 temperat
1525 706 1674 741 flammas
1689 719 1699 739 ε

1003 754 1058 784 vel
1074 759 1167 786 certe
1182 756 1316 787 occulte
1332 756 1427 788 nobis
1446 757 1587 799 exponit
1601 759 1698 801 quin-

1001 813 1067 844 que
1084 804 1201 845 plagas
1217 806 1291 837 caeli
1317 815 1360 837 ex
1376 806 1449 838 istis
1472 811 1628 840 constare
1642 818 1699 850 sy·

1001 853 1148 893 cleribus,
1161 854 1311 896 Saturni,
1325 856 1433 892 Jovis,
1445 858 1584 899 Martis,
1603 859 1697 891 Mer·

1002 905 1100 942 curii,
1129 906 1286 940 Veneris.
1329 909 1470 941 Saturni
1492 908 1620 950 frigida
1641 913 1696 943 est

1001 955 1111 992 stella,
1140 956 1176 987 id
1205 961 1271 998 est,
1300 967 1446 998 nocens;
1469 963 1508 991 ut
1536 959 1700 1000 ‘Frigida

1000 1004 1160 1045 Saturni,'
1179 1008 1243 1039 &c.
1288 1007 1412 1039 Martis
1438 1008 1560 1040 calida.
1605 1009 1699 1041 Mer·

1001 1054 1085 1086 curii
1106 1054 1239 1097 frigida.
1281 1057 1379 1090 Jovis
1394 1062 1430 1090 et
1451 1058 1597 1090 Veneris
1612 1063 1700 1092 tem·

1002 1109 1141 1144 perata:
1157 1115 1239 1145 ergo
1252 1107 1330 1148 quia
1343 1117 1404 1147 per
1418 1108 1565 1140 mediam
1579 1103 1697 1141 zonam

1001 1154 1151 1193 volabat,
1163 1154 1258 1186 Jovis
1271 1160 1306 1187 et
1319 1157 1463 1189 Veneris
1474 1157 1586 1190 vicina
1598 1158 1698 1200 syde-

1001 1213 1038 1234 ra
1053 1202 1176 1244 frigido
1192 1206 1339 1238 transitu
1354 1208 1577 1249 temperabat.
1606 1209 1699 1241 Gale-

1000 1253 1051 1294 ro]
1074 1254 1183 1287 Pileo.
1206 1256 1306 1288 Idem.

1046 1307 1109 1337 309
1133 1306 1287 1347 Tenuique
1311 1307 1472 1349 exceptus]
1495 1307 1606 1340 Tenui
1637 1318 1697 1341 au-

1002 1366 1050 1395 ra,
1067 1367 1134 1399 qua
1156 1359 1315 1391 mortales
1341 1358 1522 1393 fruuntur:
1544 1366 1583 1393 nt
1597 1361 1697 1402 Virg-

1000 1406 1010 1424 ‘
1025 1410 1122 1438 a'uras
1161 1407 1282 1439 vitales
1321 1409 1456 1449 carpis.’
1510 1410 1600 1442 Nam
1641 1410 1700 1442 aei·

999 1456 1145 1487 crassior
1161 1457 1195 1487 in
1211 1458 1349 1490 aethere.
1391 1458 1555 1492 [inhorruit
1569 1464 1698 1501 autem,

999 1505 1077 1546 quia
1100 1505 1143 1536 ab
1168 1505 1248 1537 aere
1271 1507 1387 1538 calido
1414 1507 1449 1538 in
1464 1507 1576 1540 aetem
1600 1507 1696 1550 frigi-

998 1555 1078 1586 dum
1090 1555 1290 1588 descendit:
1313 1557 1371 1589 alii
1389 1557 1548 1591 inhorruit
1559 1559 1602 1591 ad
1615 1560 1695 1592 stri-

998 1604 1114 1636 dorem
1131 1605 1286 1638 referunt
1301 1608 1441 1640 alarum.
1457 1608 1555 1641 Idem.

1041 1657 1104 1686 310
1126 1655 1258 1696 Raptim
1282 1657 1463 1698 perinane]
1485 1658 1605 1691 Lectio
1621 1659 1695 1692 ime

998 1713 1019 1735 a
1044 1703 1140 1735 libris
1155 1705 1291 1746 scriptis
1307 1710 1383 1738 est:
1407 1707 1457 1739 ita
1472 1708 1560 1740 enim
1583 1708 1697 1750 legen-

998 1753 1092 1794 dum,
1107 1764 1175 1786 non
1192 1760 1230 1787 ut
1244 1756 1388 1796 vulgati:
1412 1759 1695 1800 raptusperimne.

997 1805 1075 1837 Scio
1090 1810 1124 1837 te
1140 1806 1227 1838 scire
1241 1807 1280 1838 τὸ
1294 1807 1386 1840 inane
1401 1807 1456 1840 hic
1474 1819 1536 1850 pro
1551 1809 1629 1842 aere
1639 1819 1696 1842 su·

997 1855 1057 1895 mi,
1078 1856 1129 1887 uti
1153 1855 1378 1898 frequentius,
1400 1868 1468 1901 qua
1493 1859 1585 1901 apud
1608 1860 1695 1893 Nos·

998 1909 1102 1946 trum,
1129 1916 1196 1948 qua
1224 1907 1318 1939 alios.
1360 1909 1506 1942 Parcam
1543 1910 1695 1943 scribere

999 1957 1180 1998 exempla3
1217 1963 1295 1989 sunt
1320 1958 1409 1990 enim
1443 1960 1625 2002 quingenta
1660 1959 1696 1992 in

998 2011 1171 2048 promptu.
1183 2007 1336 2040 Bernart-

1041 2059 1103 2088 311
1139 2058 1300 2097 Designat
1327 2058 1432 2090 nubila
1457 2059 1554 2100 gyro]
1590 2059 1696 2094 Quasi

998 2116 1092 2138 more
1115 2107 1239 2144 avium,
1261 2111 1301 2139 ut
1315 2107 1446 2140 volatus
1468 2109 1573 2149 ipsius
1603 2108 1694 2140 vide-

998 2162 1093 2188 retur
1109 2166 1183 2188 esse
1198 2156 1382 2189 descensus
1405 2157 1440 2188 in
1455 2167 1575 2199 gyrum
1589 2168 1598 2190 ς
1621 2157 1695 2189 aive

994 2216 1107 2247 gyrum
1135 2206 1218 2238 Irim
1247 2206 1344 2240 dicit.
1386 2207 1565 2240 Transitus
1601 2208 1690 2240 enim

997 2256 1134 2288 nubium
1150 2266 1290 2289 necesse
1313 2260 1367 2289 est
1391 2261 1432 2289 ut
1455 2257 1565 2289 levem
1581 2257 1694 2289 conci·

997 2312 1049 2339 tet
1065 2316 1186 2339 rorem.
1217 2307 1381 2339 Nubilum
1397 2311 1512 2339 autem
1528 2314 1572 2339 ex
1587 2311 1695 2339 trans—

995 2356 1047 2387 itu
1080 2356 1218 2387 nubium
1246 2355 1299 2395 fit,
1323 2361 1359 2387 et
1388 2360 1556 2387 astrorum
1585 2359 1694 2389 motu.

995 2406 1054 2438 Sol
1077 2415 1159 2437 vero
1184 2414 1259 2437 cum
1275 2405 1455 2437 adversam
1470 2405 1623 2446 tetigerit
1643 2415 1696 2438 ra-

996 2455 1062 2487 diis
1076 2455 1196 2487 nubem
1221 2463 1382 2496 aquosam
1397 2454 1472 2487 irim
1488 2453 1592 2488 facit:
1616 2464 1694 2487 nam

994 2504 1069 2546 ipsa
1096 2509 1151 2536 est
1178 2504 1340 2536 transitus
1359 2505 1526 2537 Deorum.
1547 2504 1696 2537 Lactant-

997 2554 1173 2597 Designat]
1200 2554 1347 2586 Omnino
1375 2554 1588 2587 scribendum
1617 2564 1694 2588 cum

998 2604 1155 2646 perfecte
1178 2604 1274 2636 bonis
1299 2603 1505 2636 membranis
1529 2604 1696 2644 dissignat.

997 2654 1040 2686 Id
1056 2659 1123 2694 est,
1139 2653 1265 2686 scindit
1279 2657 1316 2686 et
1329 2654 1455 2686 semita
1468 2654 1615 2696 quadam
1636 2664 1696 2688 no-

999 2704 1095 2736 tabili
1111 2713 1153 2736 ea
1167 2704 1300 2736 transit.
1345 2704 1442 2736 Idem
1458 2705 1593 2737 omnino
1608 2705 1695 2738 dicit

998 2753 1118 2786 Claud.
1149 2754 1286 2795 Papinii
1320 2758 1510 2795 perpetuus
1531 2754 1695 2796 imitator,

997 2805 1135 2837 Consul.
1166 2805 1269 2846 Olyb.
1288 2809 1325 2838 et
1350 2806 1519 2848 Panegyr.
1547 2805 1582 2838 in
1596 2806 1692 2840 Tert.
