1878 3164
275 232 390 276 1936

274 337 425 369 Theseus
441 336 483 369 ad
499 334 644 376 Inferos,
657 335 899 377 Proserpinam
915 344 972 376 pa-

277 388 362 419 riter
377 391 550 428 rapturus,
574 390 715 418 secutus
731 386 865 425 fuisset,
878 385 974 427 gravi

276 442 356 471 suut
371 437 508 480 utrique
523 437 674 469 damnati
690 437 870 478 supplicio.
903 436 973 467 Un-

276 488 320 520 de
349 488 534 529 Virgilius:
570 487 706 524 ‘sedet,
736 491 974 529 aeternumque

276 538 424 578 sedebit,
440 537 578 570 Infoelix
591 537 766 569 Theseus?
789 537 888 569 Idem.

292 594 295 597 “
317 592 361 620 66
381 588 561 620 Potuerunt
584 587 694 619 limina
704 587 823 628 portoe]
859 587 977 626 Longe

275 639 394 671 melior
418 639 454 670 in
469 638 564 680 Lips.
578 638 710 679 scripto
724 637 810 670 libro
832 646 976 678 concep-

277 694 313 721 ta
325 688 427 720 lectio
441 698 450 719 z
464 691 627 720 tacuerunt
638 687 747 719 limina
756 690 875 729 porte„
889 687 975 719 Cum

255 767 258 773 .,
277 739 447 771 Cerberus
460 738 628 770 abductus
640 737 803 770 videlicet
816 737 899 769 inibi
910 746 977 769 nou

276 788 422 829 emplius
445 788 608 820 latraret:
644 787 682 819 τὸ
705 790 875 829 patuerunt
901 797 977 828 pro-

275 839 355 872 bum
367 839 528 881 alias‚hic
543 839 706 881 spurium,
721 848 812 880 nam,
824 843 861 870 ut
877 839 977 870 Maro

275 890 422 923 cecinitz
457 891 467 908 ‘
483 890 615 923 Noctes
645 894 746 932 atque
776 889 852 922 dies
878 892 979 931 patet

276 940 341 973 atri
350 941 458 981 janua
472 940 574 973 ditis:
615 940 693 973 Non
719 940 822 981 igitur
842 940 978 981 signate

275 995 421 1033 propter
435 984 624 1023 absentiam
642 990 797 1022 Cerberi.
825 989 979 1021 Bernart-

317 1045 361 1074 59
383 1042 593 1075 Eumenidum
607 1042 796 1083 lachrymas]
818 1041 978 1082 Orpheus

274 1093 390 1124 Thrax
416 1092 643 1133 peritissimus
670 1092 737 1124 fuit
757 1091 918 1123 citharae:
950 1090 978 1122 is

274 1142 471 1183 Eurydicen
507 1142 688 1183 conjugem
726 1141 828 1173 unico
856 1140 978 1172 dilexit

218 1196 221 1197 ’
276 1189 417 1232 affectu,
430 1202 504 1234 quae
521 1199 597 1224 cum
610 1191 820 1228 Aristheum,
832 1190 979 1232 Eurydi-

275 1242 323 1273 cis
337 1242 508 1283 Nymphae
524 1240 643 1282 filium,
659 1241 859 1283 pudicitiam
883 1250 978 1272 suam

275 1296 466 1324 attrectare
485 1292 683 1333 cupientem
704 1291 854 1333 fugeret,
868 1291 977 1322 calca-

275 1346 313 1374 to
328 1346 489 1383 serpente
515 1346 672 1382 peremta
697 1345 758 1374 est.
801 1341 879 1373 Hoc
902 1350 977 1372 cum

273 1392 497 1424 immoderate
523 1392 658 1424 doleret
681 1392 851 1432 Orpheus,
873 1390 979 1423 confi-

275 1453 334 1475 sus
349 1443 475 1484 peritia
490 1443 643 1483 citharae,
664 1441 850 1474 inferorum
866 1450 978 1473 secre-

275 1497 312 1525 ta
328 1492 499 1534 perrupit,
523 1492 623 1534 eujus
649 1496 769 1524 cantus
795 1492 978 1524 dulcedine

274 1552 316 1575 ac
331 1542 552 1574 miseratione
567 1543 727 1584 lugentis,
739 1552 857 1574 manes
871 1542 977 1583 depo-

275 1593 342 1624 sita
361 1591 502 1624 feritate
530 1592 673 1634 Orpheo
694 1593 871 1634 conjugem
899 1592 975 1624 red-

273 1643 449 1675 diderunt.
492 1644 592 1676 Dicit
631 1654 712 1685 ergo
739 1654 829 1676 nunc
859 1645 977 1685 Pluto,

273 1698 393 1735 turpes
409 1694 535 1726 vidisse
551 1704 587 1726 se
602 1695 793 1736 lachrymas
815 1695 974 1727 Eumeni-

273 1743 354 1775 dum
368 1754 377 1776 :
402 1749 520 1785 turpes
532 1744 610 1776 ideo
627 1745 706 1786 quia
718 1749 838 1777 contra
852 1744 974 1776 infero-

274 1803 349 1826 rum
378 1795 492 1836 legem
528 1795 762 1827 misericordia
791 1795 972 1836 lachrymae

273 1844 518 1877 fundebantur.
541 1845 838 1886 Iterataquepensa]
863 1845 973 1886 Prop-

273 1900 329 1927 ter
342 1895 489 1927 reditum
505 1895 710 1937 Eurydices,
724 1896 780 1927 cui
796 1895 973 1928 concesse-

272 1950 351 1977 rant
381 1949 421 1977 ut
448 1945 561 1977 denuo
592 1946 738 1977 viventis
769 1955 877 1987 pensa
901 1946 974 1978 fata

273 1995 389 2037 pensis
403 1995 596 2028 traderent.
619 1996 768 2029 Len-tant.

315 2049 358 2078 60
385 2046 541 2079 violentia
555 2047 651 2087 legis]
680 2046 911 2079 Tenebricoso
926 2047 974 2079 lo-

271 2105 314 2128 co
328 2096 441 2128 lucem
458 2101 556 2137 petes
577 2106 597 2127 a
612 2096 741 2137 fabula,
756 2106 825 2138 qua
839 2096 975 2138 dicitur,

274 2146 417 2188 Orpheo
438 2146 600 2178 restituta
620 2146 663 2179 ab
685 2145 811 2178 Inferis
825 2147 975 2189 conjunx

273 2197 420 2238 ealege,
441 2206 486 2229 ne
509 2197 711 2238 respicere&
753 2197 875 2228 Mens:
899 2198 974 2229 Me-

270 2247 336 2278 lior
364 2246 432 2279 fuit
455 2247 511 2278 lex
534 2257 634 2290 quam
659 2256 723 2289 ego
748 2247 823 2289 ipse
848 2248 974 2287 Pluto;

273 2307 353 2329 uam
381 2297 563 2342 dulcedine
589 2303 711 2331 cantus
733 2298 932 2340 impetravit
954 2308 976 2331 a

273 2357 329 2380 me
340 2358 494 2388 uxorem,
508 2348 567 2380 sed
583 2349 799 2389 impetratam
813 2348 976 2390 perdidit,

273 2396 433 2429 violando
447 2398 572 2438 legem.
595 2398 696 2430 Bern.

315 2450 358 2479 63
380 2448 432 2479 Ab
452 2449 532 2480 Jove
545 2448 645 2489 leges]
669 2449 759 2483 Quin
776 2449 893 2490 partiri
917 2459 974 2481 an-

267 2506 354 2529 uum
370 2497 590 2539 Proserpinae
609 2498 725 2539 jussit,
739 2504 778 2531 ut
801 2509 862 2531 sex
880 2509 974 2532 men-

273 2547 365 2579 sibus
381 2553 472 2580 esset
495 2557 569 2580 cum
591 2553 714 2586 matre,
734 2550 879 2582 totidem
897 2559 973 2582 curn

273 2597 408 2630 marito.
451 2597 508 2629 Ita
530 2598 635 2630 Ovid.
657 2598 727 2631 ‘At
751 2599 883 2631 medius
907 2599 974 2632 fra-

271 2647 402 2689 trisque
428 2648 480 2679 sui
507 2653 703 2691 moestaeque
727 2651 852 2682 sororis
874 2650 973 2692 Jupi-

271 2701 327 2729 ter
355 2707 397 2729 ex
423 2707 522 2740 aequo
548 2699 742 2731 volventem
767 2700 889 2732 dividit
913 2710 973 2732 au-

271 2757 364 2780 num.
408 2748 511 2780 Nunc
539 2748 616 2789 des,
640 2759 819 2791 regnorum
846 2760 972 2783 numen

267 2806 446 2831 commuue
457 2797 612 2840 duorum,
629 2799 715 2832 Cum
729 2805 836 2834 matre
852 2805 905 2833 est
921 2804 970 2833 to-

730 242 874 274 NOTAE
908 241 1174 273 vAmoRUM
1207 239 1264 273 IN·

1022 335 1141 375 tidem,
1159 334 1302 367 totidem
1317 344 1392 368 cum
1409 334 1553 379 conjusse
1567 331 1726 369 inemec?

1023 385 1092 417 Per
1107 386 1220 417 lunam
1237 385 1310 418 fieri
1326 387 1544 420 manifestum
1558 391 1626 427 est,
1649 387 1727 430 qim

1024 446 1044 468 a
1074 437 1245 469 veteribus
1273 437 1483 480 Proserpina
1517 438 1727 471 nominetur.

1024 485 1117 518 Luct-

1066 540 1114 569 64.
1132 537 1260 570 Sectam
1279 539 1438 581 genitrix]
1470 539 1620 571 Videtur
1635 537 1726 570 euim

1025 586 1199 619 dimidium
1212 597 1337 620 aunum
1349 589 1564 622 matrimonio
1580 589 1652 630 ejus
1664 587 1729 622 Ju-

1025 637 1116 677 piter
1129 637 1335 679 abrogass03
1359 649 1465 681 penes
1491 634 1727 680 matrem'eJus

1026 695 1124 727 ergo,
1147 691 1185 718 ut
1208 688 1284 728 ejus
1310 697 1392 720 cura
1415 693 1550 721 statuto·
1569 686 1729 730 tempore

1026 735 1098 768 filia
1111 737 1154 769 ab
1170 737 1295 770 Inferis
1314 742 1510 770 revertetur
1530 737 1574 770 sd
1592 737 1727 770 celum.

1026 787 1127 819 Idem.

1068 841 1112 870 69
1135 839 1324 880 Nostrisque
1345 840 1412 871 haeo
1429 840 1532 871 ‘mrim
1544 841 1643 872 muro
1655 837 1730 874 FR'·

1026 899 1077 921 ma
1103 890 1200 931 odiis]
1237 890 1441 922 Emendatio
1473 890 1553 922 liaec
1583 899 1604 922 a
1624 889 1730 922 libris

1028 940 1164 982 scriptis
1180 944 1254 973 est:
1278 940 1431 982 vulgata,
1452 941 1517 973 hoec
1536 940 1729 973 omnium·-

1028 993 1080 1022 to:
1104 994 1168 1023 n'ec
1186 1000 1270 1023 sane
1284 995 1350 1031 est,
1365 999 1430 1023 nee
1452 991 1527 1023 sani
1543 991 1727 1034 quicquam

1028 1050 1072 1072 ex
1087 1050 1130 1073 ea
1149 1041 1278 1074 elicias.
1322 1041 1487 1073 Duellurn
1501 1041 1631 1084 (inquit
1646 1041 1731 1074 Plu-

1028 1090 1081 1133 to)
1097 1091 1271 1133 Polynicis
1287 1095 1322 1123 et
1336 1091 1512 1123 Etheoclis
1537 1095 1636 1124 omen
1656 1091 1730 1124 etit

1028 1141 1121 1183 belli,
1135 1141 1226 1183 quod
1240 1151 1305 1183 ego
1319 1141 1486 1174 fratribus
1496 1141 1576 1175 Jovi
1588 1146 1624 1174 et
1630 1141 1731 1183 Nep-

1028 1194 1110 1223 tuno
1146 1191 1306 1233 inferam,
1342 1192 1406 1224 hae
1444 1192 1568 1234 injuris
1603 1192 1734 1256 merito*

1028 1247 1230 1275 commotus.
1255 1243 1359 1275 Bern-

1069 1295 1112 1325 74
1137 1292 1361 1334 Commaculet]
1391 1294 1441 1326 Ut
1456 1293 1542 1326 tabe
1552 1293 1730 1328 solvemur

1028 1351 1183 1384 corpora,
1209 1352 1276 1375 non
1299 1342 1437 1375 flamma
1451 1352 1642 1386 pyrarum*
1662 1343 1729 1376 ii'ee

1026 1394 1239 1435 interpositis
1266 1399 1410 1427 urantur
1435 1395 1582 1436 ignibus,
1603 1394 1664 1427 sed
1694 1395 1729 1427 in

1027 1444 1098 1475 solo
1123 1449 1224 1476 terrae
1249 1445 1453 1487 intemperie
1475 1445 1564 1477 aeris
1579 1445 1729 1478 membra

1027 1493 1229 1535 depereant.
1265 1494 1321 1526 Fit
1334 1495 1476 1527 mortuis
1492 1495 1664 1537 denegate
1681 1505 1732 1528 se·

1027 1544 1164 1585 pultura
1178 1544 1394 1586 supplicium.
1438 1545 1534 1578 Bello
1558 1546 1730 1588 crudelius]

1026 1594 1077 1625 Ut
1092 1595 1194 1625 solius
1208 1595 1286 1626 caeli
1310 1604 1429 1636 rogum
1448 1596 1581 1638 possint
1601 1595 1731 1629 habere

1026 1653 1249 1678 communem.
1277 1646 1421 1679 Mutant.

1068 1697 1108 1726 Sl
1132 1694 1302 1736 Aur-emir]
1324 1697 1438 1728 Nutat
1453 1696 1495 1728 ad
1509 1706 1630 1730 vocum
1643 1702 1728 1739 pou-

1025 1744 1087 1775 dus
1115 1750 1151 1777 et
1179 1746 1336 1778 clamoris
1374 1742 1648 1788 amplitudinem.
1687 1748 1729 1781 V.

1025 1794 1130 1827 schol.
1175 1795 1228 1826 Ita
1257 1805 1332 1837 sup.
1361 1796 1385 1829 l.
1414 1805 1473 1829 tn.
1502 1806 1553 1829 vs.
1581 1800 1658 1830 809.
1681 1797 1727 1830 de

1023 1845 1135 1879 Jove:
1158 1845 1167 1862 ‘
1181 1850 1292 1877 terras
1315 1847 1508 1888 coelumque
1530 1846 1727 1891 fretumque

1024 1895 1221 1928 Attrernere
1239 1895 1377 1928 oranti!
1400 1897 1500 1928 Idem.

1066 1947 1108 1976 83
1130 1945 1261 1987 Jupiter
1275 1946 1365 1987 axes]
1400 1947 1479 1979 Hoc
1494 1949 1550 1979 est
1571 1947 1726 1980 oratioue

1024 1995 1179 2027 Plutonis
1205 1995 1398 2029 tremefacti
1424 2001 1504 2028 sunt
1525 1997 1607 2039 poli.
1643 1997 1726 2029 Luc-

1023 2048 1107 2077 tant.
1577 2055 1583 2063 ’
1638 2062 1640 2064 >

1066 2098 1108 2128 84
1133 2096 1219 2133 Quos
1236 2096 1339 2138 inquit
1361 2098 1482 2139 manes]
1518 2097 1591 2129 Pro
1616 2095 1727 2139 poenis'

1025 2146 1152 2188 posuit,
1163 2147 1198 2179 id
1223 2153 1290 2189 est,
1316 2157 1400 2190 quos
1421 2148 1593 2180 cruciatus
1615 2148 1729 2189 patie-

1024 2197 1084 2239 ris,
1098 2202 1137 2229 ut
1151 2198 1275 2239 Virgil-
1298 2200 1308 2217 ‘
1320 2198 1473 2240 Quisque
1499 2207 1579 2230 suos
1592 2198 1727 2240 patitur

1024 2247 1171 2281 Manes!
1212 2249 1327 2281 Mam
1346 2248 1423 2282 ideo
1437 2249 1522 2281 dicti
1537 2252 1630 2288 sunt,
1644 2249 1731 2291 quia*

1024 2299 1176 2332 damnati
1201 2305 1331 2332 reterns
1354 2301 1444 2342 opud
1466 2299 1602 2333 Inferos
1622 2309 1722 2342 poena

1024 2357 1239 2393 permanent.
1262 2352 1360 2384 Idem·

1066 2403 1106 2432 85
1131 2401 1225 2433 Subit
1239 2401 1308 2442 ille]
1329 2401 1522 2444 Sequitur.
1546 2401 1618 2434 Ut‘
1632 2406 1721 2444 pone

1023 2451 1116 2483 subit
1131 2452 1293 2493 conjunx.
1296 2450 1401 2483 'Aut
1414 2456 1509 2483 certe
1520 2451 1617 2484 finita
1633 2461 1722 2493 prae-

1023 2501 1158 2533 cedenti
1173 2502 1326 2534 oratione
1342 2501 1530 2543 subjungit.
1555 2502 1655 2535 Idem.

1064 2553 1107 2582 86
1131 2551 1385 2594 ‘Vanesceutibuq
1406 2551 1447 2583 In
1462 2551 1614 2584 umbram
1631 2551 1724 2585 desi-

1021 2599 1193 2632 nentibus.
1216 2601 1313 2633 Idem.

1064 2653 1105 2682 8⁷
1127 2651 1204 2682 Jam
1217 2650 1324 2692 pedes]
1341 2650 1432 2683 Quia
1438 2661 1562 2686 currus
1576 2656 1612 2684 et
1626 2651 1726 2695 equi,

1021 2710 1097 2733 cum
1128 2700 1251 2742 quibus
1278 2706 1396 2743 raptus
1421 2701 1549 2744 fuerat,
1572 2711 1718 2752 evsune—
1740 2723 1745 2729 -

1021 2754 1108 2782 runt.
1130 2750 1228 2783 Idem.

1062 2802 1101 2832 91
1129 2800 1396 2843 Cunctisfinitor]
1418 2801 1587 2835 Ovidius:
1609 2802 1622 2820 ‘
1635 2802 1717 2835 om-
