1878 3164
251 218 365 266 1978

248 327 346 360 ferre
357 327 508 367 virtutis,
523 326 603 369 quia
617 327 723 367 ipsius
737 328 859 359 mei-ito
873 337 951 368 pos-

253 378 414 409 sederant
429 378 564 409 coelum.
609 377 705 409 Dicit
723 382 836 408 autem
852 377 951 408 Libe-

253 437 342 466 rum,
378 427 574 464 Herculem,
614 428 806 465 Castorem,
837 427 958 466 Pollu-v

253 487 341 517 cem,
365 487 448 519 quos
472 477 596 509 ardens
622 477 738 509 evexit
762 477 804 508 ad
824 477 952 508 athera

253 527 371 558 virtus.
393 527 540 559 Laetant.
890 546 899 553 ·

294 579 359 608 639
378 577 507 609 Mutare
517 578 629 618 genas]
648 575 904 617 Transfigurare
915 585 952 607 se

254 626 290 658 in
306 627 405 658 aliam
424 626 579 658 formam.
596 626 695 659 Idem.

294 679 360 708 640
383 676 550 717 Responsis
577 680 613 708 ut
645 675 741 717 plana
766 675 869 717 fides]
904 676 954 707 Ut

253 726 424 766 'I'liyresiae
456 727 627 766 responsis
651 725 735 756 fides
764 724 954 765 promptior

252 775 449 815 haberetur,
464 784 539 816 quae
553 774 726 816 jubebant
742 775 856 816 perire
878 774 954 806 Me-

255 833 425 855 noeceum.
449 824 548 856 Idem.
929 860 933 862 .

296 876 359 906 643
383 874 529 915 Mollior]
554 874 709 905 Suavior.
731 873 833 905 Idem.
872 877 881 882 '

296 926 360 955 644
382 924 583 955 Descendunt
607 924 722 964 vestes]
743 923 866 954 Vestes
896 922 954 954 de-

253 972 376 1006 fluunt.
421 974 515 1004 Solet
541 973 629 1004 enim
657 973 794 1004 virtutis
818 972 955 1004 simula-

254 1032 348 1055 crum
364 1023 505 1064 depingi
521 1022 744 1054 succinctum.
769 1022 867 1054 Idem.

297 1076 361 1105 645
390 1073 480 1106 Vitta
503 1073 600 1104 comis
614 1072 703 1114 (nam
725 1073 830 1104 laurus
844 1072 955 1113 erat)]

253 1124 398 1155 Sensus:
411 1123 680 1162 Virtutem‚cum
692 1132 729 1154 se
741 1122 956 1154 assimularet

255 1182 331 1204 esse
341 1173 634 1212 Mantlio,tantum
644 1172 746 1203 vittas
759 1172 955 1214 sumpsisse,

255 1232 322 1254 non
338 1223 482 1258 laurum,
497 1227 537 1254 ut
553 1222 698 1254 decebat
715 1226 828 1254 vatem
844 1233 853 1255 ι
875 1223 957 1264 quia

254 1272 386 1304 laurum
403 1282 539 1313 semper
552 1281 657 1314 penes
671 1282 707 1303 se
731 1272 845 1311 habet,
862 1271 955 1304 ideo-

255 1332 322 1364 que
337 1333 404 1355 non
430 1323 550 1355 habuit
573 1332 715 1355 necesse
742 1323 879 1366 aliunde
897 1333 954 1364 pe-

255 1377 342 1405 tere.
365 1374 481 1405 Berm-
500 1374 583 1405 Nam
598 1374 703 1404 laurus
717 1372 801 1413 erat]
827 1374 955 1404 Laurus

254 1432 433 1455 commune
458 1427 511 1455 est
530 1426 645 1454 vatum
662 1428 698 1455 et
714 1423 863 1454 virorum
888 1422 955 1455 for-

256 1473 339 1504 tium
356 1472 474 1504 decus.
497 1472 643 1504 Lactant.

297 1526 362 1555 646
384 1523 439 1555 Sic
466 1523 571 1564 Lydia
599 1522 749 1563 conjunx]
772 1522 954 1564 Omphale.

255 1574 310 1607 cui
336 1574 505 1606 Hercules
521 1583 583 1614 per
598 1583 746 1606 amorem
771 1574 954 1606 inservisse

257 1624 469 1665 perhibemr.
496 1624 596 1655 Idem.

297 1676 362 1706 648
385 1674 522 1706 Perdere
549 1673 717 1715 sydonios]
744 1674 833 1707 Quia
866 1673 955 1705 Her-

255 1725 367 1757 culem
385 1734 452 1756 non
464 1724 610 1756 decebat
621 1724 792 1756 muliebris
802 1725 953 1764 babitus,

255 1775 335 1816 quia
358 1776 448 1806 mole
474 1774 701 1806 membrorum
728 1775 843 1806 mollia
868 1784 955 1806 rum-

256 1827 442 1868 pebantur.
486 1827 622 1858 Perdere
644 1830 695 1858 est
718 1826 848 1868 aliquid
865 1827 954 1857 male

255 1877 393 1910 imitari.
436 1876 590 1919 Sydonios
623 1876 769 1916 amictus]
814 1876 954 1908 Vestem

255 1937 463 1969 purpuream
482 1928 579 1959 dixit.
601 1926 700 1959 Idem.

288 1980 353 2010 649
364 1979 408 2010 Et
418 1982 565 2019 tympana
572 1976 728 2017 rumpere]
740 1976 828 2009 Qnae
839 1975 956 2007 nimie·

257 2031 330 2060 tate
347 2026 573 2068 percutientis
586 2025 844 2065 frangebantur.
867 2026 920 2058 Id.

298 2080 363 2109 650
394 2076 597 2116 Dignumque
611 2075 736 2115 juberi]
760 2076 955 2116 Dupliciter

255 2128 321 2160 hoc
350 2126 574 2159 sentiendum.
619 2125 659 2157 Id
686 2128 750 2164 est,
772 2134 880 2167 neque
906 2126 954 2157 in-

257 2178 397 2218 dignum
420 2176 476 2208 cui
499 2179 578 2216 post
604 2178 749 2206 mortem
766 2174 888 2207 fierent
903 2185 955 2206 sa-

257 2237 328 2266 cra,
342 2235 453 2268 neque
479 2225 656 2267 indignum
672 2224 729 2256 cui
755 2225 837 2256 talia
855 2224 955 2266 jube-

257 2282 386 2310 rentur.
409 2277 508 2308 Idem.

299 2330 363 2359 653
389 2324 581 2366 Mavortius]
602 2323 804 2356 Bellicosus.
826 2325 926 2357 Idem.

299 2380 362 2409 654
385 2375 489 2416 Atque
513 2374 630 2414 omnia]
653 2374 695 2405 Id
711 2378 775 2410 est,
792 2375 826 2405 in
851 2375 953 2407 omni·

257 2427 332 2458 bns.
354 2426 453 2457 Idem.
503 2424 761 2464 Omniasratres]
783 2425 823 2456 Id
835 2429 899 2465 est,
912 2426 955 2457 ad

257 2476 380 2509 omnia.
404 2475 525 2517 virgil.
543 2475 601 2506 lib.
614 2484 663 2507 iv.
702 2475 712 2492 ‘
727 2474 852 2506 Omnia
863 2476 956 2507 Mer-

256 2527 350 2558 curio
373 2526 501 2564 similis,
516 2534 698 2565 vocemque
715 2524 955 2566 coloremque-³

257 2576 432 2607 AEmonem
454 2574 561 2606 filium
578 2575 734 2606 Creontis
748 2573 864 2616 fuisse,
881 2575 955 2615 ipse

258 2626 368 2657 Pater
385 2619 524 2661 iudicat,
541 2623 599 2655 lib.
616 2633 668 2656 xi.
684 2633 735 2655 vs.
747 2627 824 2656 290.
838 2625 848 2642 ‘
863 2625 955 2658 Quid

258 2675 349 2707 enim
375 2674 498 2705 misero
523 2683 629 2714 super
654 2673 773 2705 unicus
802 2673 958 2706 AEmon?’

258 2726 305 2758 Et
326 2725 400 2766 ipse
425 2724 624 2755 Menoeceus
650 2722 866 2756 ‘unanimem
890 2723 955 2755 fra-

259 2780 346 2809 trem
359 2775 367 2788 ’
386 2778 485 2807 vocat
498 2774 562 2806 boc
578 2773 731 2806 librovs.
747 2777 822 2807 721.
839 2775 956 2807 Barth.

708 230 854 265 NOTAE
888 228 1152 264 VAmotttJM
1186 230 1239 263 IN

1043 330 1105 359 655
1131 325 1295 367 Tuprior]
1320 323 1594 367 Melior‚'mnjor.
1620 322 1700 360 'Cifl

1000 377 1282 418 cumcumulantur]
1314 377 1528 408 Mortuerum
1554 375 1720 408 caduc-¹

1002 427 1109 466 ribus,
1123 437 1207 468 quos
1223 426 1433 459 occiderant.
1459 427 1606 460 Lucane.

1043 479 1107 508 656
1131 475 1246 516 Omne]
1279 475 1419 508 Scilicet
1439 475 1609 508 Menoecei
1629 475 1701 507 vul-

1000 537 1065 559 nus
1089 527 1189 558 letale
1212 529 1300 562 erat,
1316 530 1352 557 et
1378 526 1463 558 nulli
1483 525 1572 558 ictus
1590 526 1628 559 in
1643 535 1701 557 va-

1002 587 1081 609 num
1097 576 1278 608 cadebant.
1300 576 1399 608 Idem.

1043 629 1107 659 657
1131 626 1273 658 Necdum
1310 627 1436 658 aderat·
1453 626 1571 669 virtus]
1603 626 1703 658 Talia

1002 678 1202 709 Menoeceus
1214 675 1359 708 necdum
1369 675 1554 717 instigante
1565 677 1703 709 numine

1004 727 1168 760 faciebat.
1192 727 1291 759 Idem.
1695 748 1701 756 ,

1046 780 1111 809 660
1152 775 1323 816 Reuident]
1356 776 1527 817 Sanguine
1561 775 1703 818 perfusa

1004 827 1166 859 nitidiora
1182 823 1280 858 fiunt.
1303 826 1405 857 Idem.

1046 879 1109 909 663
1135 875 1247 908 Cadmi
1273 876 1311 907 de
1335 875 1504 916 sanguine]
1540 875 1617 908 Nec
1646 875 1704 908 hic

983 957 989 961 ,
1004 926 1226 959 dubitandum
1242 925 1319 966 fuit,
1329 935 1404 957 cum
1416 926 1537 967 scripti
1548 924 1623 958 fere
1632 935 1706 958 om-

1004 987 1078 1017 nes,
1096 987 1171 1009 cum
1196 976 1403 1008 Lactantio:
1425 975 1703 1015 armifero-Cadmi

1004 1028 1043 1058 de
1063 1026 1196 1057 semine.-
1218 1025 1282 1057 hoc
1304 1030 1371 1064 est,
1390 1024 1435 1056 de
1455 1025 1600 1066 Spartis,
1616 1034 1703 1066 quos

1005 1076 1206 1115 seminarat,
1218 1075 1276 1107 illc
1302 1076 1312 1094 ‘
1330 1074 1452 1107 Martis
1475 1076 1586 1117 operti
1602 1074 1704 1116 Agri-

1006 1126 1105 1159 cola!
1147 1127 1271 1167 Creon,
1288 1130 1385 1168 pater
1399 1126 1510 1168 hujus,
1523 1125 1612 1158 filius
1627 1131 1704 1159 erat

1006 1176 1188 1213 Menoecei‚
1212 1186 1319 1217 nepos
1344 1176 1500 1213 Penthei,
1524 1176 1581 1208 cui
1603 1180 1703 1218 pater

1006 1227 1135 1258 Echion
1152 1236 1170 1258 e
1182 1226 1329 1268 Spartis.
1354 1226 1492 1258 Gronov.

1048 1279 1111 1308 665
1134 1277 1215 1309 Plus
1228 1275 1366 1318 concipe]
1389 1276 1473 1307 Plus
1485 1275 1622 1308 virtutis
1633 1285 1704 1308 sus-

1006 1327 1095 1369 cipe.
1114 1327 1262 1359 Lactant-

1048 1380 1112 1409 668
1137 1378 1257 1410 Cimeto
1278 1375 1407 1417 patrioe]
1428 1375 1578 1407 Mortem
1595 1375 1704 1407 tibena

1006 1431 1059 1459 ter
1083 1427 1304 1468 amplectere,
1329 1435 1391 1468 pro
1416 1425 1526 1458 salute
1552 1425 1703 1457 omniurn

1004 1478 1250 1509 Thebanorum.
1276 1477 1373 1508 Idm.
1656 1491 1659 1494 ·

1047 1530 1111 1559 670
1135 1528 1231 1559 Certa
1257 1527 1320 1568 tui]
1344 1527 1483 1559 Certum
1512 1525 1617 1558 habet
1643 1530 1705 1567 pai

1005 1578 1070 1610 tria
1085 1582 1145 1610 tua
1161 1581 1256 1609 tauto
1273 1586 1310 1608 se
1326 1587 1346 1608 a
1360 1580 1396 1608 te
1411 1585 1527 1607 amore
1541 1575 1650 1617 diligi,
1666 1579 1705 1607 ut

1005 1637 1067 1669 pro
1080 1637 1121 1659 ea
1137 1632 1171 1658 te
1186 1627 1336 1659 libenter
1351 1624 1473 1658 offeras
1490 1625 1603 1657 morti.

1047 1680 1110 1710 673
1127 1677 1258 1718 Seseque
1267 1677 1300 1708 in
1312 1677 1403 1707 eorde
1419 1674 1563 1715 reliquit]
1579 1674 1620 1706 In
1632 1674 1703 1706 ani-

1004 1737 1059 1760 mo
1082 1727 1252 1759 Menoecei
1280 1727 1417 1768 penitus
1433 1725 1541 1757 virtus
1564 1725 1703 1757 insedit.

1007 1778 1104 1809 Idem.

1047 1830 1110 1859 677
1133 1826 1270 1868 Invasit]
1290 1825 1458 1867 Arripuit.
1479 1825 1578 1858 Idem.

1047 1882 1111 1910 682
1136 1877 1241 1918 Fixit]
1264 1877 1416 1910 Occidit.
1436 1876 1539 1908 Idem.

1048 1931 1111 1960 683
1136 1927 1297 1966 Armiger-i
1310 1926 1416 1969 fixum
1436 1924 1612 1967 excipiunt]
1629 1925 1703 1957 Me-

1005 1978 1106 2009 liores
1126 1982 1161 2008 et
1186 1986 1263 2017 pars
1287 1976 1444 2016 maxima,
1460 1974 1592 2016 sessum,
1606 1978 1646 2008 ut
1661 1975 1704 2007 de

1006 2028 1186 2059 Menoeceo
1198 2026 1424 2067 intelligatur,
1433 2034 1532 2067 quem
1547 2024 1705 2066 armigeri

1006 2083 1042 2110 et
1058 2076 1200 2109 officiosi
1223 2077 1381 2117 comites,
1403 2076 1460 2108 alii
1485 2075 1637 2118 acceptis
1659 2076 1704 2108 ab

1005 2136 1046 2159 eo
1074 2127 1178 2158 armis
1205 2127 1373 2166 levarunt,
1396 2126 1454 2157 alii
1474 2126 1598 2158 dextra
1622 2126 1705 2158 data

1005 2181 1064 2209 ant
1075 2177 1224 2209 humeris
1235 2177 1347 2208 manui
1358 2177 1541 2218 suppositis
1550 2177 1704 2208 innixum

1006 2239 1068 2271 pro
1100 2239 1194 2261 more
1230 2228 1422 2270 principum
1456 2228 1703 2268 sustinuerunt,

1005 2280 1062 2311 alii
1075 2280 1174 2311 aliter
1190 2279 1390 2320 prosequuti
1405 2283 1497 2310 sunt.
1522 2279 1658 2310 Gronov.

1047 2332 1110 2361 607
1133 2326 1321 2369 Diguantur
1339 2328 1517 2368 stimulare]
1538 2329 1622 2360 Vult
1644 2338 1703 2370 pa-

1006 2382 1060 2410 ter
1089 2377 1132 2409 ab
1157 2378 1270 2409 aetatis
1299 2377 1487 2418 decrepitae
1514 2378 1703 2411 assertione

1005 2437 1169 2468 responsa
1185 2427 1377 2458 destruere.
1424 2426 1520 2459 Dicit
1533 2427 1622 2458 enim
1636 2428 1702 2469 'ry-

1005 2477 1124 2509 resiam
1136 2476 1208 2517 jam
1224 2476 1327 2508 nimia
1336 2481 1514 2508 senectute
1525 2486 1591 2509 non
1602 2486 1704 2519 posse

1005 2536 1086 2559 vera
1101 2536 1263 2567 responsa
1278 2524 1442 2567 proferre.
1464 2526 1563 2559 Idem.

1048 2580 1112 2609 698
1135 2577 1260 2608 Fraude
1278 2575 1396 2616 dolosa]
1419 2575 1508 2608 Quid
1525 2576 1553 2607 si
1566 2575 1630 2608 hoc
1644 2577 1704 2609 im-

1004 2628 1107 2659 missu
1119 2625 1208 2667 regis
1225 2625 1398 2657 Etheoclis
1413 2624 1531 2657 dolose
1544 2626 1703 2666 Tyresias

1003 2677 1133 2718 fingat?
1154 2685 1269 2707 sumus
1294 2675 1383 2706 enim
1410 2675 1484 2716 regi
1506 2685 1570 2716 pro
1584 2681 1702 2709 nostra

1002 2721 1181 2759 nobilitate
1196 2725 1359 2766 suspecti,
1369 2735 1410 2757 ne
1420 2725 1470 2758 illi
1480 2726 1701 2759 succedamus

1002 2777 1037 2809 in
1052 2785 1205 2818 regnum.
1229 2775 1328 2807 Idem.
