1878 3164
282 196 396 239 1768

646 447 1067 497 THEBAIDOS
1119 449 1261 498 LIB.

326 580 504 628 Turesis]
526 585 701 619 Bellorum
728 587 876 620 omnium
902 598 980 630 quae

284 638 374 669 iuter
387 637 529 669 Graecos
545 638 666 679 priscis
681 637 891 680 temporibus
907 637 981 670 fue-

284 697 333 729 re,
348 688 377 719 si
403 688 584 730 Trojanum
609 688 779 730 excipias,
799 688 982 720 celeberri-

284 746 372 768 mum
395 746 529 778 semper
552 738 703 770 habitum
729 737 926 770 Thebanum
942 738 982 770 il-

284 786 358 827 lud,
382 787 474 818 inter
492 787 614 831 >OEdipi
635 787 736 828 filios,
758 787 904 820 mirabili
926 797 984 819 ne·

283 835 354 867 scio
375 836 496 877 magis,
510 847 553 869 an
582 837 768 869 miserabili
792 838 886 870 exitu
909 847 983 879 ges-

284 890 368 927 tum,
384 892 464 919 ante
479 887 605 920 Christi
615 888 762 921 natalem
778 889 874 920 annis
884 889 985 920 circi·

284 941 338 970 ter
348 947 390 971 Μ.
402 947 455 971 cc.
468 948 601 972 xxxv1.
615 945 694 972 ante
708 940 849 981 primam
865 939 983 981 Olym-

284 990 420 1032 piadem
436 999 532 1024 cccc.
549 1000 639 1024 ινιτ.
660 996 739 1024 ante
753 991 883 1024 Urbem
902 1000 982 1023 con-

284 1040 391 1072 ditam
406 1049 505 1074 cccc.
521 1050 651 1074 Lxxxx.
678 1036 871 1083 Fugitivam
886 1045 983 1074 certe

283 1090 357 1132 ejus
371 1091 568 1124 memoriam
581 1092 754 1124 retrahere
769 1091 880 1125 eonati
895 1101 982 1132 prae-

283 1141 485 1174 stantissimi
516 1142 641 1184 quique
676 1143 753 1184 viri,
788 1152 855 1185 qua
890 1142 983 1174 inter

283 1191 437 1233 Graecos,
466 1202 534 1234 qua
563 1192 715 1225 Latinos.
758 1192 841 1234 Ipse
870 1191 983 1224 Poeta.

283 1241 452 1283 Princeps
474 1242 509 1273 in
531 1242 609 1293 hac'
621 1252 717 1283 cura,
732 1242 831 1275 testis
852 1243 982 1275 Pausa-

284 1291 372 1331 nias,
394 1291 452 1333 qui
475 1292 609 1333 signate
631 1292 817 1325 Boeoticis:
839 1288 983 1331 Ἐποιήθὴ

284 1340 318 1372 δὲ
342 1341 374 1373 ἐς
393 1341 449 1373 τὸν
471 1341 608 1381 πόλεμον
630 1342 742 1374 τοῦτον
764 1340 816 1374 καὶ
839 1340 898 1379 ἔπη
921 1345 983 1380 Θη-

284 1393 393 1430 βαίοις·
408 1393 449 1426 τὰ
463 1393 498 1426 δὲ
513 1393 572 1433 ἔπη
585 1395 686 1427 ταῦτα
708 1396 861 1428 Καλαῖνος
875 1394 983 1436 ἀφικό-

283 1455 375 1483 μενος
395 1443 494 1476 αὗτῶν
516 1445 548 1477 ἐς
568 1444 699 1486 μνήμην,
713 1444 829 1486 ἔφησεν
845 1445 985 1487 Ὅμηρον

284 1493 339 1525 τὸν
348 1493 521 1532 ποιήσαντα
531 1494 619 1528 εἶναι.
664 1495 810 1536 Καλαίνῳ
826 1494 859 1528 δὲ
870 1495 984 1530 πολλοί

284 1555 321 1574 τε
339 1542 391 1575 καὶ
406 1543 482 1584 ἄξιοι
501 1543 603 1584 λόγου
614 1545 697 1577 κατὰ
716 1544 818 1577 ram&
832 1543 983 1585 ἔγνωσαν.

283 1594 365 1633 Ἐγὼ
373 1593 472 1632 δὲτὴν
480 1594 601 1633 ποίησιν
606 1594 726 1634 ταύτην
734 1594 814 1635 μετά
820 1606 860 1635 ’γε
868 1595 986 1628 Ἰλιάδα

284 1644 336 1677 καὶ
356 1644 397 1677 τὰ
418 1643 477 1683 ἔπη
498 1644 540 1677 τὰ
562 1645 594 1677 ἐς
614 1644 771 1677 Ὀδυσσέα
792 1646 903 1678 ἐπαινῶ
924 1645 983 1686 μά-

283 1700 390 1727 λιστα.
436 1695 481 1728 Et
503 1696 560 1727 hoc
574 1695 696 1736 quidem
716 1696 825 1727 bellum
839 1697 985 1729 adversus

287 1745 405 1776 Thebas
431 1744 571 1777 versibus
604 1746 820 1787 perscriptum.
863 1747 983 1779 Eorum

284 1804 427 1826 versuum
444 1794 578 1827 calenus
591 1796 777 1832 mentionem
785 1796 922 1838 faciens,
943 1797 983 1828 ab

287 1845 424 1876 Homero
438 1844 545 1883 factos
568 1849 682 1886 censet,
707 1847 758 1879 cui
779 1848 883 1888 multi,
904 1850 936 1880 et
956 1847 984 1879 ii

284 1905 345 1926 non
357 1895 507 1935 ignobiles
517 1899 653 1937 autores,
666 1897 889 1929 assentiuntur.
912 1898 983 1938 Ego

285 1949 369 1977 certe
398 1945 516 1987 poie'sim
544 1946 631 1977 illam
657 1948 823 1978 secundum
849 1946 984 1979 Homeri

286 1995 420 2027 Iliadem
455 1999 486 2028 et
524 1996 697 2038 odysseam
726 1997 855 2037 plurimi
882 1997 982 2036 facio.

286 2047 439 2087 Operam
470 2046 585 2082 etiam,
610 2051 646 2078 et
675 2047 812 2088 quidem
842 2048 982 2089 largam,

285 2097 423 2128 heroico
443 2106 544 2131 versu
569 2097 714 2129 contulit
735 2096 980 2130 Antimachus:

285 2147 338 2179 cui
350 2147 402 2179 rei
413 2146 513 2178 fidem
526 2146 611 2179 facit
620 2147 674 2179 vel
686 2157 770 2179 unus
784 2146 982 2188 Athenaeus,

286 2197 343 2239 qui
359 2197 432 2238 ejus
442 2196 648 2229 Thebaidem
664 2197 870 2239 compluries
885 2198 983 2239 citat,

285 2252 321 2280 et
342 2248 400 2279 ille
423 2246 514 2280 idem
537 2247 736 2288 Pausanias,
749 2247 806 2290 qui
829 2247 863 2279 in
877 2247 984 2280 Arca·

284 2298 369 2330 dicis
391 2307 434 2331 ex
457 2308 499 2330 ea
514 2297 675 2330 Arionem
692 2287 832 2331 Kdrasti
858 2297 984 2333 descri-

284 2347 350 2388 bit,
366 2346 517 2379 versibus
533 2357 593 2379 suo
607 2347 683 2379 loco
707 2347 984 2380 transcribendis.

284 2398 359 2430 Nec
374 2396 516 2429 defuere
537 2396 647 2430 officio
662 2397 788 2431 Latini.
817 2398 983 2431 Ponticus

284 2456 363 2479 sane
379 2457 456 2479 cum
471 2447 572 2479 laude
585 2447 720 2480 sudavit
741 2447 774 2479 in
791 2448 855 2481 hoc
870 2448 980 2481 circo:

283 2498 405 2542 author
433 2497 514 2529 mihi
543 2496 731 2530 affirmandi
760 2499 979 2540 Propertius,

283 2547 372 2588 apud
401 2555 502 2587 quem
527 2547 625 2588 lego:
649 2548 660 2565 ‘
682 2548 772 2579 Dum
807 2548 868 2580 tibi
895 2548 982 2580 Cad-

282 2606 369 2628 meae
396 2596 567 2637 dicuntur,
586 2596 746 2639 Pontice,
766 2597 903 2639 Thebae,
917 2598 981 2629 Ar-

283 2654 404 2687 maque
422 2644 583 2685 fraternae
607 2647 720 2678 tristia
742 2647 896 2688 militiae3
917 2647 981 2680 At-

284 2706 350 2738 que
372 2696 439 2738 (ita
462 2696 523 2727 sim
541 2694 642 2738 felix)
667 2697 774 2738 primo
804 2698 982 2734 contendis

284 2746 447 2787 Homero,
461 2746 535 2780 Sint
560 2745 658 2781 modo
680 2745 753 2779 fata
776 2747 845 2779 tuis
868 2748 984 2783 mollia

745 209 889 241 NOTAE
925 209 1187 242 vammum
1224 210 1275 242 ln

1319 450 1366 498 1.

1034 590 1255 633 carminibus,
1267 591 1354 631 Nos,
1366 594 1405 624 ut
1426 590 1651 633 eonsuemus,'
1666 593 1732 626 dte.

1035 640 1169 673 Attium
1183 651 1318 684 quoque
1338 641 1547 683 Tragoedum
1563 641 1732 675 admovis-

1036 699 1073 722 se
1093 700 1241 731 manum,
1267 691 1384 724 videre
1402 691 1486 724 licet
1511 701 1555 724 ex
1578 695 1731 724 veterum

1036 741 1241 782 scriptorum
1256 741 1428 783 reliquiis;
1453 745 1488 774 et
1501 739 1624 775 fractis
1639 740 1734 784 quasi

1035 790 1194 823 membris
1216 801 1291 833 quae
1307 790 1396 832 apud
1424 789 1583 825 Nonium.
1627 790 1675 824 Et
1696 790 1732 823 hi

1037 840 1173 882 quidem
1188 841 1284 883 quasi
1299 841 1467 884 Primipili
1483 841 1574 874 inter
1588 850 1658 883 eoa,
1673 841 1732 884 qui

1037 891 1217 933 caliginem
1237 901 1338 934 quam
1361 891 1440 924 huie
1464 890 1556 924 bello
1579 889 1732 934 objicere

1037 942 1205 982 potuisset
1240 941 1402 984 temporis
1441 941 1574 984 injuria,
1603 938 1734 988 ingenii

1037 992 1140 1023 radiis
1165 991 1347 1034 dispellere
1360 991 1564 1032 voluerunt;
1584 989 1645 1024 sed
1667 991 1732 1024 hoe

1037 1046 1192 1075 tautum:
1215 1041 1298 1074 nihil
1326 1041 1415 1075 enim
1444 1051 1488 1074 ex
1511 1040 1646 1074 Musaeo
1665 1041 1731 1074 hoc

1037 1092 1183 1125 aedificio
1194 1093 1358 1135 reliquum
1370 1097 1498 1134 praeter
1509 1092 1646 1134 rudera,
1653 1101 1731 1135 quoe

1035 1142 1260 1183 nihilominus,
1274 1147 1313 1174 ut
1328 1146 1405 1175 ruta
1419 1146 1456 1175 et
1477 1151 1566 1175 eaesa
1580 1151 1624 1175 ex
1640 1141 1734 1175 avita

1035 1193 1237 1232 hereditate,
1249 1192 1338 1225 haud
1353 1192 1522 1224 immerito
1536 1191 1657 1225 doctos
1672 1192 1732 1225 ‹le-

1036 1245 1177 1278 lectant.
1218 1245 1349 1277 Extant
1371 1248 1484 1276 tamen
1506 1242 1617 1276 adhue
1635 1247 1673 1276 et
1688 1241 1733 1276 ad

1035 1304 1097 1327 nos
1113 1305 1314 1337 pervenere,
1328 1294 1450 1338 (liceat
1467 1293 1533 1326 huc
1549 1291 1734 1336 alludet-00

1036 1345 1260 1378 Hastatorum
1291 1344 1500 1388 quorundam
1536 1348 1572 1376 et
1597 1342 1731 1376 Princi-

1036 1405 1117 1437 pum
1144 1396 1286 1437 scripta,
1311 1395 1444 1436 signate
1466 1392 1733 1436 AEschylifflnoe

1037 1444 1087 1477 ἐπὶ
1101 1444 1227 1486 Θήβαις,
1243 1455 1342 1488 quam
1364 1445 1628 1487 elegantissime,
1643 1444 1733 1486 stylo

1038 1495 1082 1526 ad
1113 1500 1247 1527 veteres
1275 1495 1435 1536 Tragicos
1462 1494 1603 1526 Latinos
1632 1503 1731 1536 quam

1038 1546 1191 1586 proxime
1203 1545 1403 1586 accedente,
1416 1545 1568 1586 vulgavit
1579 1544 1624 1578 Q.
1636 1544 1733 1586 Sept.

1038 1596 1181 1628 Florens
1203 1595 1427 1628 Christianus.
1469 1595 1605 1627 Teritur
1626 1594 1731 1627 etiam

1037 1645 1183 1678 omnium
1209 1646 1364 1678 manibus
1389 1644 1498 1686 ignoti
1520 1644 1656 1685 Poetae,
1669 1644 1731 1677 sed

1038 1695 1111 1737 alti,
1136 1695 1197 1727 Dii
1220 1695 1317 1728 boni!
1347 1699 1384 1728 et
1413 1695 1539 1738 magni,
1561 1695 1729 1727 Thebais:

1037 1746 1157 1786 vulgus
1178 1754 1252 1777 eam
1276 1745 1415 1777 Senecae
1442 1744 1577 1778 Juniori
1594 1745 1732 1784 tribuit;

1036 1799 1073 1827 at
1087 1804 1152 1827 non
1169 1804 1255 1836 ego:
1279 1804 1342 1827 nec
1360 1795 1448 1836 ullus
1460 1804 1504 1827 ex
1515 1794 1570 1835 iis,
1582 1793 1732 1828 fidenter

1035 1844 1127 1886 dico,
1142 1845 1153 1863 ⁴
1165 1845 1261 1886 queis
1271 1854 1344 1876 esse
1356 1844 1509 1877 Corculis
1522 1843 1637 1876 datum
1649 1847 1703 1877 est
1714 1847 1733 1877 ι’

1036 1903 1105 1926 non
1120 1894 1262 1926 meridie
1278 1894 1402 1927 clarior
1417 1895 1474 1926 lux
1488 1904 1588 1936 quam
1604 1894 1731 1936 princi-

1038 1953 1116 1985 pem
1131 1944 1217 1977 hanc
1234 1945 1345 1977 locum
1360 1945 1450 1977 inter
1465 1945 1615 1985 Latinas,
1627 1950 1731 1987 atque

1038 1994 1127 2026 haud
1150 1994 1221 2027 scio
1236 2004 1277 2026 an
1303 1995 1406 2027 etiam
1432 1994 1575 2027 Groecas
1594 1995 1731 2037 Tragoe-

1037 2043 1111 2075 dias
1134 2048 1274 2084 tenere;
1297 2043 1355 2086 qui
1376 2054 1451 2076 eam
1474 2053 1551 2076 cum
1572 2044 1673 2077 sociis
1695 2044 1730 2076 in

1037 2093 1108 2125 veri
1124 2093 1248 2135 judicii
1272 2094 1402 2126 trutina
1429 2099 1626 2136 componet,
1641 2104 1731 2137 pepo

1036 2153 1103 2175 non
1118 2145 1232 2184 homo,
1246 2145 1311 2176 nisi
1327 2144 1370 2177 ab
1395 2145 1517 2177 altiore
1539 2145 1734 2187 suspicetur

1037 2203 1141 2235 aura-2
1162 2194 1308 2226 strictim
1325 2194 1460 2227 interim
1475 2205 1545 2228 rem
1558 2196 1681 2238 tangit,
1696 2200 1732 2229 et

1038 2253 1077 2275 ea
1096 2253 1170 2286 quae
1187 2253 1230 2276 ex
1256 2244 1314 2276 illa
1339 2244 1500 2277 habemus
1525 2245 1656 2277 initium
1673 2246 1731 2278 vix

1037 2293 1252 2334 adumbrant,
1281 2294 1366 2326 adeo
1396 2303 1463 2326 non
1494 2293 1608 2326 finem.
1652 2295 1730 2330 Quo

1036 2344 1142 2386 magis
1166 2343 1328 2376 debemus
1342 2344 1482 2386 Papinii
1503 2345 1731 2387 nostriscrip-

1037 2394 1094 2434 tis,
1130 2394 1165 2426 in
1201 2394 1324 2436 quibus
1362 2393 1512 2427 feliciter
1548 2399 1731 2436 praestatur

1036 2444 1383 2486 utrumque,maculas
1392 2453 1468 2476 cum
1480 2444 1731 2485 plures,saeculi

1034 2494 1125 2528 illius
1160 2494 1343 2535 elegantia,
1370 2503 1438 2536 quo
1472 2493 1608 2527 litteras
1641 2495 1731 2527 scire

1033 2544 1208 2576 barbaries
1237 2548 1326 2584 erat,
1353 2552 1552 2576 excusorum
1582 2544 1730 2587 denique

1034 2595 1255 2637 negligentia,
1283 2595 1489 2627 contraxisse
1514 2595 1636 2627 videor
1668 2596 1729 2629 sed

1035 2652 1071 2678 et
1087 2647 1120 2678 in
1143 2646 1182 2677 iis
1206 2644 1358 2677 eluendis
1373 2654 1439 2676 non
1454 2644 1620 2678 inutiliter
1636 2645 1730 2678 labo·

1036 2705 1130 2728 rasse
1145 2704 1198 2726 me
1210 2695 1220 2712 ‘
1235 2699 1349 2736 sperat
1358 2694 1494 2736 quidem
1509 2695 1651 2738 animus,
1661 2706 1729 2738 quo

1038 2745 1173 2780 eveniat
1200 2745 1274 2779 Diis
1289 2745 1323 2777 in
1339 2754 1440 2781 manu
1463 2745 1541 2779 est!
1583 2746 1634 2781 Tu
1651 2746 1728 2783 favo
