1878 3164
250 214 365 260 1976

251 328 333 355 mn
350 319 484 360 impetn
498 319 557 361 ire,
573 320 726 360 Margine
742 321 781 352 ab
801 323 952 357 extremo,

249 378 333 403 uuna
355 372 464 410 sponte
489 370 525 401 in
543 370 642 408 frena
664 372 821 403 recedunt.
864 370 952 412 Equi

250 423 304 454 est
322 420 447 451 saltum
467 419 639 461 audentis,
662 425 698 452 et
721 425 835 453 tamen
859 425 952 452 retro

249 478 286 502 se
314 469 523 511 reducentis,
549 470 748 512 descriptio.
796 472 880 503 Cum
902 471 954 502 ira

252 523 365 551 tamen
381 520 440 551 illa
450 530 510 552 sua
522 521 713 553 delirarunt
728 521 955 561 Lindebrogii‚

252 570 438 606 Bernartii,
455 569 548 611 Aldi,
562 575 664 613 atque
685 572 760 603 aliae
770 571 954 603 editiones-

255 619 373 651 Barth.

297 673 361 703 524
384 671 424 703 In
434 670 532 710 frena
555 671 718 712 recedunt]
742 672 783 704 In
809 673 956 714 vestigia

254 719 422 760 redeunt;
465 721 566 753 modo
614 722 742 754 abeunt
779 724 955 762 alacritate

255 770 469 810 transeundi,
495 771 595 803 modo
620 771 742 804 timore
765 773 956 805 altitudinis

255 825 439 852 retrorsum
457 820 615 854 redeunt.
637 822 786 854 Laetam.

297 873 361 902 527
396 871 566 913 Remuliri]
599 871 836 914 Disrummre,
866 874 956 905 avel-

257 921 340 954 lere.
365 921 465 952 Idem.

299 973 363 1003 ⁵32
389 971 584 1012 Nigrasque]
606 972 804 1006 Semiustas.
827 974 925 1006 Idem.

298 1024 362 1053 533
399 1023 539 1054 Arsuras
566 1022 713 1062 glandes]
755 1023 845 1055 Nam
881 1027 960 1055 sunt

258 1070 442 1111 plumbeae.
467 1071 652 1102 Plumbum
682 1072 770 1103 enim
798 1074 885 1105 solet
909 1074 959 1105 ni-

258 1121 400 1153 mietate
415 1122 532 1163 jactus
555 1122 757 1154 calefactum
783 1123 960 1165 liquefieri.

260 1171 360 1203 Idem.

302 1225 364 1254 535
389 1223 559 1264 Μωηὶῠιω]
583 1224 653 1255 Ριο
675 1224 851 1256 eversione
880 1234 961 1257 moe-

258 1273 350 1304 nium
364 1273 446 1314 ipsis
462 1274 627 1305 moenibus
642 1274 871 1315 pugnabatur.
896 1275 946 1307 Id.

302 1325 367 1354 536
390 1324 567 1365 Fenestrae]
599 1325 652 1355 Ex
689 1324 843 1356 omnibus
875 1324 962 1355 muri

261 1373 485 1405 foraminibus
532 1379 750 1415 propugnant
794 1374 962 1406 Thebani.

263 1424 304 1455 .V.
316 1424 352 1456 S.
397 1424 549 1458 Pessime
564 1423 715 1455 nonnulli
731 1423 807 1455 libri
816 1423 962 1462 faretroe.

262 1474 340 1506 Non
357 1474 478 1510 nostri,
493 1474 550 1515 qui
567 1474 701 1514 sapiunt
717 1473 848 1505 melius.
879 1474 964 1506 Pos-

261 1523 369 1555 terior
385 1528 469 1557 aetas
494 1524 580 1555 tales
593 1524 765 1564 fenestras,
781 1524 862 1566 quia
883 1534 964 1566 qua-

262 1573 331 1605 dris
341 1574 502 1605 cancellis
515 1579 612 1605 erant
623 1575 774 1614 munitae,
784 1575 794 1592 ⁴
808 1575 963 1616 quarnel-

262 1622 331 1655 las’
354 1623 513 1656 vocabat.
558 1624 750 1656 Gulielmus
775 1625 874 1657 Brito
901 1626 961 1657 lib.

264 1682 333 1705 vn.
351 1684 399 1706 vs.
416 1676 492 1706 668.
515 1675 524 1691 ‘
544 1674 674 1706 Balista
690 1680 794 1716 queat
805 1676 965 1716 jaculari,

263 1734 428 1767 arcusque
461 1724 606 1765 sagittas
635 1726 744 1766 Quas,
773 1726 963 1767 ubicunque

257 1778 385 1814 ‘patent
413 1774 591 1815 quarnelli,
607 1774 679 1806 sive
701 1774 876 1816 fenestrae,
892 1776 964 1808 Ob-

261 1824 346 1856 sessi
359 1828 535 1865 nequeunt
549 1824 651 1856 toties
666 1825 805 1866 impune
819 1825 966 1858 cavere.’

267 1874 387 1906 Barth.

266 1945 270 1949 >
309 1927 372 1956 537
400 1924 573 1965 Ceraunia]
611 1925 750 1957 Montes
776 1926 879 1967 Epyri
908 1936 967 1958 ex·

266 1975 360 2015 celsi,
378 1975 435 2016 qui
451 1975 518 2006 illis
547 1976 686 2016 propius
703 1975 900 2015 navigantes
915 1977 965 2008 in-

267 2023 410 2056 festant.
453 2024 557 2056 Unde
580 2025 709 2058 Lucan.
753 2027 763 2044 ⁴
780 2027 968 2068 scopulosa

267 2075 436 2107 Ceraunia
451 2080 562 2106 aautae
576 2075 714 2107 Summa
727 2076 874 2110 timent?
887 2077 968 2109 Lac-

266 2128 349 2158 tant.

310 2178 375 2207 542
400 2176 503 2207 Imber
525 2175 633 2216 atrox]
667 2176 828 2209 Telorum
856 2178 968 2209 densi-

266 2231 340 2258 tas:
364 2226 491 2257 etenim
506 2227 678 2267 peculiare
694 2231 748 2258 est
763 2227 967 2268 poetismel-

265 2278 291 2309 li
306 2277 467 2318 impetum
494 2276 572 2308 coeli
588 2278 853 2319 tempestatibus
876 2288 967 2310 com-

268 2336 401 2368 parare.
424 2327 526 2359 Idem.

312 2380 375 2409 544
399 2377 546 2418 Falcato]
569 2377 689 2409 Falces
703 2377 863 2410 habente.
889 2378 968 2410 Hoc

270 2435 377 2468 genus
395 2436 566 2458 armorum
581 2426 684 2458 etiam
707 2427 886 2459 Sallustius
909 2428 968 2460 de·

269 2477 404 2510 scribit.
428 2477 527 2509 Idem.

312 2529 374 2559 547
415 2526 539 2567 Ocres‘s]
574 2527 719 2559 Crurum
752 2528 969 2570 tegminibus,

270 2578 392 2621 quihus
407 2578 441 2609 in
453 2587 554 2610 curru
566 2576 777 2610 haerentibus
790 2578 970 2611 traheban-

271 2632 337 2660 tur.
359 2628 458 2659 Idem.

314 2679 379 2709 548
402 2677 601 2718 Mirandum]
635 2677 882 2711 Miserandum.
917 2680 970 2712 Id.

314 2731 378 2761 549
400 2729 570 2761 Fumantes
603 2730 697 2770 νοέω]
735 2731 886 2772 Propter
922 2732 970 2763 ni·

272 2780 372 2814 mium
385 2779 610 2815 celeritatem.
639 2780 823 2815 {sense-hol.
848 2782 972 2814 Potest

715 227 747 258 N
756 226 862 259 0¹1*AE
894 223 1160 259 vAmoRUM
1193 225 1247 259 IN

1003 319 1100 353 etad
1123 328 1236 353 arenas
1260 319 1370 352 levem
1387 318 1596 361 sparsionem
1620 317 1704 353 did.

1003 369 1052 401 Ut
1067 369 1135 402 fine
1149 369 1283 402 AEneid.
1294 378 1348 402 xi.
1371 370 1381 387 ⁴
1398 370 1522 402 AEneas
1531 369 1703 410 fur-antes

1002 421 1144 462 pulvere
1159 431 1295 463 campos
1316 421 1525 464 Prospexitss
1546 422 1632 456 flod
1646 432 1706 466 pm

1004 481 1077 503 rum
1094 476 1187 512 apte.
1210 472 1326 505 Barth.

1046 525 1110 554 552
1131 523 1179 554 At
1193 522 1281 564 moa]
1306 522 1523 565 Argivorum.
1547 523 1700 557 umus.

1047 575 1109 603 553
1133 572 1265 613 Amara]
1289 573 1462 606 'leri-ibin.
1485 573 1588 606 Idem.

1048 625 1111 654 555
1135 622 1201 653 Sua
1229 622 1357 664 damna]
1380 623 1471 660 Quin
1498 623 1705 691 occideban

1006 677 1074 705 tur.
1102 672 1202 704 Idem.

1049 726 1114 755 556
1136 723 1223 754 Dira
1260 723 1347 755 intus
1366 721 1485 764 facies]
1522 720 1708 755 Horrenda

1005 774 1118 806 luctus
1141 773 1274 815 species
1300 773 1504 814 impleverat
1517 772 1709 806 civitatem·

1007 825 1108 857 Idem.

1048 876 1111 905 557
1145 872 1368 914 Lymphatam]
1405 872 1549 905 Timone
1578 871 1710 913 mgni-

1007 923 1127 956 tudine
1142 922 1315 955 furiatam.
1337 922 1436 954 Idm.

1049 977 1114 1006 559
1152 973 1349 1012 Circumfusa
1383 971 1536 1014 tenebris]
1573 944 1709 1013 Fugere

1009 1024 1129 1064 velint,
1143 1028 1179 1055 et
1202 1024 1319 1063 palant
1341 1021 1536 1063 fugibundi,
1558 1022 1619 1055 sed
1641 1032 1710 1055 ου·

1009 1075 1096 1106 catis
1112 1073 1284 1105 mentibus
1305 1073 1462 1105 nesciunt
1478 1082 1634 1114 quorsum
1649 1076 1710 1105 aut

1011 1134 1077 1166 quo
1097 1127 1200 1165 pacto
1226 1123 1375 1155 debeant
1399 1132 1436 1154 se
1459 1122 1711 1155 imminentibus

1011 1176 1108 1208 malis
1125 1176 1272 1216 eripere.
1302 1175 1374 1206 Vet.
1391 1174 1563 1206 Comma-e.

1053 1228 1117 1258 563
1142 1225 1338 1265 Consumpsit
1349 1227 1481 1256 ventura
1494 1223 1604 1266 timor]
1626 1223 1712 1256 Per-

1012 1280 1092 1308 acta
1105 1276 1317 1317 putabantur
1325 1274 1456 1306 timoris
1467 1273 1713 1315 magnitudine,

1012 1336 1087 1367 qnae
1103 1326 1250 1358 nondum
1267 1329 1454 1357 evenerant
1474 1329 1567 1356 sorte
1583 1323 1713 1355 heunu-

1011 1376 1057 1407 di.
1079 1376 1178 1407 Idem.

1054 1427 1115 1456 571
1142 1423 1222 1463 112³oe
1244 1424 1306 1455 tela
1331 1423 1424 1465 viris]
1446 1423 1532 1462 Qui·
1559 1422 1594 1455 in
1621 1423 1713 1456 cala-

1011 1473 1134 1505 mitate
1150 1473 1261 1504 nullus
1277 1473 1389 1514 pudor
1404 1478 1458 1505 est
1472 1472 1620 1506 foeminis
1636 1481 1713 1514 pro·

1011 1523 1085 1555 dire
1108 1524 1143 1555 in
1160 1523 1349 1564 publicum,
1366 1524 1418 1555 vel
1434 1523 1549 1566 aliquo
1565 1532 1639 1565 pro·
1652 1531 1714 1565 pn-

1012 1574 1080 1606 tria
1091 1573 1187 1615 fungi
1199 1573 1324 1606 officio.
1345 1575 1446 1606 Idem.

1054 1626 1118 1655 574
1142 1623 1198 1655 Sic
1211 1624 1265 1656 abi
1286 1624 1415 1665 puniceo
1432 1626 1542 1665 pastor
1565 1625 1716 1664 raptans

1010 1674 1050 1706 ab
1061 1677 1153 1705 antro
1169 1673 1428 1714 Armatasexegt‘l
1444 1673 1532 1715 apes]
1554 1673 1715 1715 Virgilius

1014 1725 1140 1764 Georg.
1154 1733 1206 1756 ιν.
1230 1725 1240 1742 ‘
1259 1724 1461 1766 penitusque
1474 1727 1627 1765 reperte
1643 1723 1715 1756 Pn-

1012 1774 1223 1815 micibusque
1252 1774 1346 1806 cavis
1377 1781 1558 1815 exesaeque
1585 1773 1717 1806 arboris

1015 1823 1136 1856 antro!
1161 1824 1315 1856 Bernart.

1057 1877 1118 1906 575
1142 1873 1294 1905 Armatus
1324 1873 1432 1913 exegit
1467 1873 1556 1915 apes]
1585 1873 1716 1906 Omnes

1015 1924 1149 1965 scripti,
1163 1924 1276 1955 erexit.
1303 1923 1350 1955 Et
1368 1923 1447 1965 quid
1463 1927 1643 1955 cessarunt
1657 1931 1715 1955 te·

1015 1975 1153 2016 cipere?
1185 1974 1247 2005 Est
1262 1974 1350 2005 enim
1367 1973 1717 2014 excitavit‚irritsvit‚

1018 2026 1136 2067 rigidis
1152 2031 1188 2057 et
1202 2026 1332 2057 strictis
1347 2034 1423 2057 esse
1446 2025 1572 2057 aculeis
1587 2024 1716 2067 coegit.

1018 2076 1119 2109 Libro
1130 2084 1171 2106 ιι.
1196 2075 1205 2093 ‘
1223 2084 1379 2116 praeceps
1389 2085 1465 2106 cum
1477 2075 1631 2107 cominus
1644 2075 1719 2118 egit

1018 2125 1076 2160 Ira
1098 2135 1186 2161 sues,
1214 2125 1413 2166 strictisque
1439 2125 1552 2157 erexit
1574 2130 1719 2166 pectora

1018 2175 1122 2208 setis!
1146 2175 1320 2216 Sulpicia:
1343 2176 1352 2192 ‘
1367 2175 1482 2206 Turba
1494 2174 1718 2216 rigensstric-

1019 2227 1062 2258 tis
1078 2236 1139 2268 per
1154 2227 1247 2257 lutea
1261 2234 1407 2266 corpora
1420 2224 1522 2257 telis!
1545 2225 1684 2257 Gronov.

1064 2279 1126 2308 577
1150 2275 1378 2318 Deficientibas
1401 2274 1479 2315 alis]
1502 2274 1655 2305 Lassatae
1683 2274 1718 2306 vi

1020 2326 1167 2366 volandi,
1181 2325 1273 2356 velvi
1284 2327 1425 2356 coactae.
1447 2324 1518 2355 Vct.
1531 2323 1633 2356 θελοι.
1662 2323 1721 2356 11Ιί

1018 2378 1063 2410 de
1082 2377 1174 2409 sumo
1191 2379 1279 2407 natae
1296 2375 1468 2406 consentit
1481 2379 1518 2406 ct
1533 2374 1721 2414 glossogra-

1019 2428 1105 2468 phus
1132 2426 1166 2456 in
1193 2425 1323 2465 optimo
1350 2423 1494 2462 Codice,
1520 2422 1579 2464 qui
1604 2433 1720 2464 super-

1019 2476 1163 2518 scripsit
1179 2475 1360 2507 lassitudine
1374 2483 1414 2505 ex
1421 2472 1634 2515 suffocatione.
1661 2473 1720 2507 Ita

1019 2533 1135 2560 mente
1162 2525 1321 2557 habuerit
1343 2523 1508 2564 Papinius
1532 2523 1592 2555 illa
1605 2524 1721 2566 Virgi-

1021 2579 1111 2610 liana
1127 2577 1200 2609 AEn.
1217 2583 1285 2606 xn.
1327 2574 1336 2591 ‘
1352 2574 1505 2605 Inclusas
1523 2578 1562 2606 ut
1578 2584 1653 2606 cum
1671 2576 1719 2607 ln-

1021 2628 1162 2660 tebroso
1178 2626 1212 2656 in
1235 2624 1371 2665 pumice
1395 2629 1512 2664 pastor
1525 2624 1724 2666 Vestigavit

1021 2688 1116 2719 apes,
1129 2676 1288 2716 fumoque
1304 2674 1458 2715 implevit
1480 2683 1620 2714 amaro;
1642 2675 1719 2708 111ae

1020 2729 1123 2767 intus,
1138 2725 1281 2767 trepidae
1304 2734 1431 2762 rerum,
1448 2733 1508 2765 per
1527 2734 1720 2766 cerea‘cas·

1021 2784 1075 2814 tra
1110 2777 1334 2816 Discurrunt,
1356 2775 1556 2821 magnisque
1593 2780 1721 2812 acuunt

1870 665 1878 681 ‚A
1866 555 1878 659 ..-”·ςς.1έ(ἐ”,·
1868 547 1870 549 “
1868 526 1878 539 ,1
