<?xml version="1.0" encoding="UTF-8"?>
<!DOCTYPE html PUBLIC "-//W3C//DTD XHTML 1.0 Transitional//EN"
    "http://www.w3.org/TR/xhtml1/DTD/xhtml1-transitional.dtd">
<html xmlns="http://www.w3.org/1999/xhtml" xml:lang="en" lang="en">
 <head>
  <title>
</title>
<meta http-equiv="Content-Type" content="text/html;charset=utf-8" />
  <meta name='ocr-system' content='tesseract 3.04.00' />
  <meta name='ocr-capabilities' content='ocr_page ocr_carea ocr_par ocr_line ocrx_word'/>
</head>
<body>
  <div class='ocr_page' id='page_1' title='image "./operaomniaexedit04statuoft/operaomniaexedit04statuoft_0183.png"; bbox 0 0 1878 3164; ppageno 0'>
   <div class='ocr_carea' id='block_1_1' title="bbox 0 0 87 1073">
    <p class='ocr_par' dir='ltr' id='par_1_1' title="bbox 0 0 87 1073">
     <span class='ocr_line' id='line_1_1' title="bbox 0 0 87 1073; baseline 0 0"><span class='ocrx_word' id='word_1_1' title='bbox 0 0 87 1073; x_wconf 95' lang='lat' dir='ltr'> </span> 
     </span>
    </p>
   </div>
   <div class='ocr_carea' id='block_1_2' title="bbox 455 196 1342 230">
    <p class='ocr_par' dir='ltr' id='par_1_2' title="bbox 455 196 1342 230">
     <span class='ocr_line' id='line_1_2' title="bbox 455 196 1342 230; baseline 0.001 -1"><span class='ocrx_word' id='word_1_2' title='bbox 455 197 497 229; x_wconf 83' lang='lat' dir='ltr'>P.</span> <span class='ocrx_word' id='word_1_3' title='bbox 529 196 721 229; x_wconf 78' lang='lat' dir='ltr'>PAPiNn</span> <span class='ocrx_word' id='word_1_4' title='bbox 755 196 920 229; x_wconf 75' lang='lat' dir='ltr'>sTA&#39;rn</span> <span class='ocrx_word' id='word_1_5' title='bbox 956 198 1102 230; x_wconf 80' lang='lat' dir='ltr'>THEB.</span> <span class='ocrx_word' id='word_1_6' title='bbox 1138 199 1233 230; x_wconf 70' lang='grc' dir='ltr'>[ΑΒ.</span> <span class='ocrx_word' id='word_1_7' title='bbox 1257 199 1342 230; x_wconf 74' lang='lat' dir='ltr'>vti.</span> 
     </span>
    </p>
   </div>
   <div class='ocr_carea' id='block_1_3' title="bbox 164 291 893 2816">
    <p class='ocr_par' dir='ltr' id='par_1_3' title="bbox 165 291 876 535">
     <span class='ocr_line' id='line_1_3' title="bbox 167 291 875 336; baseline 0 -11"><span class='ocrx_word' id='word_1_8' title='bbox 167 299 245 325; x_wconf 78' lang='lat' dir='ltr'>sero</span> <span class='ocrx_word' id='word_1_9' title='bbox 259 291 327 326; x_wconf 86' lang='lat' dir='ltr'>illis</span> <span class='ocrx_word' id='word_1_10' title='bbox 340 292 454 336; x_wconf 73' lang='lat' dir='ltr'>irrogo</span> <span class='ocrx_word' id='word_1_11' title='bbox 468 292 572 335; x_wconf 75' lang='lat' dir='ltr'>digna</span> <span class='ocrx_word' id='word_1_12' title='bbox 587 292 769 336; x_wconf 82' lang='lat' dir='ltr'>supplicia.</span> <span class='ocrx_word' id='word_1_13' title='bbox 802 292 875 326; x_wconf 74' lang='lat' dir='ltr'>Cri·</span> 
     </span>
     <span class='ocr_line' id='line_1_4' title="bbox 165 342 876 386; baseline -0.003 -10"><span class='ocrx_word' id='word_1_14' title='bbox 165 343 252 376; x_wconf 69' lang='lat' dir='ltr'>usian</span> <span class='ocrx_word' id='word_1_15' title='bbox 277 343 414 386; x_wconf 79' lang='lat' dir='ltr'>Dorica]</span> <span class='ocrx_word' id='word_1_16' title='bbox 440 342 580 379; x_wconf 73' lang='lat' dir='ltr'>,Graecn</span> <span class='ocrx_word' id='word_1_17' title='bbox 619 347 764 385; x_wconf 84' lang='lat' dir='ltr'>propter</span> <span class='ocrx_word' id='word_1_18' title='bbox 790 343 876 384; x_wconf 80' lang='lat' dir='ltr'>inju-</span> 
     </span>
     <span class='ocr_line' id='line_1_5' title="bbox 166 392 875 436; baseline -0.004 -7"><span class='ocrx_word' id='word_1_19' title='bbox 166 393 236 429; x_wconf 75' lang='lat' dir='ltr'>riu</span> <span class='ocrx_word' id='word_1_20' title='bbox 258 392 416 428; x_wconf 72' lang='lat' dir='ltr'>Tantali:</span> <span class='ocrx_word' id='word_1_21' title='bbox 441 393 501 436; x_wconf 85' lang='lat' dir='ltr'>qui</span> <span class='ocrx_word' id='word_1_22' title='bbox 530 394 685 426; x_wconf 86' lang='lat' dir='ltr'>extincto</span> <span class='ocrx_word' id='word_1_23' title='bbox 714 394 782 426; x_wconf 77' lang='lat' dir='ltr'>tilio</span> <span class='ocrx_word' id='word_1_24' title='bbox 809 394 875 426; x_wconf 86' lang='lat' dir='ltr'>Pe-</span> 
     </span>
     <span class='ocr_line' id='line_1_6' title="bbox 165 444 876 487; baseline -0.001 -10"><span class='ocrx_word' id='word_1_25' title='bbox 165 445 263 487; x_wconf 77' lang='lat' dir='ltr'>lope,</span> <span class='ocrx_word' id='word_1_26' title='bbox 276 444 310 478; x_wconf 84' lang='lat' dir='ltr'>ei</span> <span class='ocrx_word' id='word_1_27' title='bbox 323 445 489 479; x_wconf 74' lang='lat' dir='ltr'>humanos</span> <span class='ocrx_word' id='word_1_28' title='bbox 503 449 600 478; x_wconf 76' lang='lat' dir='ltr'>artus</span> <span class='ocrx_word' id='word_1_29' title='bbox 613 445 777 487; x_wconf 86' lang='lat' dir='ltr'>apposuit</span> <span class='ocrx_word' id='word_1_30' title='bbox 791 453 876 487; x_wconf 89' lang='lat' dir='ltr'>epu-</span> 
     </span>
     <span class='ocr_line' id='line_1_7' title="bbox 165 493 510 535; baseline 0.003 -8"><span class='ocrx_word' id='word_1_31' title='bbox 165 493 301 531; x_wconf 76' lang='lat' dir='ltr'>landos.</span> <span class='ocrx_word' id='word_1_32' title='bbox 323 494 474 528; x_wconf 66' lang='lat' dir='ltr'>Luceant.</span> <span class='ocrx_word' id='word_1_33' title='bbox 506 531 510 535; x_wconf 51' lang='grc'><strong><em>,</em></strong></span> 
     </span>
    </p>

    <p class='ocr_par' dir='ltr' id='par_1_4' title="bbox 164 542 880 1185">
     <span class='ocr_line' id='line_1_8' title="bbox 207 542 876 588; baseline -0.001 -9"><span class='ocrx_word' id='word_1_34' title='bbox 207 547 271 583; x_wconf 70' lang='grc'>211</span> <span class='ocrx_word' id='word_1_35' title='bbox 294 543 457 588; x_wconf 59' lang='lat' dir='ltr'>Quinc</span> <span class='ocrx_word' id='word_1_36' title='bbox 472 542 645 587; x_wconf 67' lang='lat' dir='ltr'>Pentheus]</span> <span class='ocrx_word' id='word_1_37' title='bbox 662 545 876 578; x_wconf 87' lang='lat' dir='ltr'>Commemo-</span> 
     </span>
     <span class='ocr_line' id='line_1_9' title="bbox 165 594 875 638; baseline 0.001 -10"><span class='ocrx_word' id='word_1_38' title='bbox 165 594 275 629; x_wconf 76' lang='lat' dir='ltr'>rando</span> <span class='ocrx_word' id='word_1_39' title='bbox 289 594 382 638; x_wconf 86' lang='lat' dir='ltr'>quod</span> <span class='ocrx_word' id='word_1_40' title='bbox 408 595 584 628; x_wconf 74' lang='lat' dir='ltr'><strong>Pentheus</strong></span> <span class='ocrx_word' id='word_1_41' title='bbox 607 596 774 628; x_wconf 82' lang='lat' dir='ltr'>innocens</span> <span class='ocrx_word' id='word_1_42' title='bbox 799 606 875 633; x_wconf 82' lang='lat' dir='ltr'>cru-</span> 
     </span>
     <span class='ocr_line' id='line_1_10' title="bbox 166 645 876 688; baseline 0 -9"><span class='ocrx_word' id='word_1_43' title='bbox 166 645 294 680; x_wconf 81' lang='lat' dir='ltr'>deliter</span> <span class='ocrx_word' id='word_1_44' title='bbox 315 645 457 688; x_wconf 87' lang='lat' dir='ltr'>punitus</span> <span class='ocrx_word' id='word_1_45' title='bbox 480 651 549 687; x_wconf 88' lang='lat' dir='ltr'>est,</span> <span class='ocrx_word' id='word_1_46' title='bbox 581 651 619 679; x_wconf 87' lang='lat' dir='ltr'>et</span> <span class='ocrx_word' id='word_1_47' title='bbox 647 646 809 680; x_wconf 90' lang='lat' dir='ltr'>Liberum</span> <span class='ocrx_word' id='word_1_48' title='bbox 841 647 876 679; x_wconf 91' lang='lat' dir='ltr'>in</span> 
     </span>
     <span class='ocr_line' id='line_1_11' title="bbox 165 695 877 736; baseline -0.001 -7"><span class='ocrx_word' id='word_1_49' title='bbox 165 695 302 729; x_wconf 77' lang='lat' dir='ltr'>Thebas</span> <span class='ocrx_word' id='word_1_50' title='bbox 311 695 484 736; x_wconf 80' lang='lat' dir='ltr'>vindicem</span> <span class='ocrx_word' id='word_1_51' title='bbox 496 706 652 730; x_wconf 82' lang='lat' dir='ltr'>severum</span> <span class='ocrx_word' id='word_1_52' title='bbox 665 707 752 729; x_wconf 86' lang='lat' dir='ltr'>esse.</span> <span class='ocrx_word' id='word_1_53' title='bbox 776 697 877 729; x_wconf 90' lang='lat' dir='ltr'>Com-</span> 
     </span>
     <span class='ocr_line' id='line_1_12' title="bbox 166 746 877 790; baseline 0 -11"><span class='ocrx_word' id='word_1_54' title='bbox 166 747 306 789; x_wconf 72' lang='lat' dir='ltr'>paruit</span> <span class='ocrx_word' id='word_1_55' title='bbox 318 746 410 781; x_wconf 83' lang='lat' dir='ltr'>enim</span> <span class='ocrx_word' id='word_1_56' title='bbox 425 747 543 790; x_wconf 84' lang='lat' dir='ltr'>OEdipi</span> <span class='ocrx_word' id='word_1_57' title='bbox 559 748 777 790; x_wconf 83' lang='lat' dir='ltr'>Pentheique</span> <span class='ocrx_word' id='word_1_58' title='bbox 793 746 877 780; x_wconf 81' lang='lat' dir='ltr'>faci·</span> 
     </span>
     <span class='ocr_line' id='line_1_13' title="bbox 165 798 877 841; baseline -0.003 -9"><span class='ocrx_word' id='word_1_59' title='bbox 165 806 264 839; x_wconf 72' lang='lat' dir='ltr'>nors,</span> <span class='ocrx_word' id='word_1_60' title='bbox 282 798 344 841; x_wconf 86' lang='lat' dir='ltr'>qui</span> <span class='ocrx_word' id='word_1_61' title='bbox 370 807 436 831; x_wconf 84' lang='lat' dir='ltr'>nec</span> <span class='ocrx_word' id='word_1_62' title='bbox 462 798 684 841; x_wconf 82' lang='lat' dir='ltr'>parricidium</span> <span class='ocrx_word' id='word_1_63' title='bbox 701 798 797 837; x_wconf 81' lang='lat' dir='ltr'>fecit,</span> <span class='ocrx_word' id='word_1_64' title='bbox 812 808 877 831; x_wconf 89' lang='lat' dir='ltr'>nec</span> 
     </span>
     <span class='ocr_line' id='line_1_14' title="bbox 164 849 877 889; baseline -0.001 -7"><span class='ocrx_word' id='word_1_65' title='bbox 164 857 244 889; x_wconf 81' lang='lat' dir='ltr'>cum</span> <span class='ocrx_word' id='word_1_66' title='bbox 274 853 386 883; x_wconf 78' lang='lat' dir='ltr'>matre</span> <span class='ocrx_word' id='word_1_67' title='bbox 415 849 617 882; x_wconf 83' lang='lat' dir='ltr'>concubuit.</span> <span class='ocrx_word' id='word_1_68' title='bbox 670 850 757 882; x_wconf 91' lang='lat' dir='ltr'>Cum</span> <span class='ocrx_word' id='word_1_69' title='bbox 785 850 877 882; x_wconf 85' lang='lat' dir='ltr'>Pen-</span> 
     </span>
     <span class='ocr_line' id='line_1_15' title="bbox 167 898 877 940; baseline -0.001 -7"><span class='ocrx_word' id='word_1_70' title='bbox 167 899 268 933; x_wconf 80' lang='lat' dir='ltr'>tbens</span> <span class='ocrx_word' id='word_1_71' title='bbox 285 899 351 932; x_wconf 71' lang='lat' dir='ltr'>ists</span> <span class='ocrx_word' id='word_1_72' title='bbox 364 909 434 932; x_wconf 89' lang='lat' dir='ltr'>non</span> <span class='ocrx_word' id='word_1_73' title='bbox 460 898 601 940; x_wconf 80' lang='lat' dir='ltr'>fecerit,</span> <span class='ocrx_word' id='word_1_74' title='bbox 622 903 739 932; x_wconf 84' lang='lat' dir='ltr'>tamen</span> <span class='ocrx_word' id='word_1_75' title='bbox 761 900 877 933; x_wconf 80' lang='lat' dir='ltr'>lacero</span> 
     </span>
     <span class='ocr_line' id='line_1_16' title="bbox 167 948 877 992; baseline 0 -9"><span class='ocrx_word' id='word_1_76' title='bbox 167 948 292 983; x_wconf 82' lang='lat' dir='ltr'>funere</span> <span class='ocrx_word' id='word_1_77' title='bbox 302 953 363 983; x_wconf 78' lang='lat' dir='ltr'>tun</span> <span class='ocrx_word' id='word_1_78' title='bbox 377 950 486 983; x_wconf 75' lang='lat' dir='ltr'>lustra</span> <span class='ocrx_word' id='word_1_79' title='bbox 501 951 698 992; x_wconf 85' lang='lat' dir='ltr'>complevit.</span> <span class='ocrx_word' id='word_1_80' title='bbox 731 951 824 992; x_wconf 83' lang='lat' dir='ltr'>Ergo</span> <span class='ocrx_word' id='word_1_81' title='bbox 839 955 877 984; x_wconf 91' lang='lat' dir='ltr'>tu</span> 
     </span>
     <span class='ocr_line' id='line_1_17' title="bbox 169 1000 878 1044; baseline 0.001 -11"><span class='ocrx_word' id='word_1_82' title='bbox 169 1001 230 1044; x_wconf 89' lang='lat' dir='ltr'>qni</span> <span class='ocrx_word' id='word_1_83' title='bbox 246 1005 317 1033; x_wconf 79' lang='lat' dir='ltr'>tam</span> <span class='ocrx_word' id='word_1_84' title='bbox 332 1000 521 1042; x_wconf 67' lang='lat' dir='ltr'>sevissime</span> <span class='ocrx_word' id='word_1_85' title='bbox 538 1010 655 1042; x_wconf 78' lang='lat' dir='ltr'>parvae</span> <span class='ocrx_word' id='word_1_86' title='bbox 671 1001 784 1042; x_wconf 88' lang='lat' dir='ltr'>cnlpae</span> <span class='ocrx_word' id='word_1_87' title='bbox 802 1011 878 1034; x_wconf 86' lang='lat' dir='ltr'>reos</span> 
     </span>
     <span class='ocr_line' id='line_1_18' title="bbox 169 1050 877 1092; baseline 0 -8"><span class='ocrx_word' id='word_1_88' title='bbox 169 1051 292 1092; x_wconf 79' lang='lat' dir='ltr'>punire</span> <span class='ocrx_word' id='word_1_89' title='bbox 321 1050 544 1090; x_wconf 70' lang='lat' dir='ltr'>consuevisti,</span> <span class='ocrx_word' id='word_1_90' title='bbox 571 1060 638 1083; x_wconf 88' lang='lat' dir='ltr'>non</span> <span class='ocrx_word' id='word_1_91' title='bbox 668 1050 776 1083; x_wconf 88' lang='lat' dir='ltr'>debes</span> <span class='ocrx_word' id='word_1_92' title='bbox 807 1056 877 1084; x_wconf 90' lang='lat' dir='ltr'>tam</span> 
     </span>
     <span class='ocr_line' id='line_1_19' title="bbox 166 1099 880 1144; baseline -0.001 -9"><span class='ocrx_word' id='word_1_93' title='bbox 166 1099 334 1135; x_wconf 82' lang='lat' dir='ltr'>flebiliter</span> <span class='ocrx_word' id='word_1_94' title='bbox 363 1110 428 1143; x_wconf 89' lang='lat' dir='ltr'>pro</span> <span class='ocrx_word' id='word_1_95' title='bbox 454 1100 710 1134; x_wconf 74' lang='lat' dir='ltr'>nefandissimis</span> <span class='ocrx_word' id='word_1_96' title='bbox 749 1102 880 1144; x_wconf 85' lang='lat' dir='ltr'>suppli-</span> 
     </span>
     <span class='ocr_line' id='line_1_20' title="bbox 169 1147 709 1185; baseline -0.006 0"><span class='ocrx_word' id='word_1_97' title='bbox 169 1161 260 1185; x_wconf 79' lang='lat' dir='ltr'>care.</span> <span class='ocrx_word' id='word_1_98' title='bbox 282 1152 384 1185; x_wconf 71' lang='lat' dir='ltr'>Idm.</span> <span class='ocrx_word' id='word_1_99' title='bbox 703 1147 709 1151; x_wconf 59' lang='grc'><strong><em>“</em></strong></span> 
     </span>
    </p>

    <p class='ocr_par' dir='ltr' id='par_1_5' title="bbox 170 1203 882 1444">
     <span class='ocr_line' id='line_1_21' title="bbox 212 1203 880 1245; baseline -0.004 -8"><span class='ocrx_word' id='word_1_100' title='bbox 212 1205 279 1237; x_wconf 75' lang='grc'>212</span> <span class='ocrx_word' id='word_1_101' title='bbox 302 1203 435 1236; x_wconf 70' lang='lat' dir='ltr'>Fratres</span> <span class='ocrx_word' id='word_1_102' title='bbox 456 1203 656 1245; x_wconf 75' lang='lat' dir='ltr'>progenuisse</span> <span class='ocrx_word' id='word_1_103' title='bbox 680 1203 766 1245; x_wconf 78' lang='lat' dir='ltr'>reus]</span> <span class='ocrx_word' id='word_1_104' title='bbox 789 1203 880 1244; x_wconf 77' lang='lat' dir='ltr'>Quia</span> 
     </span>
     <span class='ocr_line' id='line_1_22' title="bbox 171 1253 881 1296; baseline -0.006 -7"><span class='ocrx_word' id='word_1_105' title='bbox 171 1253 321 1296; x_wconf 82' lang='lat' dir='ltr'>OEdipus</span> <span class='ocrx_word' id='word_1_106' title='bbox 346 1254 490 1288; x_wconf 84' lang='lat' dir='ltr'>maritns</span> <span class='ocrx_word' id='word_1_107' title='bbox 519 1259 556 1286; x_wconf 88' lang='lat' dir='ltr'>et</span> <span class='ocrx_word' id='word_1_108' title='bbox 577 1254 669 1287; x_wconf 84' lang='lat' dir='ltr'>filius</span> <span class='ocrx_word' id='word_1_109' title='bbox 692 1254 822 1295; x_wconf 80' lang='lat' dir='ltr'>matris,</span> <span class='ocrx_word' id='word_1_110' title='bbox 844 1259 881 1286; x_wconf 87' lang='lat' dir='ltr'>et</span> 
     </span>
     <span class='ocr_line' id='line_1_23' title="bbox 170 1305 882 1348; baseline -0.003 -10"><span class='ocrx_word' id='word_1_111' title='bbox 170 1306 282 1348; x_wconf 65' lang='lat' dir='ltr'>patris</span> <span class='ocrx_word' id='word_1_112' title='bbox 295 1305 357 1339; x_wconf 81' lang='lat' dir='ltr'>tilii</span> <span class='ocrx_word' id='word_1_113' title='bbox 373 1305 500 1339; x_wconf 81' lang='lat' dir='ltr'>fratres</span> <span class='ocrx_word' id='word_1_114' title='bbox 524 1310 624 1338; x_wconf 82' lang='lat' dir='ltr'>sunt:</span> <span class='ocrx_word' id='word_1_115' title='bbox 650 1306 760 1337; x_wconf 88' lang='lat' dir='ltr'>nullus</span> <span class='ocrx_word' id='word_1_116' title='bbox 776 1305 882 1346; x_wconf 82' lang='lat' dir='ltr'>igitur</span> 
     </span>
     <span class='ocr_line' id='line_1_24' title="bbox 170 1353 880 1400; baseline -0.003 -10"><span class='ocrx_word' id='word_1_117' title='bbox 170 1357 219 1390; x_wconf 87' lang='lat' dir='ltr'>ibi</span> <span class='ocrx_word' id='word_1_118' title='bbox 235 1357 378 1400; x_wconf 80' lang='lat' dir='ltr'>pietatis</span> <span class='ocrx_word' id='word_1_119' title='bbox 393 1356 479 1389; x_wconf 89' lang='lat' dir='ltr'>ordo</span> <span class='ocrx_word' id='word_1_120' title='bbox 488 1359 644 1388; x_wconf 85' lang='lat' dir='ltr'>servatus</span> <span class='ocrx_word' id='word_1_121' title='bbox 661 1360 728 1394; x_wconf 87' lang='lat' dir='ltr'>est,</span> <span class='ocrx_word' id='word_1_122' title='bbox 738 1354 798 1387; x_wconf 89' lang='lat' dir='ltr'>ubi</span> <span class='ocrx_word' id='word_1_123' title='bbox 813 1353 880 1388; x_wconf 84' lang='lat' dir='ltr'>fuit</span> 
     </span>
     <span class='ocr_line' id='line_1_25' title="bbox 172 1405 771 1444; baseline -0.007 -3"><span class='ocrx_word' id='word_1_124' title='bbox 172 1407 317 1444; x_wconf 77' lang='lat' dir='ltr'>Jocasts</span> <span class='ocrx_word' id='word_1_125' title='bbox 326 1411 364 1440; x_wconf 89' lang='lat' dir='ltr'>et</span> <span class='ocrx_word' id='word_1_126' title='bbox 379 1416 467 1440; x_wconf 83' lang='lat' dir='ltr'>uxor</span> <span class='ocrx_word' id='word_1_127' title='bbox 478 1411 516 1440; x_wconf 91' lang='lat' dir='ltr'>et</span> <span class='ocrx_word' id='word_1_128' title='bbox 530 1411 654 1439; x_wconf 87' lang='lat' dir='ltr'>mater.</span> <span class='ocrx_word' id='word_1_129' title='bbox 669 1405 771 1438; x_wconf 82' lang='lat' dir='ltr'>Idem.</span> 
     </span>
    </p>

    <p class='ocr_par' dir='ltr' id='par_1_6' title="bbox 171 1455 884 1802">
     <span class='ocr_line' id='line_1_26' title="bbox 213 1455 881 1499; baseline -0.007 -7"><span class='ocrx_word' id='word_1_130' title='bbox 213 1462 280 1493; x_wconf 76' lang='lat'>219</span> <span class='ocrx_word' id='word_1_131' title='bbox 302 1458 377 1491; x_wconf 78' lang='lat' dir='ltr'>Non</span> <span class='ocrx_word' id='word_1_132' title='bbox 397 1459 455 1491; x_wconf 72' lang='lat' dir='ltr'>hoe</span> <span class='ocrx_word' id='word_1_133' title='bbox 481 1457 584 1499; x_wconf 73' lang='lat' dir='ltr'>statu]</span> <span class='ocrx_word' id='word_1_134' title='bbox 609 1455 706 1489; x_wconf 92' lang='lat' dir='ltr'>Ordo</span> <span class='ocrx_word' id='word_1_135' title='bbox 730 1465 798 1487; x_wconf 91' lang='lat' dir='ltr'>non</span> <span class='ocrx_word' id='word_1_136' title='bbox 815 1455 881 1488; x_wconf 90' lang='lat' dir='ltr'>hoc</span> 
     </span>
     <span class='ocr_line' id='line_1_27' title="bbox 173 1508 882 1551; baseline -0.007 -8"><span class='ocrx_word' id='word_1_137' title='bbox 173 1514 332 1551; x_wconf 82' lang='lat' dir='ltr'>tempore</span> <span class='ocrx_word' id='word_1_138' title='bbox 348 1508 456 1541; x_wconf 84' lang='lat' dir='ltr'>statui</span> <span class='ocrx_word' id='word_1_139' title='bbox 469 1509 604 1541; x_wconf 81' lang='lat' dir='ltr'>Thebas</span> <span class='ocrx_word' id='word_1_140' title='bbox 626 1510 788 1539; x_wconf 87' lang='lat' dir='ltr'>evertere</span> <span class='ocrx_word' id='word_1_141' title='bbox 805 1517 814 1539; x_wconf 82' lang='lat' dir='ltr'><strong><em>z</em></strong></span> <span class='ocrx_word' id='word_1_142' title='bbox 845 1510 882 1538; x_wconf 90' lang='lat' dir='ltr'>et</span> 
     </span>
     <span class='ocr_line' id='line_1_28' title="bbox 171 1557 880 1601; baseline -0.007 -8"><span class='ocrx_word' id='word_1_143' title='bbox 171 1560 237 1593; x_wconf 88' lang='lat' dir='ltr'>hoc</span> <span class='ocrx_word' id='word_1_144' title='bbox 263 1558 414 1592; x_wconf 84' lang='lat' dir='ltr'>dicendo</span> <span class='ocrx_word' id='word_1_145' title='bbox 443 1568 523 1601; x_wconf 87' lang='lat' dir='ltr'>spes</span> <span class='ocrx_word' id='word_1_146' title='bbox 550 1558 665 1600; x_wconf 87' lang='lat' dir='ltr'>aliqua</span> <span class='ocrx_word' id='word_1_147' title='bbox 694 1557 880 1599; x_wconf 83' lang='lat' dir='ltr'>postulatae</span> 
     </span>
     <span class='ocr_line' id='line_1_29' title="bbox 175 1608 882 1651; baseline -0.004 -9"><span class='ocrx_word' id='word_1_148' title='bbox 175 1609 285 1650; x_wconf 60' lang='lat' dir='ltr'>venia}</span> <span class='ocrx_word' id='word_1_149' title='bbox 312 1609 538 1651; x_wconf 71' lang='lat' dir='ltr'>promittitur.</span> <span class='ocrx_word' id='word_1_150' title='bbox 582 1608 682 1641; x_wconf 84' lang='lat' dir='ltr'>Dicit</span> <span class='ocrx_word' id='word_1_151' title='bbox 702 1608 793 1640; x_wconf 88' lang='lat' dir='ltr'>enim</span> <span class='ocrx_word' id='word_1_152' title='bbox 820 1608 882 1641; x_wconf 85' lang='lat' dir='ltr'>Ju-</span> 
     </span>
     <span class='ocr_line' id='line_1_30' title="bbox 174 1658 883 1702; baseline -0.004 -10"><span class='ocrx_word' id='word_1_153' title='bbox 174 1660 268 1702; x_wconf 86' lang='lat' dir='ltr'>piter</span> <span class='ocrx_word' id='word_1_154' title='bbox 281 1669 331 1698; x_wconf 85' lang='lat' dir='ltr'>se,</span> <span class='ocrx_word' id='word_1_155' title='bbox 346 1663 386 1692; x_wconf 87' lang='lat' dir='ltr'>nt</span> <span class='ocrx_word' id='word_1_156' title='bbox 396 1663 525 1692; x_wconf 63' lang='lat' dir='ltr'>catera</span> <span class='ocrx_word' id='word_1_157' title='bbox 537 1659 690 1700; x_wconf 83' lang='lat' dir='ltr'>numina,</span> <span class='ocrx_word' id='word_1_158' title='bbox 706 1658 883 1690; x_wconf 91' lang='lat' dir='ltr'>imminen-</span> 
     </span>
     <span class='ocr_line' id='line_1_31' title="bbox 175 1707 884 1752; baseline -0.003 -10"><span class='ocrx_word' id='word_1_159' title='bbox 175 1711 228 1743; x_wconf 77' lang='lat' dir='ltr'>tia</span> <span class='ocrx_word' id='word_1_160' title='bbox 235 1709 328 1742; x_wconf 78' lang='lat' dir='ltr'>mala</span> <span class='ocrx_word' id='word_1_161' title='bbox 344 1718 447 1752; x_wconf 75' lang='lat' dir='ltr'>posse</span> <span class='ocrx_word' id='word_1_162' title='bbox 460 1707 618 1750; x_wconf 80' lang='lat' dir='ltr'>differre,</span> <span class='ocrx_word' id='word_1_163' title='bbox 628 1709 663 1741; x_wconf 90' lang='lat' dir='ltr'>in</span> <span class='ocrx_word' id='word_1_164' title='bbox 674 1713 784 1742; x_wconf 83' lang='lat' dir='ltr'>totum</span> <span class='ocrx_word' id='word_1_165' title='bbox 799 1718 884 1741; x_wconf 87' lang='lat' dir='ltr'>vero</span> 
     </span>
     <span class='ocr_line' id='line_1_32' title="bbox 173 1759 646 1802; baseline -0.002 -9"><span class='ocrx_word' id='word_1_166' title='bbox 173 1764 308 1795; x_wconf 81' lang='lat' dir='ltr'>mutare</span> <span class='ocrx_word' id='word_1_167' title='bbox 323 1768 392 1792; x_wconf 91' lang='lat' dir='ltr'>non</span> <span class='ocrx_word' id='word_1_168' title='bbox 408 1768 522 1802; x_wconf 87' lang='lat' dir='ltr'>posse.</span> <span class='ocrx_word' id='word_1_169' title='bbox 544 1759 646 1792; x_wconf 82' lang='lat' dir='ltr'>Idem.</span> 
     </span>
    </p>

    <p class='ocr_par' dir='ltr' id='par_1_7' title="bbox 174 1808 889 2350">
     <span class='ocr_line' id='line_1_33' title="bbox 217 1808 885 1852; baseline -0.003 -9"><span class='ocrx_word' id='word_1_170' title='bbox 217 1813 282 1844; x_wconf 81' lang='grc'>221</span> <span class='ocrx_word' id='word_1_171' title='bbox 311 1810 500 1852; x_wconf 72' lang='lat' dir='ltr'>Ultoresque</span> <span class='ocrx_word' id='word_1_172' title='bbox 521 1809 595 1851; x_wconf 78' lang='lat' dir='ltr'>ulii]</span> <span class='ocrx_word' id='word_1_173' title='bbox 631 1810 804 1842; x_wconf 84' lang='lat' dir='ltr'>Theseum</span> <span class='ocrx_word' id='word_1_174' title='bbox 835 1808 885 1842; x_wconf 90' lang='lat' dir='ltr'>di-</span> 
     </span>
     <span class='ocr_line' id='line_1_34' title="bbox 174 1860 885 1904; baseline -0.001 -11"><span class='ocrx_word' id='word_1_175' title='bbox 174 1860 235 1902; x_wconf 89' lang='lat' dir='ltr'>cit,</span> <span class='ocrx_word' id='word_1_176' title='bbox 249 1861 308 1904; x_wconf 82' lang='lat' dir='ltr'>qui</span> <span class='ocrx_word' id='word_1_177' title='bbox 335 1861 490 1903; x_wconf 84' lang='lat' dir='ltr'>secundo</span> <span class='ocrx_word' id='word_1_178' title='bbox 517 1861 608 1893; x_wconf 87' lang='lat' dir='ltr'>bello</span> <span class='ocrx_word' id='word_1_179' title='bbox 630 1860 766 1901; x_wconf 83' lang='lat' dir='ltr'>Thebas</span> <span class='ocrx_word' id='word_1_180' title='bbox 787 1870 885 1892; x_wconf 88' lang='lat' dir='ltr'>ever-</span> 
     </span>
     <span class='ocr_line' id='line_1_35' title="bbox 176 1910 887 1955; baseline -0.003 -11"><span class='ocrx_word' id='word_1_181' title='bbox 176 1911 233 1946; x_wconf 82' lang='lat' dir='ltr'>tit.</span> <span class='ocrx_word' id='word_1_182' title='bbox 255 1911 354 1944; x_wconf 72' lang='lat' dir='ltr'>Idm</span> <span class='ocrx_word' id='word_1_183' title='bbox 399 1912 488 1944; x_wconf 68' lang='lat' dir='ltr'>Tum</span> <span class='ocrx_word' id='word_1_184' title='bbox 502 1911 592 1952; x_wconf 79' lang='lat' dir='ltr'>regio</span> <span class='ocrx_word' id='word_1_185' title='bbox 616 1912 703 1944; x_wconf 78' lang='lat' dir='ltr'>Juno</span> <span class='ocrx_word' id='word_1_186' title='bbox 726 1910 887 1955; x_wconf 74' lang='lat' dir='ltr'>queretur]</span> 
     </span>
     <span class='ocr_line' id='line_1_36' title="bbox 177 1961 887 2004; baseline -0.003 -8"><span class='ocrx_word' id='word_1_187' title='bbox 177 1961 378 1996; x_wconf 75' lang='lat' dir='ltr'>Reformavi</span> <span class='ocrx_word' id='word_1_188' title='bbox 408 1962 442 1995; x_wconf 91' lang='lat' dir='ltr'>in</span> <span class='ocrx_word' id='word_1_189' title='bbox 473 1972 672 2004; x_wconf 85' lang='lat' dir='ltr'>germanum</span> <span class='ocrx_word' id='word_1_190' title='bbox 703 1962 887 1995; x_wconf 59' lang='lat' dir='ltr'>sententiaa</span> 
     </span>
     <span class='ocr_line' id='line_1_37' title="bbox 175 2012 887 2047; baseline -0.001 -2"><span class='ocrx_word' id='word_1_191' title='bbox 175 2013 332 2047; x_wconf 81' lang='lat' dir='ltr'>habitum</span> <span class='ocrx_word' id='word_1_192' title='bbox 373 2024 418 2047; x_wconf 82' lang='lat' dir='ltr'>ex</span> <span class='ocrx_word' id='word_1_193' title='bbox 454 2014 632 2047; x_wconf 87' lang='lat' dir='ltr'>veteribus</span> <span class='ocrx_word' id='word_1_194' title='bbox 669 2018 705 2046; x_wconf 90' lang='lat' dir='ltr'>et</span> <span class='ocrx_word' id='word_1_195' title='bbox 734 2012 887 2047; x_wconf 80' lang='lat' dir='ltr'>editione</span> 
     </span>
     <span class='ocr_line' id='line_1_38' title="bbox 178 2063 887 2108; baseline -0.003 -12"><span class='ocrx_word' id='word_1_196' title='bbox 178 2064 348 2107; x_wconf 74' lang='lat' dir='ltr'>principe,</span> <span class='ocrx_word' id='word_1_197' title='bbox 369 2065 406 2097; x_wconf 89' lang='lat' dir='ltr'>in</span> <span class='ocrx_word' id='word_1_198' title='bbox 430 2065 551 2108; x_wconf 85' lang='lat' dir='ltr'>queis:</span> <span class='ocrx_word' id='word_1_199' title='bbox 575 2074 673 2106; x_wconf 51' lang='lat' dir='ltr'>gnunc</span> <span class='ocrx_word' id='word_1_200' title='bbox 696 2063 798 2104; x_wconf 78' lang='lat' dir='ltr'>regia,</span> <span class='ocrx_word' id='word_1_201' title='bbox 828 2073 887 2105; x_wconf 87' lang='lat' dir='ltr'>op-</span> 
     </span>
     <span class='ocr_line' id='line_1_39' title="bbox 179 2114 888 2153; baseline -0.003 -6"><span class='ocrx_word' id='word_1_202' title='bbox 179 2115 264 2148; x_wconf 88' lang='lat' dir='ltr'>timo</span> <span class='ocrx_word' id='word_1_203' title='bbox 303 2125 417 2148; x_wconf 84' lang='lat' dir='ltr'>sensu.</span> <span class='ocrx_word' id='word_1_204' title='bbox 459 2116 553 2149; x_wconf 85' lang='lat' dir='ltr'>Juno</span> <span class='ocrx_word' id='word_1_205' title='bbox 594 2115 685 2148; x_wconf 89' lang='lat' dir='ltr'>enim</span> <span class='ocrx_word' id='word_1_206' title='bbox 722 2114 888 2153; x_wconf 84' lang='lat' dir='ltr'>Adrasto,</span> 
     </span>
     <span class='ocr_line' id='line_1_40' title="bbox 179 2164 889 2208; baseline -0.001 -11"><span class='ocrx_word' id='word_1_207' title='bbox 179 2165 324 2208; x_wconf 84' lang='lat' dir='ltr'>ejusque</span> <span class='ocrx_word' id='word_1_208' title='bbox 339 2165 507 2198; x_wconf 82' lang='lat' dir='ltr'>exercitui</span> <span class='ocrx_word' id='word_1_209' title='bbox 521 2164 656 2205; x_wconf 81' lang='lat' dir='ltr'>favens,</span> <span class='ocrx_word' id='word_1_210' title='bbox 670 2165 794 2199; x_wconf 87' lang='lat' dir='ltr'>merito</span> <span class='ocrx_word' id='word_1_211' title='bbox 810 2174 889 2198; x_wconf 90' lang='lat' dir='ltr'>con·</span> 
     </span>
     <span class='ocr_line' id='line_1_41' title="bbox 179 2215 889 2259; baseline 0 -11"><span class='ocrx_word' id='word_1_212' title='bbox 179 2216 278 2258; x_wconf 77' lang='lat' dir='ltr'>queri</span> <span class='ocrx_word' id='word_1_213' title='bbox 304 2215 470 2258; x_wconf 86' lang='lat' dir='ltr'>debebat,</span> <span class='ocrx_word' id='word_1_214' title='bbox 507 2216 782 2259; x_wconf 84' lang='lat' dir='ltr'>quandoquidem</span> <span class='ocrx_word' id='word_1_215' title='bbox 821 2216 889 2248; x_wconf 89' lang='lat' dir='ltr'>vic·</span> 
     </span>
     <span class='ocr_line' id='line_1_42' title="bbox 179 2266 889 2309; baseline 0 -10"><span class='ocrx_word' id='word_1_216' title='bbox 179 2266 272 2299; x_wconf 77' lang='lat' dir='ltr'>toris</span> <span class='ocrx_word' id='word_1_217' title='bbox 299 2276 406 2309; x_wconf 84' lang='lat' dir='ltr'>penes</span> <span class='ocrx_word' id='word_1_218' title='bbox 443 2267 626 2300; x_wconf 81' lang='lat' dir='ltr'>Thebanos</span> <span class='ocrx_word' id='word_1_219' title='bbox 656 2272 733 2299; x_wconf 85' lang='lat' dir='ltr'>erat</span> <span class='ocrx_word' id='word_1_220' title='bbox 760 2266 889 2299; x_wconf 84' lang='lat' dir='ltr'>futura.</span> 
     </span>
     <span class='ocr_line' id='line_1_43' title="bbox 181 2316 339 2350; baseline 0.006 -1"><span class='ocrx_word' id='word_1_221' title='bbox 181 2316 339 2350; x_wconf 67' lang='lat' dir='ltr'>Rerum.</span> 
     </span>
    </p>

    <p class='ocr_par' dir='ltr' id='par_1_8' title="bbox 181 2367 893 2816">
     <span class='ocr_line' id='line_1_44' title="bbox 223 2367 891 2410; baseline 0 -10"><span class='ocrx_word' id='word_1_222' title='bbox 223 2370 290 2402; x_wconf 82' lang='grc'>222</span> <span class='ocrx_word' id='word_1_223' title='bbox 311 2367 514 2410; x_wconf 66' lang='lat' dir='ltr'>mentemque</span> <span class='ocrx_word' id='word_1_224' title='bbox 537 2368 735 2410; x_wconf 78' lang='lat' dir='ltr'>animumque</span> <span class='ocrx_word' id='word_1_225' title='bbox 759 2367 891 2409; x_wconf 77' lang='lat' dir='ltr'>recepit]</span> 
     </span>
     <span class='ocr_line' id='line_1_45' title="bbox 181 2419 890 2462; baseline -0.001 -10"><span class='ocrx_word' id='word_1_226' title='bbox 181 2419 280 2452; x_wconf 85' lang='lat' dir='ltr'>Ferri</span> <span class='ocrx_word' id='word_1_227' title='bbox 316 2423 460 2461; x_wconf 85' lang='lat' dir='ltr'>potest:</span> <span class='ocrx_word' id='word_1_228' title='bbox 498 2420 561 2452; x_wconf 85' lang='lat' dir='ltr'>sed</span> <span class='ocrx_word' id='word_1_229' title='bbox 589 2430 631 2452; x_wconf 83' lang='lat' dir='ltr'>an</span> <span class='ocrx_word' id='word_1_230' title='bbox 660 2419 890 2462; x_wconf 82' lang='lat' dir='ltr'>germanum?</span> 
     </span>
     <span class='ocr_line' id='line_1_46' title="bbox 181 2469 891 2512; baseline 0.001 -11"><span class='ocrx_word' id='word_1_231' title='bbox 181 2473 309 2512; x_wconf 72' lang='lat' dir='ltr'>negant</span> <span class='ocrx_word' id='word_1_232' title='bbox 332 2469 456 2512; x_wconf 84' lang='lat' dir='ltr'>scripti</span> <span class='ocrx_word' id='word_1_233' title='bbox 487 2471 546 2512; x_wconf 89' lang='lat' dir='ltr'>qui</span> <span class='ocrx_word' id='word_1_234' title='bbox 570 2469 780 2512; x_wconf 75' lang='lat' dir='ltr'>praeferunt:</span> <span class='ocrx_word' id='word_1_235' title='bbox 805 2480 891 2503; x_wconf 83' lang='lat' dir='ltr'>men-</span> 
     </span>
     <span class='ocr_line' id='line_1_47' title="bbox 181 2520 891 2563; baseline -0.001 -11"><span class='ocrx_word' id='word_1_236' title='bbox 181 2523 302 2563; x_wconf 73' lang='lat' dir='ltr'>temque</span> <span class='ocrx_word' id='word_1_237' title='bbox 333 2520 533 2562; x_wconf 67' lang='lat' dir='ltr'>habitumque</span> <span class='ocrx_word' id='word_1_238' title='bbox 572 2522 702 2563; x_wconf 78' lang='lat' dir='ltr'>recepit.</span> <span class='ocrx_word' id='word_1_239' title='bbox 745 2521 891 2562; x_wconf 84' lang='lat' dir='ltr'>Scriptis</span> 
     </span>
     <span class='ocr_line' id='line_1_48' title="bbox 183 2571 891 2613; baseline -0.001 -10"><span class='ocrx_word' id='word_1_240' title='bbox 183 2580 265 2609; x_wconf 77' lang='lat' dir='ltr'>vero</span> <span class='ocrx_word' id='word_1_241' title='bbox 292 2571 386 2604; x_wconf 88' lang='lat' dir='ltr'>libris</span> <span class='ocrx_word' id='word_1_242' title='bbox 412 2571 597 2606; x_wconf 78' lang='lat' dir='ltr'>subscribit</span> <span class='ocrx_word' id='word_1_243' title='bbox 618 2571 694 2613; x_wconf 86' lang='lat' dir='ltr'>ipse</span> <span class='ocrx_word' id='word_1_244' title='bbox 725 2571 891 2603; x_wconf 77' lang='lat' dir='ltr'>orationis</span> 
     </span>
     <span class='ocr_line' id='line_1_49' title="bbox 184 2620 890 2663; baseline -0.003 -9"><span class='ocrx_word' id='word_1_245' title='bbox 184 2629 320 2655; x_wconf 87' lang='lat' dir='ltr'>nexus:</span> <span class='ocrx_word' id='word_1_246' title='bbox 359 2621 468 2662; x_wconf 84' lang='lat' dir='ltr'>probe</span> <span class='ocrx_word' id='word_1_247' title='bbox 493 2621 611 2663; x_wconf 86' lang='lat' dir='ltr'>itaque</span> <span class='ocrx_word' id='word_1_248' title='bbox 642 2630 734 2653; x_wconf 90' lang='lat' dir='ltr'>nunc</span> <span class='ocrx_word' id='word_1_249' title='bbox 762 2620 890 2652; x_wconf 85' lang='lat' dir='ltr'>dictum</span> 
     </span>
     <span class='ocr_line' id='line_1_50' title="bbox 183 2671 893 2714; baseline -0.001 -10"><span class='ocrx_word' id='word_1_250' title='bbox 183 2671 329 2705; x_wconf 68' lang='lat' dir='ltr'>habitum</span> <span class='ocrx_word' id='word_1_251' title='bbox 364 2672 477 2714; x_wconf 86' lang='lat' dir='ltr'>ipsum</span> <span class='ocrx_word' id='word_1_252' title='bbox 513 2672 688 2714; x_wconf 84' lang='lat' dir='ltr'>recepisse</span> <span class='ocrx_word' id='word_1_253' title='bbox 706 2682 715 2704; x_wconf 89' lang='lat'>:</span> <span class='ocrx_word' id='word_1_254' title='bbox 752 2671 893 2703; x_wconf 71' lang='lat' dir='ltr'>habitum</span> 
     </span>
     <span class='ocr_line' id='line_1_51' title="bbox 186 2714 892 2764; baseline 0 -10"><span class='ocrx_word' id='word_1_255' title='bbox 186 2721 355 2764; x_wconf 86' lang='lat' dir='ltr'>siquidem</span> <span class='ocrx_word' id='word_1_256' title='bbox 370 2714 434 2764; x_wconf 68' lang='lat' dir='ltr'>p&#39;ro</span> <span class='ocrx_word' id='word_1_257' title='bbox 453 2726 463 2741; x_wconf 87' lang='lat'><em>‘</em></span> <span class='ocrx_word' id='word_1_258' title='bbox 474 2723 570 2755; x_wconf 81' lang='lat' dir='ltr'>cultu</span> <span class='ocrx_word' id='word_1_259' title='bbox 584 2721 593 2736; x_wconf 90' lang='lat'>&#39;</span> <span class='ocrx_word' id='word_1_260' title='bbox 619 2721 787 2763; x_wconf 84' lang='lat' dir='ltr'>Papinius</span> <span class='ocrx_word' id='word_1_261' title='bbox 803 2722 892 2755; x_wconf 82' lang='lat' dir='ltr'>solet</span> 
     </span>
     <span class='ocr_line' id='line_1_52' title="bbox 186 2772 892 2816; baseline -0.003 -10"><span class='ocrx_word' id='word_1_262' title='bbox 186 2781 365 2816; x_wconf 74' lang='lat' dir='ltr'>usurpare,</span> <span class='ocrx_word' id='word_1_263' title='bbox 379 2772 439 2806; x_wconf 85' lang='lat' dir='ltr'>lib.</span> <span class='ocrx_word' id='word_1_264' title='bbox 456 2781 510 2806; x_wconf 85' lang='lat' dir='ltr'>xr.</span> <span class='ocrx_word' id='word_1_265' title='bbox 555 2773 567 2792; x_wconf 84' lang='lat'><strong>⁴</strong></span> <span class='ocrx_word' id='word_1_266' title='bbox 584 2772 663 2806; x_wconf 86' lang='lat' dir='ltr'>Non</span> <span class='ocrx_word' id='word_1_267' title='bbox 681 2772 801 2805; x_wconf 82' lang='lat' dir='ltr'>habitu</span> <span class='ocrx_word' id='word_1_268' title='bbox 826 2782 892 2815; x_wconf 88' lang='lat' dir='ltr'>quo</span> 
     </span>
    </p>
   </div>
   <div class='ocr_carea' id='block_1_4' title="bbox 1520 190 1632 234">
    <p class='ocr_par' dir='ltr' id='par_1_9' title="bbox 1520 190 1632 234">
     <span class='ocr_line' id='line_1_53' title="bbox 1520 190 1632 234; baseline 0.018 -2"><span class='ocrx_word' id='word_1_269' title='bbox 1520 190 1632 234; x_wconf 77' lang='lat'>1919</span> 
     </span>
    </p>
   </div>
   <div class='ocr_carea' id='block_1_5' title="bbox 926 295 1635 488">
    <p class='ocr_par' dir='ltr' id='par_1_10' title="bbox 926 295 1635 488">
     <span class='ocr_line' id='line_1_54' title="bbox 926 295 1634 336; baseline 0.007 -11"><span class='ocrx_word' id='word_1_270' title='bbox 926 299 1010 327; x_wconf 88' lang='lat' dir='ltr'>nota</span> <span class='ocrx_word' id='word_1_271' title='bbox 1025 295 1132 336; x_wconf 84' lang='lat' dir='ltr'>prius,</span> <span class='ocrx_word' id='word_1_272' title='bbox 1148 305 1216 326; x_wconf 90' lang='lat' dir='ltr'>non</span> <span class='ocrx_word' id='word_1_273' title='bbox 1229 305 1290 327; x_wconf 84' lang='lat' dir='ltr'>ore</span> <span class='ocrx_word' id='word_1_274' title='bbox 1306 304 1444 334; x_wconf 86' lang='lat' dir='ltr'>sereno,</span> <span class='ocrx_word' id='word_1_275' title='bbox 1456 295 1524 327; x_wconf 80' lang='lat' dir='ltr'>Sed</span> <span class='ocrx_word' id='word_1_276' title='bbox 1539 297 1634 330; x_wconf 84' lang='lat' dir='ltr'>vittis</span> 
     </span>
     <span class='ocr_line' id='line_1_55' title="bbox 926 345 1633 380; baseline 0.004 -4"><span class='ocrx_word' id='word_1_277' title='bbox 926 350 1030 377; x_wconf 85' lang='lat' dir='ltr'>exuta</span> <span class='ocrx_word' id='word_1_278' title='bbox 1052 345 1206 377; x_wconf 68' lang='lat' dir='ltr'>comam!</span> <span class='ocrx_word' id='word_1_279' title='bbox 1252 346 1301 378; x_wconf 91' lang='lat' dir='ltr'>Ut</span> <span class='ocrx_word' id='word_1_280' title='bbox 1328 346 1432 377; x_wconf 84' lang='lat' dir='ltr'>etiam</span> <span class='ocrx_word' id='word_1_281' title='bbox 1449 347 1633 380; x_wconf 79' lang='lat' dir='ltr'>Suetonius</span> 
     </span>
     <span class='ocr_line' id='line_1_56' title="bbox 926 393 1634 438; baseline 0.004 -12"><span class='ocrx_word' id='word_1_282' title='bbox 926 393 1142 437; x_wconf 83' lang='lat' dir='ltr'>frequenter,</span> <span class='ocrx_word' id='word_1_283' title='bbox 1173 397 1308 438; x_wconf 83' lang='lat' dir='ltr'>signate</span> <span class='ocrx_word' id='word_1_284' title='bbox 1330 395 1486 437; x_wconf 74' lang='lat' dir='ltr'>Caligula</span> <span class='ocrx_word' id='word_1_285' title='bbox 1507 406 1584 438; x_wconf 82' lang='lat' dir='ltr'>cap.</span> <span class='ocrx_word' id='word_1_286' title='bbox 1600 400 1634 429; x_wconf 84' lang='lat'>9.</span> 
     </span>
     <span class='ocr_line' id='line_1_57' title="bbox 926 445 1635 488; baseline 0.001 -10"><span class='ocrx_word' id='word_1_287' title='bbox 926 446 936 464; x_wconf 91' lang='lat'>‘</span> <span class='ocrx_word' id='word_1_288' title='bbox 951 446 1042 479; x_wconf 81' lang='lat' dir='ltr'>Quia</span> <span class='ocrx_word' id='word_1_289' title='bbox 1057 446 1285 488; x_wconf 78' lang='lat' dir='ltr'>manipulario</span> <span class='ocrx_word' id='word_1_290' title='bbox 1306 445 1423 478; x_wconf 82' lang='lat' dir='ltr'>habitu</span> <span class='ocrx_word' id='word_1_291' title='bbox 1444 446 1534 478; x_wconf 85' lang='lat' dir='ltr'>inter</span> <span class='ocrx_word' id='word_1_292' title='bbox 1550 447 1635 479; x_wconf 90' lang='lat' dir='ltr'>mili-</span> 
     </span>
    </p>
   </div>
   <div class='ocr_carea' id='block_1_6' title="bbox 870 495 1635 539">
    <p class='ocr_par' dir='ltr' id='par_1_11' title="bbox 870 495 1635 539">
     <span class='ocr_line' id='line_1_58' title="bbox 870 495 1635 539; baseline 0 -10"><span class='ocrx_word' id='word_1_293' title='bbox 870 525 871 529; x_wconf 65' lang='lat'>,</span> <span class='ocrx_word' id='word_1_294' title='bbox 927 499 982 528; x_wconf 86' lang='lat' dir='ltr'>tes</span> <span class='ocrx_word' id='word_1_295' title='bbox 999 495 1241 529; x_wconf 63' lang='lat' dir='ltr'>educabatur!</span> <span class='ocrx_word' id='word_1_296' title='bbox 1273 495 1386 528; x_wconf 83' lang='lat' dir='ltr'>Aliter</span> <span class='ocrx_word' id='word_1_297' title='bbox 1402 495 1564 533; x_wconf 82' lang='lat' dir='ltr'>Isidorus,</span> <span class='ocrx_word' id='word_1_298' title='bbox 1577 497 1635 539; x_wconf 92' lang='lat' dir='ltr'>qui</span> 
     </span>
    </p>
   </div>
   <div class='ocr_carea' id='block_1_7' title="bbox 926 545 1693 2811">
    <p class='ocr_par' dir='ltr' id='par_1_12' title="bbox 926 545 1644 1491">
     <span class='ocr_line' id='line_1_59' title="bbox 926 545 1637 588; baseline 0.003 -11"><span class='ocrx_word' id='word_1_299' title='bbox 926 546 987 578; x_wconf 89' lang='lat' dir='ltr'>lib.</span> <span class='ocrx_word' id='word_1_300' title='bbox 1006 554 1057 578; x_wconf 68' lang='lat' dir='ltr'>nt.</span> <span class='ocrx_word' id='word_1_301' title='bbox 1075 556 1154 588; x_wconf 88' lang='lat' dir='ltr'>cap.</span> <span class='ocrx_word' id='word_1_302' title='bbox 1171 549 1226 579; x_wconf 84' lang='grc'>22.</span> <span class='ocrx_word' id='word_1_303' title='bbox 1253 545 1423 578; x_wconf 88' lang='lat' dir='ltr'>discernit</span> <span class='ocrx_word' id='word_1_304' title='bbox 1445 546 1599 579; x_wconf 82' lang='lat' dir='ltr'>habitum</span> <span class='ocrx_word' id='word_1_305' title='bbox 1616 557 1637 579; x_wconf 82' lang='lat' dir='ltr'>a</span> 
     </span>
     <span class='ocr_line' id='line_1_60' title="bbox 927 595 1636 639; baseline 0 -10"><span class='ocrx_word' id='word_1_306' title='bbox 927 596 1035 636; x_wconf 85' lang='lat' dir='ltr'>cultu,</span> <span class='ocrx_word' id='word_1_307' title='bbox 1047 597 1057 614; x_wconf 93' lang='lat'>‘</span> <span class='ocrx_word' id='word_1_308' title='bbox 1070 596 1205 629; x_wconf 87' lang='lat' dir='ltr'>habitus</span> <span class='ocrx_word' id='word_1_309' title='bbox 1221 596 1312 629; x_wconf 91' lang='lat' dir='ltr'>enim</span> <span class='ocrx_word' id='word_1_310' title='bbox 1327 595 1372 628; x_wconf 88' lang='lat' dir='ltr'>ad</span> <span class='ocrx_word' id='word_1_311' title='bbox 1387 600 1545 628; x_wconf 85' lang='lat' dir='ltr'>naturam</span> <span class='ocrx_word' id='word_1_312' title='bbox 1559 607 1636 639; x_wconf 87' lang='lat' dir='ltr'>per-</span> 
     </span>
     <span class='ocr_line' id='line_1_61' title="bbox 929 646 1638 690; baseline 0.001 -11"><span class='ocrx_word' id='word_1_313' title='bbox 929 646 1041 686; x_wconf 65' lang='lat' dir='ltr'>tinet:</span> <span class='ocrx_word' id='word_1_314' title='bbox 1055 647 1182 689; x_wconf 87' lang='lat' dir='ltr'>inquit,</span> <span class='ocrx_word' id='word_1_315' title='bbox 1198 652 1235 680; x_wconf 91' lang='lat' dir='ltr'>et</span> <span class='ocrx_word' id='word_1_316' title='bbox 1250 647 1313 679; x_wconf 86' lang='lat' dir='ltr'>hac</span> <span class='ocrx_word' id='word_1_317' title='bbox 1329 646 1469 679; x_wconf 88' lang='lat' dir='ltr'>notione</span> <span class='ocrx_word' id='word_1_318' title='bbox 1492 652 1638 690; x_wconf 75' lang='lat' dir='ltr'>usurpat</span> 
     </span>
     <span class='ocr_line' id='line_1_62' title="bbox 928 695 1638 734; baseline 0.003 -6"><span class='ocrx_word' id='word_1_319' title='bbox 928 697 1045 729; x_wconf 86' lang='lat' dir='ltr'>Livius</span> <span class='ocrx_word' id='word_1_320' title='bbox 1068 697 1128 728; x_wconf 83' lang='lat' dir='ltr'>lib.</span> <span class='ocrx_word' id='word_1_321' title='bbox 1145 705 1196 730; x_wconf 76' lang='lat' dir='ltr'>rx.</span> <span class='ocrx_word' id='word_1_322' title='bbox 1222 697 1335 729; x_wconf 87' lang='lat' dir='ltr'>‘visus</span> <span class='ocrx_word' id='word_1_323' title='bbox 1351 696 1402 728; x_wconf 91' lang='lat' dir='ltr'>illi</span> <span class='ocrx_word' id='word_1_324' title='bbox 1424 695 1586 734; x_wconf 87' lang='lat' dir='ltr'>habitus,’</span> <span class='ocrx_word' id='word_1_325' title='bbox 1601 697 1638 730; x_wconf 85' lang='lat' dir='ltr'>id</span> 
     </span>
     <span class='ocr_line' id='line_1_63' title="bbox 928 747 1637 790; baseline 0.003 -11"><span class='ocrx_word' id='word_1_326' title='bbox 928 753 994 788; x_wconf 83' lang='lat' dir='ltr'>est,</span> <span class='ocrx_word' id='word_1_327' title='bbox 1009 747 1157 790; x_wconf 80' lang='lat' dir='ltr'>qualitas</span> <span class='ocrx_word' id='word_1_328' title='bbox 1175 759 1184 780; x_wconf 85' lang='lat'>:</span> <span class='ocrx_word' id='word_1_329' title='bbox 1212 752 1316 790; x_wconf 85' lang='lat' dir='ltr'>atque</span> <span class='ocrx_word' id='word_1_330' title='bbox 1332 747 1420 780; x_wconf 86' lang='lat' dir='ltr'>adeo</span> <span class='ocrx_word' id='word_1_331' title='bbox 1444 748 1548 780; x_wconf 88' lang='lat' dir='ltr'>etiam</span> <span class='ocrx_word' id='word_1_332' title='bbox 1564 749 1637 781; x_wconf 86' lang='lat' dir='ltr'>Sal-</span> 
     </span>
     <span class='ocr_line' id='line_1_64' title="bbox 928 798 1637 841; baseline 0.001 -11"><span class='ocrx_word' id='word_1_333' title='bbox 928 799 1063 837; x_wconf 83' lang='lat' dir='ltr'>lustius,</span> <span class='ocrx_word' id='word_1_334' title='bbox 1079 799 1176 831; x_wconf 85' lang='lat' dir='ltr'>Bello</span> <span class='ocrx_word' id='word_1_335' title='bbox 1187 798 1398 840; x_wconf 66' lang='lat' dir='ltr'>,Iugurthino</span> <span class='ocrx_word' id='word_1_336' title='bbox 1415 808 1424 830; x_wconf 74' lang='lat'>2</span> <span class='ocrx_word' id='word_1_337' title='bbox 1449 799 1458 816; x_wconf 92' lang='lat'>‘</span> <span class='ocrx_word' id='word_1_338' title='bbox 1474 798 1577 841; x_wconf 90' lang='lat' dir='ltr'>Cujus</span> <span class='ocrx_word' id='word_1_339' title='bbox 1593 798 1637 831; x_wconf 91' lang='lat' dir='ltr'>de</span> 
     </span>
     <span class='ocr_line' id='line_1_65' title="bbox 928 847 1640 891; baseline 0.001 -11"><span class='ocrx_word' id='word_1_340' title='bbox 928 854 1053 882; x_wconf 88' lang='lat' dir='ltr'>natura</span> <span class='ocrx_word' id='word_1_341' title='bbox 1065 855 1101 881; x_wconf 87' lang='lat' dir='ltr'>et</span> <span class='ocrx_word' id='word_1_342' title='bbox 1111 849 1229 881; x_wconf 85' lang='lat' dir='ltr'>habitu</span> <span class='ocrx_word' id='word_1_343' title='bbox 1241 847 1415 880; x_wconf 87' lang='lat' dir='ltr'>diximus.&#39;</span> <span class='ocrx_word' id='word_1_344' title='bbox 1439 847 1507 880; x_wconf 81' lang='lat' dir='ltr'>Alii</span> <span class='ocrx_word' id='word_1_345' title='bbox 1522 848 1640 891; x_wconf 86' lang='lat' dir='ltr'>Scrip-</span> 
     </span>
     <span class='ocr_line' id='line_1_66' title="bbox 929 898 1638 941; baseline 0 -9"><span class='ocrx_word' id='word_1_346' title='bbox 929 904 1023 932; x_wconf 85' lang='lat' dir='ltr'>tores</span> <span class='ocrx_word' id='word_1_347' title='bbox 1036 899 1107 931; x_wconf 86' lang='lat' dir='ltr'>fere</span> <span class='ocrx_word' id='word_1_348' title='bbox 1117 908 1255 941; x_wconf 79' lang='lat' dir='ltr'>semper</span> <span class='ocrx_word' id='word_1_349' title='bbox 1265 899 1455 937; x_wconf 84' lang='lat' dir='ltr'>‘habitum‚’</span> <span class='ocrx_word' id='word_1_350' title='bbox 1471 908 1533 940; x_wconf 86' lang='lat' dir='ltr'>pro</span> <span class='ocrx_word' id='word_1_351' title='bbox 1546 900 1556 918; x_wconf 82' lang='lat'><em>⁴</em></span> <span class='ocrx_word' id='word_1_352' title='bbox 1567 898 1638 932; x_wconf 87' lang='lat' dir='ltr'>for-</span> 
     </span>
     <span class='ocr_line' id='line_1_67' title="bbox 928 948 1641 992; baseline -0.001 -10"><span class='ocrx_word' id='word_1_353' title='bbox 928 959 984 982; x_wconf 86' lang='lat' dir='ltr'>ma</span> <span class='ocrx_word' id='word_1_354' title='bbox 999 951 1049 982; x_wconf 91' lang='lat' dir='ltr'>rei</span> <span class='ocrx_word' id='word_1_355' title='bbox 1063 948 1240 992; x_wconf 86' lang='lat' dir='ltr'>cujusque’</span> <span class='ocrx_word' id='word_1_356' title='bbox 1253 949 1438 990; x_wconf 88' lang='lat' dir='ltr'>accipiunt.</span> <span class='ocrx_word' id='word_1_357' title='bbox 1471 950 1641 992; x_wconf 86' lang='lat' dir='ltr'>Exempla</span> 
     </span>
     <span class='ocr_line' id='line_1_68' title="bbox 928 999 1640 1042; baseline 0.001 -10"><span class='ocrx_word' id='word_1_358' title='bbox 928 1001 1035 1033; x_wconf 85' lang='lat' dir='ltr'>cuivis</span> <span class='ocrx_word' id='word_1_359' title='bbox 1060 1000 1175 1032; x_wconf 88' lang='lat' dir='ltr'>obvia.</span> <span class='ocrx_word' id='word_1_360' title='bbox 1220 999 1415 1042; x_wconf 88' lang='lat' dir='ltr'>Appuleius</span> <span class='ocrx_word' id='word_1_361' title='bbox 1437 1000 1447 1019; x_wconf 88' lang='lat'>‘</span> <span class='ocrx_word' id='word_1_362' title='bbox 1463 1000 1640 1033; x_wconf 85' lang='lat' dir='ltr'>habitum’</span> 
     </span>
     <span class='ocr_line' id='line_1_69' title="bbox 929 1049 1640 1093; baseline 0 -10"><span class='ocrx_word' id='word_1_363' title='bbox 929 1051 972 1083; x_wconf 84' lang='lat' dir='ltr'>ad</span> <span class='ocrx_word' id='word_1_364' title='bbox 988 1052 1131 1091; x_wconf 86' lang='lat' dir='ltr'>cultum,</span> <span class='ocrx_word' id='word_1_365' title='bbox 1157 1050 1167 1068; x_wconf 91' lang='lat'>‘</span> <span class='ocrx_word' id='word_1_366' title='bbox 1182 1049 1440 1083; x_wconf 83' lang='lat' dir='ltr'>habitudinem&#39;</span> <span class='ocrx_word' id='word_1_367' title='bbox 1463 1050 1511 1082; x_wconf 86' lang='lat' dir='ltr'>ad·</span> <span class='ocrx_word' id='word_1_368' title='bbox 1531 1051 1640 1093; x_wconf 81' lang='lat' dir='ltr'>quali-</span> 
     </span>
     <span class='ocr_line' id='line_1_70' title="bbox 930 1101 1639 1138; baseline 0.001 -4"><span class='ocrx_word' id='word_1_369' title='bbox 930 1107 1036 1134; x_wconf 85' lang='lat' dir='ltr'>tatem</span> <span class='ocrx_word' id='word_1_370' title='bbox 1053 1101 1174 1138; x_wconf 85' lang='lat' dir='ltr'>refert,</span> <span class='ocrx_word' id='word_1_371' title='bbox 1195 1101 1294 1133; x_wconf 87' lang='lat' dir='ltr'>lib.1.</span> <span class='ocrx_word' id='word_1_372' title='bbox 1331 1101 1413 1133; x_wconf 87' lang='lat' dir='ltr'>‘Vir</span> <span class='ocrx_word' id='word_1_373' title='bbox 1439 1106 1478 1134; x_wconf 89' lang='lat' dir='ltr'>ut</span> <span class='ocrx_word' id='word_1_374' title='bbox 1499 1101 1639 1136; x_wconf 81' lang='lat' dir='ltr'>habitus</span> 
     </span>
     <span class='ocr_line' id='line_1_71' title="bbox 931 1152 1642 1185; baseline 0 0"><span class='ocrx_word' id='word_1_375' title='bbox 931 1158 967 1185; x_wconf 88' lang='lat' dir='ltr'>et</span> <span class='ocrx_word' id='word_1_376' title='bbox 995 1152 1160 1185; x_wconf 86' lang='lat' dir='ltr'>habitudo</span> <span class='ocrx_word' id='word_1_377' title='bbox 1199 1152 1438 1185; x_wconf 81' lang='lat' dir='ltr'>demonstrant</span> <span class='ocrx_word' id='word_1_378' title='bbox 1467 1154 1642 1185; x_wconf 78' lang='lat' dir='ltr'>ornatissi-</span> 
     </span>
     <span class='ocr_line' id='line_1_72' title="bbox 930 1202 1642 1246; baseline 0.001 -11"><span class='ocrx_word' id='word_1_379' title='bbox 930 1202 1028 1236; x_wconf 82' lang='lat' dir='ltr'>mus.&#39;</span> <span class='ocrx_word' id='word_1_380' title='bbox 1072 1203 1218 1235; x_wconf 86' lang='lat' dir='ltr'>Plautus</span> <span class='ocrx_word' id='word_1_381' title='bbox 1243 1203 1348 1234; x_wconf 88' lang='lat' dir='ltr'>etiam</span> <span class='ocrx_word' id='word_1_382' title='bbox 1373 1213 1436 1244; x_wconf 88' lang='lat' dir='ltr'>pro</span> <span class='ocrx_word' id='word_1_383' title='bbox 1465 1204 1560 1237; x_wconf 85' lang='lat' dir='ltr'>cultu</span> <span class='ocrx_word' id='word_1_384' title='bbox 1585 1214 1642 1246; x_wconf 82' lang='lat' dir='ltr'>ag·</span> 
     </span>
     <span class='ocr_line' id='line_1_73' title="bbox 933 1253 1643 1296; baseline 0.001 -11"><span class='ocrx_word' id='word_1_385' title='bbox 933 1255 1045 1286; x_wconf 83' lang='lat' dir='ltr'>noscit</span> <span class='ocrx_word' id='word_1_386' title='bbox 1069 1253 1259 1291; x_wconf 87' lang='lat' dir='ltr'>interdum,</span> <span class='ocrx_word' id='word_1_387' title='bbox 1274 1253 1333 1295; x_wconf 86' lang='lat' dir='ltr'>qui</span> <span class='ocrx_word' id='word_1_388' title='bbox 1355 1258 1391 1285; x_wconf 88' lang='lat' dir='ltr'>et</span> <span class='ocrx_word' id='word_1_389' title='bbox 1417 1253 1568 1296; x_wconf 82' lang='lat' dir='ltr'>diversa,</span> <span class='ocrx_word' id='word_1_390' title='bbox 1582 1254 1643 1287; x_wconf 83' lang='lat' dir='ltr'>sed</span> 
     </span>
     <span class='ocr_line' id='line_1_74' title="bbox 933 1304 1644 1346; baseline 0.003 -11"><span class='ocrx_word' id='word_1_391' title='bbox 933 1305 1084 1346; x_wconf 79' lang='lat' dir='ltr'>eleganti</span> <span class='ocrx_word' id='word_1_392' title='bbox 1096 1305 1236 1336; x_wconf 85' lang='lat' dir='ltr'>notione</span> <span class='ocrx_word' id='word_1_393' title='bbox 1249 1304 1340 1336; x_wconf 86' lang='lat' dir='ltr'>dixit</span> <span class='ocrx_word' id='word_1_394' title='bbox 1353 1304 1500 1336; x_wconf 87' lang='lat' dir='ltr'>Poenulo</span> <span class='ocrx_word' id='word_1_395' title='bbox 1514 1315 1525 1336; x_wconf 72' lang='grc' dir='ltr'><strong><em>ι</em></strong></span> <span class='ocrx_word' id='word_1_396' title='bbox 1545 1306 1555 1323; x_wconf 89' lang='lat'>‘</span> <span class='ocrx_word' id='word_1_397' title='bbox 1566 1305 1644 1337; x_wconf 93' lang='lat' dir='ltr'>Mo-</span> 
     </span>
     <span class='ocr_line' id='line_1_75' title="bbox 932 1354 1643 1396; baseline 0 -9"><span class='ocrx_word' id='word_1_398' title='bbox 932 1355 995 1387; x_wconf 89' lang='lat' dir='ltr'>dus</span> <span class='ocrx_word' id='word_1_399' title='bbox 1012 1354 1167 1387; x_wconf 91' lang='lat' dir='ltr'>omnibus</span> <span class='ocrx_word' id='word_1_400' title='bbox 1182 1355 1216 1386; x_wconf 91' lang='lat' dir='ltr'>in</span> <span class='ocrx_word' id='word_1_401' title='bbox 1232 1355 1334 1386; x_wconf 88' lang='lat' dir='ltr'>rebus</span> <span class='ocrx_word' id='word_1_402' title='bbox 1351 1354 1501 1396; x_wconf 87' lang='lat' dir='ltr'>optimus</span> <span class='ocrx_word' id='word_1_403' title='bbox 1514 1359 1568 1387; x_wconf 87' lang='lat' dir='ltr'>est</span> <span class='ocrx_word' id='word_1_404' title='bbox 1584 1355 1643 1387; x_wconf 86' lang='lat' dir='ltr'>ha·</span> 
     </span>
     <span class='ocr_line' id='line_1_76' title="bbox 933 1405 1642 1447; baseline 0.001 -9"><span class='ocrx_word' id='word_1_405' title='bbox 933 1405 1007 1438; x_wconf 89' lang='lat' dir='ltr'>bitu</span> <span class='ocrx_word' id='word_1_406' title='bbox 1023 1405 1142 1447; x_wconf 83' lang='lat' dir='ltr'>soror‚&#39;</span> <span class='ocrx_word' id='word_1_407' title='bbox 1168 1405 1204 1437; x_wconf 89' lang='lat' dir='ltr'>id</span> <span class='ocrx_word' id='word_1_408' title='bbox 1222 1410 1288 1443; x_wconf 84' lang='lat' dir='ltr'>est,</span> <span class='ocrx_word' id='word_1_409' title='bbox 1302 1405 1452 1447; x_wconf 82' lang='lat' dir='ltr'>optimus</span> <span class='ocrx_word' id='word_1_410' title='bbox 1464 1405 1523 1447; x_wconf 90' lang='lat' dir='ltr'>qui</span> <span class='ocrx_word' id='word_1_411' title='bbox 1538 1405 1642 1439; x_wconf 82' lang='lat' dir='ltr'>habe-</span> 
     </span>
     <span class='ocr_line' id='line_1_77' title="bbox 933 1456 1460 1491; baseline 0 -1"><span class='ocrx_word' id='word_1_412' title='bbox 933 1461 1022 1491; x_wconf 76' lang='lat' dir='ltr'>atur.</span> <span class='ocrx_word' id='word_1_413' title='bbox 1043 1456 1144 1488; x_wconf 84' lang='lat' dir='ltr'>Bern.</span> <span class='ocrx_word' id='word_1_414' title='bbox 1457 1486 1460 1490; x_wconf 89' lang='lat'>.</span> 
     </span>
    </p>

    <p class='ocr_par' dir='ltr' id='par_1_13' title="bbox 931 1506 1644 1699">
     <span class='ocr_line' id='line_1_78' title="bbox 974 1506 1642 1549; baseline 0.003 -11"><span class='ocrx_word' id='word_1_415' title='bbox 974 1509 1040 1538; x_wconf 78' lang='grc'>223</span> <span class='ocrx_word' id='word_1_416' title='bbox 1064 1506 1136 1538; x_wconf 86' lang='lat' dir='ltr'>Sole</span> <span class='ocrx_word' id='word_1_417' title='bbox 1150 1507 1246 1549; x_wconf 82' lang='lat' dir='ltr'>malo]</span> <span class='ocrx_word' id='word_1_418' title='bbox 1267 1507 1416 1539; x_wconf 87' lang='lat' dir='ltr'>Torrido</span> <span class='ocrx_word' id='word_1_419' title='bbox 1440 1517 1500 1540; x_wconf 91' lang='lat' dir='ltr'>seu</span> <span class='ocrx_word' id='word_1_420' title='bbox 1527 1508 1642 1549; x_wconf 82' lang='lat' dir='ltr'>igneo.</span> 
     </span>
     <span class='ocr_line' id='line_1_79' title="bbox 936 1557 1643 1600; baseline 0 -10"><span class='ocrx_word' id='word_1_421' title='bbox 936 1557 1036 1590; x_wconf 74' lang='lat' dir='ltr'>Tristi</span> <span class='ocrx_word' id='word_1_422' title='bbox 1059 1558 1170 1600; x_wconf 76' lang='lat' dir='ltr'>notho]</span> <span class='ocrx_word' id='word_1_423' title='bbox 1196 1558 1325 1591; x_wconf 88' lang='lat' dir='ltr'>Nubiio</span> <span class='ocrx_word' id='word_1_424' title='bbox 1351 1562 1479 1590; x_wconf 88' lang='lat' dir='ltr'>austro.</span> <span class='ocrx_word' id='word_1_425' title='bbox 1494 1564 1562 1590; x_wconf 89' lang='lat' dir='ltr'>·est</span> <span class='ocrx_word' id='word_1_426' title='bbox 1585 1568 1643 1590; x_wconf 76' lang='lat' dir='ltr'>ati-</span> 
     </span>
     <span class='ocr_line' id='line_1_80' title="bbox 935 1607 1643 1650; baseline 0 -10"><span class='ocrx_word' id='word_1_427' title='bbox 935 1612 1005 1640; x_wconf 83' lang='lat' dir='ltr'>tem</span> <span class='ocrx_word' id='word_1_428' title='bbox 1044 1607 1184 1640; x_wconf 88' lang='lat' dir='ltr'>floribus</span> <span class='ocrx_word' id='word_1_429' title='bbox 1223 1608 1395 1640; x_wconf 85' lang='lat' dir='ltr'>inimicus.</span> <span class='ocrx_word' id='word_1_430' title='bbox 1440 1609 1490 1641; x_wconf 90' lang='lat' dir='ltr'>Ut</span> <span class='ocrx_word' id='word_1_431' title='bbox 1519 1609 1643 1650; x_wconf 86' lang='lat' dir='ltr'>Virgil.</span> 
     </span>
     <span class='ocr_line' id='line_1_81' title="bbox 931 1658 1644 1699; baseline 0.001 -9"><span class='ocrx_word' id='word_1_432' title='bbox 931 1659 942 1676; x_wconf 89' lang='lat'>‘</span> <span class='ocrx_word' id='word_1_433' title='bbox 957 1658 1113 1690; x_wconf 86' lang='lat' dir='ltr'>Floribus</span> <span class='ocrx_word' id='word_1_434' title='bbox 1130 1663 1298 1698; x_wconf 79' lang='lat' dir='ltr'>austrum,</span> <span class='ocrx_word' id='word_1_435' title='bbox 1309 1658 1574 1699; x_wconf 84' lang='lat' dir='ltr'>Perditus,&#39;&amp;c.</span> <span class='ocrx_word' id='word_1_436' title='bbox 1591 1659 1644 1691; x_wconf 78' lang='lat' dir='ltr'>ld.</span> 
     </span>
    </p>

    <p class='ocr_par' dir='ltr' id='par_1_14' title="bbox 935 1708 1693 2155">
     <span class='ocr_line' id='line_1_82' title="bbox 975 1708 1644 1750; baseline -0.001 -9"><span class='ocrx_word' id='word_1_437' title='bbox 975 1712 1040 1742; x_wconf 86' lang='grc'>225</span> <span class='ocrx_word' id='word_1_438' title='bbox 1066 1709 1166 1741; x_wconf 82' lang='lat' dir='ltr'>Redit</span> <span class='ocrx_word' id='word_1_439' title='bbox 1180 1708 1281 1740; x_wconf 82' lang='lat' dir='ltr'>omnis</span> <span class='ocrx_word' id='word_1_440' title='bbox 1295 1708 1405 1749; x_wconf 83' lang='lat' dir='ltr'>honos]</span> <span class='ocrx_word' id='word_1_441' title='bbox 1428 1709 1496 1749; x_wconf 91' lang='lat' dir='ltr'>Sic,</span> <span class='ocrx_word' id='word_1_442' title='bbox 1520 1709 1644 1750; x_wconf 86' lang='lat' dir='ltr'>inquit,</span> 
     </span>
     <span class='ocr_line' id='line_1_83' title="bbox 935 1760 1646 1792; baseline -0.001 0"><span class='ocrx_word' id='word_1_443' title='bbox 935 1760 1060 1792; x_wconf 79' lang='lat' dir='ltr'>laetitia</span> <span class='ocrx_word' id='word_1_444' title='bbox 1086 1760 1203 1792; x_wconf 88' lang='lat' dir='ltr'>Liberi</span> <span class='ocrx_word' id='word_1_445' title='bbox 1229 1765 1382 1792; x_wconf 83' lang='lat' dir='ltr'>mutatus</span> <span class='ocrx_word' id='word_1_446' title='bbox 1409 1763 1462 1791; x_wconf 90' lang='lat' dir='ltr'>est</span> <span class='ocrx_word' id='word_1_447' title='bbox 1489 1761 1604 1792; x_wconf 85' lang='lat' dir='ltr'>vultus</span> <span class='ocrx_word' id='word_1_448' title='bbox 1625 1769 1646 1791; x_wconf 89' lang='lat' dir='ltr'>e</span> 
     </span>
     <span class='ocr_line' id='line_1_84' title="bbox 935 1808 1645 1852; baseline 0 -10"><span class='ocrx_word' id='word_1_449' title='bbox 935 1810 1057 1852; x_wconf 85' lang='lat' dir='ltr'>grandi</span> <span class='ocrx_word' id='word_1_450' title='bbox 1073 1810 1227 1851; x_wconf 78' lang='lat' dir='ltr'>tristitia,</span> <span class='ocrx_word' id='word_1_451' title='bbox 1243 1810 1529 1852; x_wconf 83' lang='lat' dir='ltr'>quemadmodum</span> <span class='ocrx_word' id='word_1_452' title='bbox 1540 1808 1645 1842; x_wconf 84' lang='lat' dir='ltr'>flores</span> 
     </span>
     <span class='ocr_line' id='line_1_85' title="bbox 935 1860 1647 1894; baseline -0.003 0"><span class='ocrx_word' id='word_1_453' title='bbox 935 1861 1041 1894; x_wconf 88' lang='lat' dir='ltr'>flante</span> <span class='ocrx_word' id='word_1_454' title='bbox 1058 1867 1186 1894; x_wconf 82' lang='lat' dir='ltr'>austro.</span> <span class='ocrx_word' id='word_1_455' title='bbox 1230 1862 1276 1893; x_wconf 86' lang='lat' dir='ltr'>Et</span> <span class='ocrx_word' id='word_1_456' title='bbox 1298 1861 1377 1892; x_wconf 87' lang='lat' dir='ltr'>solis</span> <span class='ocrx_word' id='word_1_457' title='bbox 1403 1860 1508 1892; x_wconf 89' lang='lat' dir='ltr'>nimio</span> <span class='ocrx_word' id='word_1_458' title='bbox 1531 1861 1647 1892; x_wconf 84' lang='lat' dir='ltr'>calore</span> 
     </span>
     <span class='ocr_line' id='line_1_86' title="bbox 936 1911 1644 1954; baseline -0.001 -10"><span class='ocrx_word' id='word_1_459' title='bbox 936 1913 1144 1954; x_wconf 86' lang='lat' dir='ltr'>pallescunt,</span> <span class='ocrx_word' id='word_1_460' title='bbox 1175 1911 1393 1953; x_wconf 77' lang='lat' dir='ltr'>perdantque</span> <span class='ocrx_word' id='word_1_461' title='bbox 1418 1911 1567 1952; x_wconf 80' lang='lat' dir='ltr'>gratiam</span> <span class='ocrx_word' id='word_1_462' title='bbox 1591 1919 1644 1943; x_wconf 80' lang='lat' dir='ltr'>as-</span> 
     </span>
     <span class='ocr_line' id='line_1_87' title="bbox 936 1961 1693 2004; baseline -0.003 -10"><span class='ocrx_word' id='word_1_463' title='bbox 936 1967 1061 2004; x_wconf 87' lang='lat' dir='ltr'>pectus</span> <span class='ocrx_word' id='word_1_464' title='bbox 1086 1962 1160 1994; x_wconf 81' lang='lat' dir='ltr'>sui:</span> <span class='ocrx_word' id='word_1_465' title='bbox 1183 1971 1224 1994; x_wconf 83' lang='lat' dir='ltr'>ac</span> <span class='ocrx_word' id='word_1_466' title='bbox 1248 1971 1365 1994; x_wconf 86' lang='lat' dir='ltr'>rursus</span> <span class='ocrx_word' id='word_1_467' title='bbox 1393 1961 1422 1993; x_wconf 88' lang='lat' dir='ltr'>si</span> <span class='ocrx_word' id='word_1_468' title='bbox 1437 1961 1565 2002; x_wconf 89' lang='lat' dir='ltr'>placidi</span> <span class='ocrx_word' id='word_1_469' title='bbox 1582 1962 1646 1993; x_wconf 79' lang='lat' dir='ltr'>Fs-</span> <span class='ocrx_word' id='word_1_470' title='bbox 1687 1979 1693 1991; x_wconf 59' lang='lat'><em>1</em></span> 
     </span>
     <span class='ocr_line' id='line_1_88' title="bbox 938 2011 1648 2053; baseline -0.001 -9"><span class='ocrx_word' id='word_1_471' title='bbox 938 2013 1030 2045; x_wconf 87' lang='lat' dir='ltr'>vonii</span> <span class='ocrx_word' id='word_1_472' title='bbox 1058 2012 1246 2053; x_wconf 85' lang='lat' dir='ltr'>spiraverit</span> <span class='ocrx_word' id='word_1_473' title='bbox 1283 2011 1401 2052; x_wconf 83' lang='lat' dir='ltr'>flatus,</span> <span class='ocrx_word' id='word_1_474' title='bbox 1430 2016 1467 2044; x_wconf 91' lang='lat' dir='ltr'>et</span> <span class='ocrx_word' id='word_1_475' title='bbox 1497 2011 1648 2045; x_wconf 84' lang='lat' dir='ltr'>virentes</span> 
     </span>
     <span class='ocr_line' id='line_1_89' title="bbox 937 2062 1648 2104; baseline -0.001 -9"><span class='ocrx_word' id='word_1_476' title='bbox 937 2063 1062 2095; x_wconf 87' lang='lat' dir='ltr'>herbas</span> <span class='ocrx_word' id='word_1_477' title='bbox 1088 2062 1246 2104; x_wconf 84' lang='lat' dir='ltr'>frigidior</span> <span class='ocrx_word' id='word_1_478' title='bbox 1274 2068 1397 2094; x_wconf 81' lang='lat' dir='ltr'>ventus</span> <span class='ocrx_word' id='word_1_479' title='bbox 1421 2062 1586 2103; x_wconf 83' lang='lat' dir='ltr'>erexerit,</span> <span class='ocrx_word' id='word_1_480' title='bbox 1611 2066 1648 2095; x_wconf 83' lang='lat' dir='ltr'>et</span> 
     </span>
     <span class='ocr_line' id='line_1_90' title="bbox 939 2112 1614 2155; baseline -0.001 -9"><span class='ocrx_word' id='word_1_481' title='bbox 939 2113 1079 2146; x_wconf 88' lang='lat' dir='ltr'>odorem</span> <span class='ocrx_word' id='word_1_482' title='bbox 1095 2113 1269 2155; x_wconf 82' lang='lat' dir='ltr'>recipiunt</span> <span class='ocrx_word' id='word_1_483' title='bbox 1284 2117 1320 2144; x_wconf 90' lang='lat' dir='ltr'>et</span> <span class='ocrx_word' id='word_1_484' title='bbox 1331 2113 1491 2145; x_wconf 84' lang='lat' dir='ltr'>colorem.</span> <span class='ocrx_word' id='word_1_485' title='bbox 1514 2112 1614 2145; x_wconf 83' lang='lat' dir='ltr'>Idem.</span> 
     </span>
    </p>

    <p class='ocr_par' dir='ltr' id='par_1_15' title="bbox 938 2163 1651 2255">
     <span class='ocr_line' id='line_1_91' title="bbox 981 2163 1651 2204; baseline -0.006 -8"><span class='ocrx_word' id='word_1_486' title='bbox 981 2165 1046 2196; x_wconf 80' lang='lat'>228</span> <span class='ocrx_word' id='word_1_487' title='bbox 1069 2163 1265 2204; x_wconf 74' lang='lat' dir='ltr'>Explorato]</span> <span class='ocrx_word' id='word_1_488' title='bbox 1291 2163 1408 2195; x_wconf 81' lang='lat' dir='ltr'>Certa.</span> <span class='ocrx_word' id='word_1_489' title='bbox 1452 2163 1563 2203; x_wconf 80' lang='lat' dir='ltr'>Longo</span> <span class='ocrx_word' id='word_1_490' title='bbox 1587 2173 1651 2204; x_wconf 62' lang='lat' dir='ltr'>ug-⁴</span> 
     </span>
     <span class='ocr_line' id='line_1_92' title="bbox 938 2211 1651 2255; baseline -0.001 -9"><span class='ocrx_word' id='word_1_491' title='bbox 938 2215 1037 2255; x_wconf 81' lang='lat' dir='ltr'>mine]</span> <span class='ocrx_word' id='word_1_492' title='bbox 1060 2214 1249 2247; x_wconf 84' lang='lat' dir='ltr'>Ordinibus</span> <span class='ocrx_word' id='word_1_493' title='bbox 1266 2214 1478 2255; x_wconf 83' lang='lat' dir='ltr'>compositis.</span> <span class='ocrx_word' id='word_1_494' title='bbox 1499 2214 1604 2246; x_wconf 74' lang='lat' dir='ltr'>Idem..</span> <span class='ocrx_word' id='word_1_495' title='bbox 1649 2211 1651 2213; x_wconf 78' lang='grc'><strong>’</strong></span> 
     </span>
    </p>

    <p class='ocr_par' dir='ltr' id='par_1_16' title="bbox 941 2263 1654 2348">
     <span class='ocr_line' id='line_1_93' title="bbox 981 2263 1654 2305; baseline -0.004 -8"><span class='ocrx_word' id='word_1_496' title='bbox 981 2268 1047 2297; x_wconf 85' lang='grc'>229</span> <span class='ocrx_word' id='word_1_497' title='bbox 1071 2264 1139 2305; x_wconf 85' lang='lat' dir='ltr'>Ire]</span> <span class='ocrx_word' id='word_1_498' title='bbox 1170 2263 1242 2295; x_wconf 85' lang='lat' dir='ltr'>Pro</span> <span class='ocrx_word' id='word_1_499' title='bbox 1266 2264 1398 2295; x_wconf 86' lang='lat' dir='ltr'>venire.</span> <span class='ocrx_word' id='word_1_500' title='bbox 1446 2264 1496 2295; x_wconf 91' lang='lat' dir='ltr'>Ut</span> <span class='ocrx_word' id='word_1_501' title='bbox 1526 2263 1654 2305; x_wconf 30' lang='lat' dir='ltr'>virgil*</span> 
     </span>
     <span class='ocr_line' id='line_1_94' title="bbox 941 2313 1562 2348; baseline -0.002 0"><span class='ocrx_word' id='word_1_502' title='bbox 941 2317 951 2334; x_wconf 89' lang='lat'>‘</span> <span class='ocrx_word' id='word_1_503' title='bbox 965 2316 1037 2348; x_wconf 85' lang='lat' dir='ltr'>Vos</span> <span class='ocrx_word' id='word_1_504' title='bbox 1053 2324 1145 2347; x_wconf 91' lang='lat' dir='ltr'>nunc</span> <span class='ocrx_word' id='word_1_505' title='bbox 1160 2325 1180 2347; x_wconf 91' lang='lat' dir='ltr'>a</span> <span class='ocrx_word' id='word_1_506' title='bbox 1195 2314 1337 2347; x_wconf 87' lang='lat' dir='ltr'>navibus</span> <span class='ocrx_word' id='word_1_507' title='bbox 1354 2313 1438 2346; x_wconf 62' lang='lat' dir='ltr'>itis?</span> <span class='ocrx_word' id='word_1_508' title='bbox 1462 2315 1562 2347; x_wconf 75' lang='lat' dir='ltr'>Idem.</span> 
     </span>
    </p>

    <p class='ocr_par' dir='ltr' id='par_1_17' title="bbox 936 2365 1658 2659">
     <span class='ocr_line' id='line_1_95' title="bbox 983 2365 1655 2406; baseline -0.001 -7"><span class='ocrx_word' id='word_1_509' title='bbox 983 2369 1048 2399; x_wconf 82' lang='grc'>230</span> <span class='ocrx_word' id='word_1_510' title='bbox 1071 2365 1290 2406; x_wconf 56' lang='lat' dir='ltr'>Misere-scere]</span> <span class='ocrx_word' id='word_1_511' title='bbox 1311 2365 1517 2398; x_wconf 75' lang='lat' dir='ltr'>‘fremebant</span> <span class='ocrx_word' id='word_1_512' title='bbox 1531 2365 1655 2402; x_wconf 66' lang='lat' dir='ltr'>cuncti,</span> 
     </span>
     <span class='ocr_line' id='line_1_96' title="bbox 941 2415 1651 2458; baseline -0.004 -8"><span class='ocrx_word' id='word_1_513' title='bbox 941 2423 979 2450; x_wconf 86' lang='lat' dir='ltr'>et</span> <span class='ocrx_word' id='word_1_514' title='bbox 1000 2418 1221 2449; x_wconf 82' lang='lat' dir='ltr'>terrebantur</span> <span class='ocrx_word' id='word_1_515' title='bbox 1244 2415 1453 2458; x_wconf 82' lang='lat' dir='ltr'>Argivorum</span> <span class='ocrx_word' id='word_1_516' title='bbox 1484 2416 1651 2457; x_wconf 78' lang='lat' dir='ltr'>adventu,</span> 
     </span>
     <span class='ocr_line' id='line_1_97' title="bbox 941 2466 1651 2509; baseline -0.001 -10"><span class='ocrx_word' id='word_1_517' title='bbox 941 2467 999 2509; x_wconf 87' lang='lat' dir='ltr'>qui</span> <span class='ocrx_word' id='word_1_518' title='bbox 1036 2467 1212 2498; x_wconf 83' lang='lat' dir='ltr'>Thebanis</span> <span class='ocrx_word' id='word_1_519' title='bbox 1248 2466 1544 2507; x_wconf 84' lang='lat' dir='ltr'>consanguinitate</span> <span class='ocrx_word' id='word_1_520' title='bbox 1570 2477 1651 2499; x_wconf 87' lang='lat' dir='ltr'>con-</span> 
     </span>
     <span class='ocr_line' id='line_1_98' title="bbox 936 2517 1650 2559; baseline -0.001 -9"><span class='ocrx_word' id='word_1_521' title='bbox 936 2518 1052 2559; x_wconf 84' lang='lat' dir='ltr'>juncti</span> <span class='ocrx_word' id='word_1_522' title='bbox 1067 2517 1224 2549; x_wconf 87' lang='lat' dir='ltr'>fuerant:</span> <span class='ocrx_word' id='word_1_523' title='bbox 1251 2517 1308 2559; x_wconf 90' lang='lat' dir='ltr'>qui</span> <span class='ocrx_word' id='word_1_524' title='bbox 1327 2526 1408 2548; x_wconf 83' lang='lat' dir='ltr'>vero</span> <span class='ocrx_word' id='word_1_525' title='bbox 1424 2523 1522 2550; x_wconf 83' lang='lat' dir='ltr'>erant</span> <span class='ocrx_word' id='word_1_526' title='bbox 1534 2522 1650 2551; x_wconf 83' lang='lat' dir='ltr'>extra·</span> 
     </span>
     <span class='ocr_line' id='line_1_99' title="bbox 942 2568 1658 2607; baseline -0.001 -7"><span class='ocrx_word' id='word_1_527' title='bbox 942 2569 999 2601; x_wconf 86' lang='lat' dir='ltr'>nei</span> <span class='ocrx_word' id='word_1_528' title='bbox 1014 2568 1279 2607; x_wconf 81' lang='lat' dir='ltr'>miserabantur,</span> <span class='ocrx_word' id='word_1_529' title='bbox 1302 2577 1380 2599; x_wconf 91' lang='lat' dir='ltr'>cum</span> <span class='ocrx_word' id='word_1_530' title='bbox 1400 2568 1434 2600; x_wconf 90' lang='lat' dir='ltr'>in</span> <span class='ocrx_word' id='word_1_531' title='bbox 1450 2569 1658 2600; x_wconf 29' lang='lat' dir='ltr'>memoriam*</span> 
     </span>
     <span class='ocr_line' id='line_1_100' title="bbox 941 2618 1624 2659; baseline 0.001 -7"><span class='ocrx_word' id='word_1_532' title='bbox 941 2620 1149 2652; x_wconf 88' lang='lat' dir='ltr'>reducerent</span> <span class='ocrx_word' id='word_1_533' title='bbox 1165 2618 1337 2659; x_wconf 87' lang='lat' dir='ltr'>perituras</span> <span class='ocrx_word' id='word_1_534' title='bbox 1350 2618 1500 2652; x_wconf 82' lang='lat' dir='ltr'>Thebas.</span> <span class='ocrx_word' id='word_1_535' title='bbox 1523 2620 1624 2653; x_wconf 79' lang='lat' dir='ltr'>Idem.</span> 
     </span>
    </p>

    <p class='ocr_par' dir='ltr' id='par_1_18' title="bbox 943 2669 1649 2761">
     <span class='ocr_line' id='line_1_101' title="bbox 984 2669 1649 2710; baseline -0.002 -8"><span class='ocrx_word' id='word_1_536' title='bbox 984 2673 1047 2702; x_wconf 76' lang='lat'>231</span> <span class='ocrx_word' id='word_1_537' title='bbox 1072 2669 1209 2702; x_wconf 82' lang='lat' dir='ltr'>Nomine</span> <span class='ocrx_word' id='word_1_538' title='bbox 1243 2673 1272 2700; x_wconf 78' lang='lat' dir='ltr'>ee</span> <span class='ocrx_word' id='word_1_539' title='bbox 1297 2669 1410 2710; x_wconf 76' lang='lat' dir='ltr'>armis]</span> <span class='ocrx_word' id='word_1_540' title='bbox 1432 2669 1649 2701; x_wconf 87' lang='lat' dir='ltr'>Subaudien·</span> 
     </span>
     <span class='ocr_line' id='line_1_102' title="bbox 943 2718 1534 2761; baseline -0.003 -8"><span class='ocrx_word' id='word_1_541' title='bbox 943 2720 1036 2761; x_wconf 90' lang='lat' dir='ltr'>dum,</span> <span class='ocrx_word' id='word_1_542' title='bbox 1059 2721 1215 2752; x_wconf 87' lang='lat' dir='ltr'>‘ceteros</span> <span class='ocrx_word' id='word_1_543' title='bbox 1230 2718 1409 2751; x_wconf 67' lang='lat' dir='ltr'>anteibat!</span> <span class='ocrx_word' id='word_1_544' title='bbox 1433 2720 1534 2751; x_wconf 83' lang='lat' dir='ltr'>Idem.</span> 
     </span>
    </p>

    <p class='ocr_par' dir='ltr' id='par_1_19' title="bbox 985 2769 1652 2811">
     <span class='ocr_line' id='line_1_103' title="bbox 985 2769 1652 2811; baseline -0.004 -6"><span class='ocrx_word' id='word_1_545' title='bbox 985 2773 1049 2805; x_wconf 75' lang='lat'>232</span> <span class='ocrx_word' id='word_1_546' title='bbox 1074 2770 1132 2808; x_wconf 78' lang='lat' dir='ltr'>Ille</span> <span class='ocrx_word' id='word_1_547' title='bbox 1154 2776 1270 2805; x_wconf 75' lang='lat' dir='ltr'>metum</span> <span class='ocrx_word' id='word_1_548' title='bbox 1293 2769 1443 2811; x_wconf 75' lang='lat' dir='ltr'>cmtdens]</span> <span class='ocrx_word' id='word_1_549' title='bbox 1469 2770 1652 2806; x_wconf 79' lang='lat' dir='ltr'>Etheocles</span> 
     </span>
    </p>
   </div>
  </div>
 </body>
</html>
