1878 3164
280 227 392 270 1952

325 333 388 364 162
415 330 544 363 Versare
570 330 605 361 in
624 329 777 369 sanguine
797 328 881 369 vidi]
896 329 978 361 :Po-

279 382 349 414 tior
371 386 423 412 est
445 381 649 421 scriptorum
675 380 835 411 librorum
852 378 976 410 lectio:

277 432 402 472 lapsare
414 430 447 461 in
462 429 615 469 sanguine
630 429 704 461 vitii.
730 429 857 460 Noster
868 428 927 460 lib.
940 437 978 459 v.

276 483 288 500 ⁶
307 481 375 512 vidi
398 481 530 521 lapsare
557 484 707 511 cruentae
724 479 873 510 Vulnere
894 477 978 510 Mir-

280 529 459 572 mydonis!
494 529 605 561 Poeta
633 529 813 569 princeps:
841 530 850 546 ‘
868 529 914 560 Et
943 528 976 558 in

278 581 387 612 multo
403 581 593 621 lapsantem
610 578 773 619 sanguine
788 577 883 610 nati.’
914 579 977 610 Ta-

276 631 368 662 citus
385 630 477 662 Hist.
494 638 518 661 ι.
540 630 550 646 ‘
564 628 793 669 Lapsantibus
818 628 916 670 equis
941 632 978 660 et

278 680 578 720 cataphractarum
594 676 769 718 pondere.’
793 677 891 708 Bern.

323 731 386 760 166
408 727 617 767 Librabatque
644 726 760 766 metus]
787 726 980 758 Dubitabat

277 777 337 809 cni
347 776 581 817 magis‚'1*ydei
594 776 753 809 cadaveri
765 786 807 808 an
817 776 980 818 Adrasto,

276 828 486 860 subveniret.
511 827 657 859 Laetam.

324 880 385 909 170
409 875 581 916 Βευοεεηι]
605 876 729 908 Utrum
753 885 790 907 se
816 876 900 908 socii
927 876 978 908 sui

279 927 383 959 validi
407 932 570 959 revocent
592 936 612 958 a
632 927 844 967 protegendo
867 927 978 968 Tydei

278 977 459 1010 cadavere.
494 977 592 1008 Idem.

323 1030 386 1059 178
399 1028 564 1067 Victorque
573 1027 709 1058 ululatus
718 1025 855 1066 inerrat]
871 1025 977 1059 Quid-

278 1079 315 1111 ni
332 1089 409 1112 cum
426 1080 574 1120 scriptis,
596 1080 724 1111 aderrat
743 1082 756 1110 ?
787 1079 837 1110 Ut
860 1080 872 1097 ‘
888 1079 977 1111 acci-

279 1129 363 1160 dere
389 1129 432 1161 ad
463 1128 582 1160 aures'
607 1139 723 1161 vocem
748 1129 803 1160 vel
832 1129 977 1161 sonitum

279 1178 409 1211 dicunt.
455 1178 601 1210 Verbum
628 1183 744 1211 exstat
770 1182 807 1210 et
833 1179 869 1210 in
896 1179 977 1211 Sur-

279 1229 436 1260 rentino:
460 1229 470 1246 ‘
485 1233 520 1260 et
537 1228 655 1260 blandi
677 1228 825 1269 scopulis
844 1228 975 1270 delphi-

278 1287 339 1310 nes
356 1279 536 1311 aderrant.’
560 1279 700 1310 Gronov.
966 1292 969 1294 ·

320 1330 383 1359 182
407 1328 481 1359 Sive
498 1330 645 1368 gradum,
658 1338 711 1359 seu
719 1329 818 1367 frena
837 1328 976 1370 effunde-

275 1378 339 1419 ret]
376 1379 500 1410 Mens:
522 1378 602 1410 Sive
625 1378 742 1419 pedes,
770 1379 842 1410 sive
871 1388 976 1421 eques

274 1434 491 1470 sequeretur.
561 1428 760 1469 Sequentia
779 1428 976 1468 interpunc-

278 1479 371 1510 tione
384 1478 433 1510 sic
442 1478 595 1509 illustro:
623 1478 734 1518 ingens
743 1477 850 1509 Limes
863 1479 977 1510 utrim-

276 1538 337 1569 que
359 1530 472 1560 datus.-
502 1537 653 1568 nusquam
680 1537 781 1569 arma,
811 1537 978 1569 manusque

275 1579 450 1621 quiescant,
463 1579 580 1621 (Nulla
589 1579 650 1611 vir-1·-
651 1578 795 1621 feritas).
815 1579 976 1612 Bernart-

321 1632 389 1662 183.
399 1630 562 1670 Nusquam
574 1640 674 1671 arma,
688 1630 869 1670 manusque]
887 1630 975 1662 Nus-

277 1689 376 1721 quam
406 1683 486 1711 sunt
507 1680 580 1720 jam
617 1680 690 1720 ejus
720 1689 826 1717 arma,
849 1680 977 1721 jacula,

275 1739 389 1770 enses,
403 1735 439 1761 et
455 1729 618 1771 quicquid
635 1739 751 1761 manus
775 1729 907 1761 vibrare
923 1740 976 1762 so-

275 1780 360 1811 lent.
396 1780 564 1811 Miraculo
580 1779 643 1810 hoc
660 1783 799 1820 stupent
812 1780 976 1820 Thebani,

277 1829 369 1861 nulla
398 1829 473 1869 ejus
499 1838 574 1859 esse
601 1838 707 1868 arnna,
737 1832 773 1859 et
801 1828 975 1869 quiescere

277 1887 407 1910 manus.
435 1878 505 1910 Vet.
523 1878 690 1909 Scholiast.

320 1930 381 1959 185
417 1927 547 1968 Impune
572 1927 733 1968 lacessere]
768 1928 975 1961 Delectabat

275 1977 453 2009 Thebanos
475 1987 595 2009 secure
621 1978 785 2009 insultare
804 1978 975 2011 cadaveri.

277 2028 428 2061 Lactant-

322 2081 381 2109 195
409 2079 522 2110 Gloria
533 2079 616 2120 luco]
636 2079 692 2110 De
708 2079 888 2111 venatione
900 2080 974 2122 glo-

274 2128 339 2168 ria,
356 2133 415 2160 aut
431 2129 473 2161 de
489 2129 570 2161 ferae
594 2129 839 2170 magnitudine.
882 2131 975 2163 Luco

274 2188 358 2210 vero
375 2184 435 2211 aut
451 2181 570 2212 Dianae
587 2186 647 2212 aut
662 2180 792 2212 Silvani
807 2180 876 2212 alia
897 2185 977 2212 sunt

275 2239 350 2270 quae
366 2228 525 2270 figuntur,
551 2232 617 2262 alia
639 2241 715 2272 quae
739 2241 759 2262 ιι
782 2231 975 2271 pastoribus

274 2280 477 2320 templorum
491 2281 590 2312 tholis
600 2281 866 2321 suspenduntur.
884 2282 975 2312 Deu-

221 2353 227 2358 ,
275 2332 329 2359 tes
353 2333 390 2359 et
411 2338 538 2360 cornua
554 2329 716 2370 figuntur,
734 2331 841 2370 pelles
858 2336 893 2362 et
909 2331 975 2362 alia

274 2377 537 2417 suspenduntur,
553 2385 591 2410 ut
603 2380 725 2418 Virgil.
740 2383 749 2398 ⁴
763 2381 975 2420 Suspendive

272 2426 377 2505 tIholo‚
415 2434 473 2458 aut
510 2438 609 2460 sacra
639 2429 682 2460 ad
717 2428 858 2471 fastigia
890 2430 976 2463 fixi.’

294 2476 373 2506 dent.

314 2528 378 2557 202
413 2527 609 2567 Impediunt]
650 2527 856 2561 Retardant.
911 2529 973 2561 Fe-

270 2575 371 2615 mur]
402 2576 693 2617 Hippomedontis
723 2579 857 2610 scilicet
882 2579 972 2619 regis

271 2625 437 2658 Echionii.
471 2626 582 2666 Supra
597 2628 686 2659 enim
699 2628 743 2659 de
762 2629 831 2660 telo
846 2629 972 2661 Etheo-

269 2674 331 2705 clis
346 2674 448 2714 dixit,
472 2675 582 2707 femur
609 2678 896 2718 Hippomedontis
921 2679 972 2711 fu-

268 2722 337 2755 isse
360 2725 569 2766 transfixum‚
587 2727 676 2767 quod
702 2728 736 2758 iu
760 2728 839 2760 ae're
862 2739 971 2762 mora-

268 2777 342 2805 tum
358 2776 655 2817 transmissumque
673 2782 814 2810 tautum.
850 2780 949 2812 Idem.

742 234 884 268 NOTAE
917 233 1181 266 vmuomm
1215 234 1267 265 tu

1071 330 1134 360 207
1157 327 1311 360 Fatorum
1332 328 1479 369 &aarum
1508 326 1643 370 domat]
1675 326 1724 362 B·

1027 386 1131 418 quum
1164 376 1250 409 dicit
1281 377 1458 417 ignorasse
1490 381 1639 411 mortem
1662 377 1726 411 'do-

1026 426 1110 458 mini
1135 427 1253 468 Tydei.
1296 427 1376 459 Hoc
1402 432 1516 460 autem
1546 426 1731 459 sotum-in·

1026 477 1205 518 dignatum
1226 488 1302 510 cum
1329 477 1491 520 fremitu,
1505 478 1595 520 quod
1618 477 1726 520 ιιιιῇο-

1026 535 1098 558 rem
1125 527 1340 568 .voluptatem
1367 533 1512 569 caperet
1546 528 1648 560 herus
1681 537 1726 560 ex
1766 546 1768 549 -

1026 576 1240 618 pedestribus
1268 577 1402 618 pugnis,
1421 581 1518 610 etse
1532 586 1662 610 >vacare
1681 577 1727 610 sl-

1025 631 1139 659 neret.
1183 626 1306 668 Inepte
1317 627 1391 659 haee
1406 626 1469 659 snb
1484 628 1622 660 nomine
1638 628 1726 661 Ime-

1026 675 1103 707 tatii
1129 681 1225 707 vetus
1251 682 1428 708 enarrator
1451 676 1496 709 de
1520 677 1726 719 Ηοιιίοσὶιι-

1026 725 1163 766 telligit.
1209 726 1332 767 Neque
1352 727 1436 758 iliud
1458 736 1526 759 non
1548 723 1727 761 tanetum-

1026 785 1094 816 me,
1103 777 1193 818 quod
1209 784 1332 818 equum
1343 777 1567 818 dicavlugere
1581 782 1727 811 mortem

1026 825 1165 859 domini.
1207 826 1256 858 At
1273 836 1338 858 non
1358 827 1560 870 loquebatur
1583 823 1728 868 latitabi-

1026 886 1069 908 no
1095 876 1276 917 Papinius,
1301 886 1377 908 cum
1403 877 1598 910 scribente
1626 876 1727 910 Fut-⁴

1025 927 1251 968 mmignarum
1264 928 1392 959 domini.
1415 927 1538 960 Barth.
1577 928 1726 961 Ρηηισιι-

1024 977 1102 1018 eem]
1126 977 1243 1010 Poetis
1261 978 1345 1010 licet
1358 978 1456 1020 equis
1472 977 1636 1010 humanos
1649 985 1727 1023 sen-

1026 1038 1080 1060 sus
1107 1028 1202 1061 dare.
1249 1028 1344 1061 Dicit
1365 1037 1449 1070 ergo
1469 1028 1580 1061 Poeta
1599 1037 1726 1071 equ-n

1026 1078 1138 1119 Tydei
1166 1078 1313 1110 doluisse
1348 1083 1501 1111 mortem·
1520 1078 1727 1116 domiai,·nt

1025 1128 1149 1169 virgil.
1179 1129 1189 1146 ‘
1204 1128 1292 1159 Post
1314 1127 1457 1160 bellator
1477 1137 1584 1170 equus
1606 1129 1727 1170 positis

1025 1177 1218 1219 insignibus
1253 1178 1377 1210 AEthon
1403 1177 1451 1210 It
1489 1177 1727 1221 lachrymam-3

1026 1227 1193 1260 Laetam.

1069 1279 1133 1308 208
1164 1278 1355 1320 audentior]
1402 1278 1527 1311 Fretus
1568 1257 1725 1321 Hopleus

1027 1326 1152 1358 auxilio
1178 1328 1256 1369 equi
1285 1328 1435 1360 audebat
1460 1328 1602 1361 hostiles
1630 1328 1728 1371 podl-

1027 1380 1099 1407 tutn
1114 1381 1272 1408 catervas
1287 1377 1466 1418 impetere.
1487 1379 1590 1411 Idem.
1633 1395 1639 1406 a

1069 1429 1143 1458 209
1150 1427 1243 1459 Nova
1253 1421 1427 1470 ponderat]
1436 1429 1726 1471 Hippomedonta.

1028 1478 1127 1509 Idem.

1070 1531 1134 1560 213
1167 1511 1331 1562 Satiabere
1353 1531 1475 1572 campo]
1523 1531 1643 1564 Cursu
1670 1504 1725 1564 vel

1029 1584 1142 1619 pastu
1165 1580 1265 1611 Idem.

1070 1632 1133 1660 215
1151 1630 1336 1671 Extorrem]
1358 1631 1400 1663 In
1414 1615 1516 1664 exilio
1530 1631 1727 1673 degentem,

1028 1678 1123 1719 quasi
1145 1678 1240 1720 eujus
1268 1680 1387 1711 umbra
1409 1686 1537 1712 careat
1548 1682 1658 1723 patria
1670 1692 1724 1714 se-

1027 1729 1174 1769 pultura.
1218 1730 1293 1762 Neu
1307 1732 1484 1772 usqueque]
1500 1731 1556 1763 ,Ut
1567 1741 1643 1764 eum
1658 1742 1724 1775 ego

1024 1778 1219 1819 relinquens
1235 1780 1307 1811 laesi
1323 1789 1439 1812 manes
1455 1781 1581 1823 Tydei.
1612 1783 1713 1815 Iden.

1066 1829 1131 1858 218
1154 1827 1299 1860 Fulmine
1315 1828 1456 1870 raptum]
1480 1830 1634 1872 Intelligi
1650 1833 1726 1870 vult
1763 1832 1765 1834 ’

1024 1875 1135 1908 Poeta
1155 1877 1412 1910 exhortationes
1434 1879 1724 1920 Hippomedontis

1024 1935 1146 1968 equum
1171 1927 1331 1967 sensisse,
1354 1938 1431 1960 cum
1454 1927 1557 1970 fingit.
1581 1938 1674 1962 enmj
1688 1932 1723 1962 in

1026 1978 1210 2010 vindictam
1240 1978 1367 2011 domini
1394 1983 1498 2011 tantae
1530 1980 1724 2013 velocitatis

1023 2028 1202 2060 nimietate
1219 2035 1428 2069 correptum.
1452 2030 1551 2061 Idem.
1580 2045 1582 2048 ·

1064 2080 1129 2110 219
1151 2078 1278 2111 Similes
1292 2078 1441 2120 habenas]
1473 2081 1550 2112 Non
1574 2080 1724 2122 impares

1024 2126 1151 2159 domini
1175 2130 1312 2161 viribus.
1356 2129 1508 2162 Habem
1528 2131 1628 2162 enim
1645 2140 1722 2197 pro

1023 2182 1159 2209 rectore
1175 2179 1300 2219 posuit.
1323 2179 1423 2212 Idem.
1586 2184 1588 2188 '

1066 2230 1127 2259 221
1152 2229 1275 2269 Ipsum]
1311 2229 1452 2261 Partem
1462 2230 1721 2272 Centaurique

1022 2277 1191 2308 homiuem
1208 2277 1361 2319 praeiert.
1386 2279 1486 2311 Idem.

1064 2330 1128 2358 222
1157 2328 1307 2368 Campus]
1341 2328 1525 2370 Subandis,
1553 2329 1721 2362 tremiscit

1023 2377 1178 2418 equinam
1194 2382 1326 2418 partem
1342 2378 1503 2410 semiferi.
1535 2379 1634 2412 Idem.
1691 2406 1693 2408 .
1711 2404 1716 2410 .

1063 2429 1125 2458 223
1150 2427 1210 2458 Ille
1226 2428 1336 2469 super]
1363 2426 1618 2469 Hippomedon.
1652 2430 1720 2461 Nec

1020 2476 1128 2517 opina]
1167 2477 1255 2511 Quia
1291 2478 1442 2510 maxima*
1473 2479 1665 2512 celeritate.
1683 2485 1722 2512 et

1021 2529 1136 2560 subito
1152 2539 1215 2560 nec
1229 2529 1408 2569 opinantes
1423 2531 1606 2571 oppressit.
1642 2531 1695 2566 Id.
1708 2549 1715 2559 ·

1020 2610 1022 2613 f
1062 2581 1127 2610 224
1153 2579 1286 2619 Linquit
1313 2580 1451 2620 truncos]
1486 2581 1596 2612 Tanta
1629 2583 1719 2614 uele-

1023 2629 1125 2660 ritate
1149 2629 1293 2669 rapitur,
1315 2636 1354 2661 ut
1383 2629 1505 2662 decisis
1534 2631 1718 2672 capitibus,

1004 2696 1007 2701 ·
1022 2680 1114 2720 prius
1141 2678 1214 2719 ipse
1244 2678 1343 2719 absit,
1368 2689 1467 2721 quam
1497 2685 1621 2722 trunca
1643 2690 1719 2713 cor-

1021 2738 1103 2769 pora
1128 2729 1162 2759 in
1194 2733 1319 2760 terram
1345 2730 1479 2767 cadant.
1501 2755 1504 2757 Α
1524 2731 1592 2762 Vet.
1615 2729 1719 2764 Sem.

1020 2779 1100 2810 Post
1112 2783 1206 2819 terga
1218 2778 1375 2818 cadentes]
1387 2805 1392 2810 .
1408 2780 1523 2812 Tanta
1532 2780 1718 2821 celeritate
