1878 3164
284 218 398 262 1900

279 324 290 351 ‘-
310 327 463 356 versatur
477 324 585 355 ahena
599 321 755 355 casside!
790 322 889 363 Virg.
903 325 913 341 ⁸
926 321 984 354 de-

282 378 482 415 tectamqne
505 385 595 407 aerea
619 378 743 405 sortem
768 371 916 413 Accepit
931 382 986 412 ga-

282 424 361 457 lea!
386 426 430 457 Et
445 425 637 466 AEschylns:
652 422 750 464 Τρίτῳ
760 422 823 464 ’γὰρ
833 421 986 462 Ἐτεόκλῳ

279 474 382 515 τρίτος
402 473 504 506 πάλος
523 475 574 514 Ἐξ
594 473 701 505 ὑπτίου
717 472 855 510 πήδησεν
869 471 986 513 εὐχάλ-

280 536 337 556 κου
365 523 503 566 κράνους.
547 525 705 566 Denique
736 523 913 565 Augustus
942 534 985 556 ex

282 576 542 617 Magistratibus
566 575 739 618 (exeeptis
764 575 985 617 Consulibus)

280 625 446 665 singulos,
471 636 513 658 ex
541 626 669 657 Senatu
687 629 737 657 15.
762 630 853 656 sorte
870 625 984 666 legere

279 676 401 708 solitus
426 681 514 713 erat,
530 676 586 718 qui
607 685 671 717 per
686 685 747 707 sex
765 682 895 706 menses
919 675 984 706 sibi

280 727 316 758 in
343 727 487 762 consilio
509 731 635 759 essent.
680 726 772 758 Hinc
799 726 984 758 Suetonius

276 786 358 818 cap.
376 781 429 809 35.
469 778 479 795 ‘
495 778 638 818 Sibique
666 777 816 808 instituit
841 776 984 808 consilia

278 828 395 860 sortiri
419 829 610 868 semestfia,
626 837 701 860 cum
719 827 839 870 quibus
863 827 906 859 de
926 837 984 859 ne-

279 877 382 918 gotiis
406 878 449 909 ad
478 878 692 920 frequentem
715 878 878 909 Senatum
900 876 984 909 refe-

278 927 395 959 rendis
412 933 491 959 ante
506 926 695 959 tractaret.’
731 926 788 958 Ita
804 927 899 958 initio
912 937 921 958 :
933 940 935 942 ·
947 931 983 960 at

280 982 401 1018 postea
418 983 453 1009 et
469 987 644 1010 numerum
668 977 764 1008 auxit
784 983 820 1008 et
834 976 983 1008 authori-

279 1033 408 1067 tatem3
435 1038 512 1060 nam
537 1031 590 1059 20.
613 1028 727 1067 electi,
743 1031 779 1058 et
802 1031 983 1067 statutum,

279 1080 320 1108 ut
335 1087 558 1119 quaecumque
573 1086 648 1108 cum
664 1076 716 1107 his
732 1080 767 1108 et
783 1076 983 1108 Consulibus

278 1128 422 1170 egisset,
444 1134 517 1160 rata
533 1131 661 1168 essent,
676 1137 742 1158 non
758 1127 866 1158 minus
881 1137 982 1169 quam

278 1178 307 1210 si
333 1178 367 1210 in
393 1178 522 1210 Senatu
550 1182 627 1209 acta
657 1176 824 1208 fuissent:
848 1181 982 1217 tempus

276 1228 381 1260 etiam
402 1238 463 1260 sex
479 1228 658 1267 mensium,
675 1236 823 1258 annuum
839 1226 981 1259 factum.

276 1278 345 1310 Dio
371 1278 428 1311 lib.
445 1287 527 1311 mu.
553 1282 588 1310 et
613 1286 687 1310 nv.
710 1277 844 1309 author.
879 1276 982 1309 Ber-n.

277 1329 436 1360 Protheus
464 1328 622 1369 versarat]
657 1327 863 1368 Ignorabilis
891 1328 981 1359 anti-

276 1378 351 1420 quis
366 1378 423 1410 ille
439 1378 608 1410 Protheus.
644 1377 786 1409 Scribe:
816 1377 982 1411 Prothous.

275 1428 333 1460 Sic
354 1428 575 1468 membranae,
594 1432 631 1460 et
652 1428 716 1459 hoc
742 1427 878 1459 nomine
904 1438 980 1460 cum

276 1479 358 1511 alibi
373 1479 506 1511 Statius
523 1483 595 1510 tum
615 1479 787 1510 Homerus
803 1482 841 1509 et
856 1478 979 1519 passim

276 1529 397 1561 Poetae
416 1532 569 1560 utuntur.
604 1527 762 1559 Gronov.-

317 1582 381 1611 404
422 1579 618 1621 Tyrrhenum
654 1576 810 1618 murmur]
846 1552 978 1610 Tubarn

274 1628 458 1670 significat,
468 1638 568 1670 quam
581 1628 714 1659 Meleus
725 1628 977 1668 Tyrrhenorum

272 1678 464 1720 imperator
477 1679 603 1719 primus
620 1678 748 1710 invenit
762 1689 770 1709 :
789 1688 810 1709 a
825 1688 890 1719 qua
905 1679 977 1719 opi-

273 1729 374 1762 nione
391 1738 455 1761 nec
468 1730 565 1770 Virg.
583 1729 770 1770 discrepat,
782 1738 857 1760 cum
871 1729 976 1761 dicit:

273 1781 284 1798 ‘
309 1779 575 1821 Tyrrhenusque
614 1778 703 1810 tubae
738 1779 872 1820 mugire
914 1789 978 1853 per

274 1830 404 1862 aethera
421 1829 581 1870 clangor!
605 1829 753 1861 Lactant.

315 1882 381 1912 407
404 1880 663 1921 Minor-impetun
678 1879 763 1921 igm']
802 1879 913 1912 Praeit
933 1849 976 1912 ad

272 1930 385 1967 aliam,
412 1934 448 1962 et
479 1939 562 1961 sane
590 1930 757 1962 veriorem
792 1930 976 1964 lectionem

272 1981 368 2022 Lips.
394 1981 542 2022 scriptus
574 1980 659 2012 liber
682 1980 783 2012 minor
803 1983 862 2021 eet,
885 1981 977 2012 Jovis

271 2031 405 2073 impetus
436 2031 529 2072 igni:
566 2032 644 2073 lego
680 2035 716 2063 et
746 2031 975 2073 interpungo:

273 2083 284 2100 ⁴
301 2081 469 2114 Amnibus
497 2082 660 2123 hybernis
687 2082 796 2113 minor
823 2087 859 2114 et
878 2081 975 2114 Jovis

271 2133 420 2174 impetus
451 2132 548 2173 igni!
590 2132 719 2173 optima
753 2132 820 2164 ista
849 2137 975 2165 mente.

271 2183 398 2224 Majori
416 2183 548 2224 impetu
559 2182 760 2214 ferebantur
772 2182 864 2223 equi,
875 2191 974 2224 quam

270 2233 432 2274 hybernis
475 2231 684 2272 temporibus
722 2230 876 2272 flumina,
915 2235 975 2264 aut

273 2294 374 2326 quam
390 2283 500 2324 ipsum
517 2282 657 2314 fulmen.
682 2282 782 2314 Ber-n.

273 2357 276 2360 -
314 2336 378 2366 408
405 2333 540 2364 Tardius
552 2335 640 2363 astra
653 2331 783 2372 cadunt]
804 2330 976 2363 Parabola.

270 2393 335 2426 per
355 2383 578 2425 hyperbolen,
593 2391 669 2423 quae
686 2387 767 2414 tunc
781 2381 974 2420 adhibetor,

271 2443 349 2466 cum
366 2443 429 2465 nec
445 2433 504 2465 illa
520 2432 657 2473 quidem
677 2441 753 2473 quae
777 2441 975 2472 comparan-

271 2490 328 2516 tur
351 2483 395 2515 ad
426 2483 679 2523 exprimendam
704 2480 973 2519 vsimilitudinem

270 2544 369 2576 posse
416 2531 572 2565 sufficere
620 2532 768 2573 scriptor
815 2531 974 2568 affirmat.

275 2585 473 2617 Lactantius.

294 2637 375 2666 *413
413 2634 478 2665 Vim
503 2633 588 2666 inter
615 2632 698 2674 sese]
745 2633 864 2667 Ordo:
903 2634 973 2667 Vix

269 2693 344 2716 sese
361 2683 753 2718 internoscant,clamore
769 2686 805 2715 et
816 2683 971 2724 nou1ine3

268 2737 331 2767 aut
349 2733 437 2764 enim
467 2731 648 2764 confundit
678 2733 826 2764 clamore
853 2743 972 2766 sonum

265 2783 497 2827 spectantium
516 2782 713 2825 multitudo,
736 2788 796 2818 aut
810 2782 970 2829 frequen.

740 228 883 259 NOTAE
914 227 1179 259 vARmRuM
1215 227 1267 258 ΙΝ

1034 325 1091 353 ter
1117 320 1316 361 increpitat,
1341 319 1440 360 cujus
1465 317 1564 352 favor
1584 322 1665 352 anto
1680 328 1737 353 vc·-

1036 371 1110 403 nit:
1140 377 1322 412 utrumque
1348 374 1461 401 autem
1500 369 1735 402 turbationem

1036 422 1129 454 facit.
1154 423 1251 454 Idem.

1077 474 1141 504 414
1164 473 1315 504 Ευοὶυενε
1334 471 1475 512 globum]
1512 470 1567 503 Id
1578 475 1651 511 est,
1659 470 1735 513 pri—

1035 532 1121 553 mam
1138 527 1262 553 metam
1282 522 1500 553 transierunt.
1528 521 1628 553 Idem.
1644 526 1648 532 '

1077 574 1141 603 418
1167 571 1307 613 Repetit]
1347 572 1537 613 Dispergit,
1565 571 1735 605 dissolvit.

1036 623 1136 654 Idem.

1076 674 1141 704 419
1163 672 1311 704 Albentes
1335 672 1467 715 nimbos]
1499 672 1665 715 Spumas
1674 676 1735 739 aut

1034 721 1187 754 sudores.
1212 723 1312 755 Idem.
1636 731 1640 745 ²

1037 800 1039 802 .
1076 775 1140 804 423
1160 773 1298 814 Oleniis]
1315 758 1474 805 Olenium
1486 772 1646 807 Arcadiae
1656 742 1735 815 opi-

1035 823 1127 863 dum,
1153 824 1242 855 unde
1268 824 1425 856 Oleniam
1451 831 1590 866 capram
1606 825 1735 856 volout

1034 875 1152 916 fuisse,
1175 876 1273 909 ,lovis
1304 876 1487 907 nutricem.
1528 875 1632 908 ·Ha›c
1656 879 1734 907 cum

1032 925 1111 957 filiis
1127 926 1195 957 suis
1207 926 1298 957 inter
1313 925 1426 957 sidera
1440 929 1582 966 recepta
1596 928 1661 964 est,
1671 931 1735 958 'cu-

1027 975 1087 1016 jus
1103 975 1204 1016 sydus
1227 973 1438 1006 imbriferum
1461 974 1596 1008 dicitur.
1632 973 1734 1007 Unde

1035 1026 1128 1068 virg.
1166 1028 1348 1061 ‘Quantus
1372 1027 1415 1058 ob
1443 1034 1567 1058 occasu
1593 1026 1733 1059 veniens

1031 1077 1234 1118 pluvialibus
1268 1077 1377 1109 haedis
1412 1077 1602 1110 Verberat*
1624 1077 1734 1110 imber

1031 1127 1192 1160 humum!
1227 1129 1292 1160 Est
1317 1136 1398 1167 ergo
1425 1127 1556 1168 signum
1575 1123 1732 1170 hyemale

1030 1176 1220 1219 Aquarium
1244 1187 1412 1219 sequens:
1438 1177 1523 1209 dicit
1537 1177 1643 1218 igitur
1656 1186 1732 1209 ver-

1031 1227 1147 1260 berum
1175 1229 1394 1261 crebritatem
1424 1227 1579 1260 assiduos
1605 1221 1732 1261 imm-3⁹·

1030 1288 1130 1320 posse
1142 1289 1318 1320 superare.
1353 1279 1450 1311 Idem.
1628 1291 1631 1295 <

1070 1332 1135 1362 424
1173 1330 1346 1369 Proesagus
1378 1328 1502 1369 Arion]
1541 1329 1730 1362 Divinandi

1029 1379 1173 1411 scientia
1187 1379 1364 1421 praeditus.
1394 1380 1465 1412 Vee.
1481 1379 1590 1412 δάιοι
1623 1380 1730 1422 Equis

1030 1429 1190 1461 Heroicis
1227 1430 1313 1462 talia
1349 1430 1456 1462 tribui
1495 1434 1664 1462 notatum*
1686 1430 1730 1463 ad

1030 1479 1150 1512 Claud.
1181 1480 1224 1511 de
1258 1480 1375 1522 Raptu
1405 1481 1569 1522 Proserp.
1598 1481 1659 1514 lib.
1684 1489 1730 1515 n.

1028 1529 1103 1571 ipso
1120 1530 1186 1563 fine
1202 1536 1322 1563 contra
1333 1531 1404 1565 Jul.
1417 1531 1541 1574 Scalig.
1564 1532 1618 1564 De
1631 1530 1731 1565 Ario-

1028 1589 1071 1611 ne
1088 1590 1202 1622 supra.·
1231 1582 1404 1622 Praesagus
1419 1582 1666 1623 praedivinator
1676 1579 1730 1615 se-

1028 1630 1175 1662 cundum
1193 1632 1286 1663 Fest.
1310 1636 1346 1663 et
1369 1631 1527 1664 Ciceron.
1543 1632 1587 1664 de
1604 1642 1670 1674 quo
1686 1632 1730 1666 ad

1028 1682 1155 1712 vs.·l9.
1197 1680 1287 1712 Belli
1318 1681 1434 1713 Getici
1461 1681 1550 1723 apud
1581 1683 1728 1715 eundem

1028 1729 1205 1763 claudian.
1230 1732 1240 1749 ‘
1259 1730 1570 1773 Arborepraesaga
1594 1732 1727 1766 tabulas

1026 1781 1192 1812 animasse
1207 1781 1393 1824 loquaces!
1416 1782 1534 1814 Barth.

1069 1832 1133 1862 430
1143 1845 1146 1847 >
1158 1830 1380 1871 Circumspicit
1393 1831 1492 1872 omni]
1514 1831 1555 1863 Id
1569 1836 1649 1873 vest,
1665 1842 1726 1874 pro

1026 1880 1117 1912 omni
1146 1890 1268 1922 campo
1296 1881 1603 1923 circumspiciendo
1631 1882 1728 1924 facit,

1025 1931 1090 1962 huc
1133 1936 1237 1973 atque
1287 1931 1369 1963 illuc
1412 1931 1729 1966 circumcurrendo*-

1025 1982 1172 2014 Lactant.
1237 2003 1239 2005 -
1406 1993 1409 1996 ·

1067 2035 1132 2065 436
1157 2033 1299 2066 Chromis
1312 2035 1416 2076 asper]
1437 2034 1599 2068 Herculis
1613 2035 1725 2070 filius.

1025 2083 1266 2125 Hippodamus
1282 2084 1566 2118 OEnomaifilius.
1584 2087 1684 2138 Idem
1717 2099 1719 2102 ⁴
1778 2083 1784 2087 ’

1067 2136 1131 2166 437
1155 2135 1240 2166 Mole
1259 2135 1418 2176 tenentur]
1445 2136 1493 2168 Ut
1515 2136 1639 2178 virgil.
1662 2147 1726 2170 me-

1024 2184 1087 2217 lior
1100 2186 1195 2216 remis
1214 2185 1272 2217 sub
1292 2187 1427 2226 pondere
1446 2186 1540 2227 pinus
1559 2187 1663 2219 Tarda
1677 2191 1724 2221 te-

1023 2238 1088 2268 net.
1111 2235 1220 2268 Idem.

1066 2288 1130 2318 438
1153 2286 1340 2319 Incenditur
1364 2287 1456 2328 aura]
1479 2286 1522 2318 Id
1544 2291 1598 2320 est
1619 2297 1724 2330 equo-

1025 2345 1098 2367 rum
1114 2335 1240 2369 afflatu.
1262 2337 1362 2369 Idem.

1067 2387 1131 2418 440
1154 2385 1299 2426 Sperarit
1310 2387 1411 2427 flexa
1429 2386 1557 2429 circum,
1571 2387 1640 2430 Esca]
1663 2387 1724 2421 Ar-

1025 2436 1111 2468 ludit
1136 2436 1180 2467 ad
1205 2446 1334 2469 morem
1357 2436 1596 2478 quadrigarum
1617 2439 1725 2471 curri-

1024 2485 1136 2518 culum
1168 2485 1393 2526 agitantium:
1432 2487 1543 2519 solent
1567 2487 1617 2519 illi
1646 2488 1723 2520 dili.

1024 2541 1162 2576 gentem
1201 2545 1339 2577 operam
1375 2536 1470 2577 dare,
1494 2547 1562 2579 quo
1596 2542 1723 2571 metam

1024 2586 1193 2626 attingere
1207 2586 1342 2628 quidem
1359 2586 1569 2628 viderentur,
1581 2589 1641 2620 sed
1655 2599 1723 2622 non

1024 2640 1213 2675 tangerent.
1264 2635 1452 2668 Horatius:
1489 2638 1603 2670 ‘Sunt
1635 2649 1722 2680 quos

1022 2685 1191 2719 curriculo
1215 2685 1390 2726 pulverem
1409 2686 1627 2727 Olympicum
1643 2689 1724 2721 col.

1022 2735 1144 2774 legisse
1164 2734 1279 2775 juvat,
1295 2740 1454 2777 metaque
1477 2735 1618 2770 fervidis
1640 2739 1725 2773 Evi-

1024 2788 1097 2821 tata
1112 2783 1219 2820 rotis?
1243 2784 1466 2822 Theocritum
1489 2786 1592 2832 Idyll.
1608 2796 1718 2826 κων,
