1878 3164
306 238 419 283 2020

347 346 412 377 284
448 344 528 381 Quoe
560 354 646 377 mem
673 345 812 377 attraxit
836 345 1007 388 Achillem]

305 394 452 427 Membr.
473 396 628 428 detraxit.
670 396 716 428 Et
728 396 776 427 sic
788 395 901 428 Schol.
917 396 1006 437 ‘quoe

302 445 403 486 mens]
424 446 514 488 quod
530 446 720 478 consilium.
742 448 791 478 de.
794 446 809 487 ]
824 447 1005 488 mitigavit.

301 495 404 536 indm]
430 495 603 528 difficilem
623 495 739 529 flecti?
761 497 877 539 Fregit
892 507 932 529 ac
948 497 1005 529 de-

302 547 439 588 pressit·
465 546 567 580 Gron.
900 553 904 556 '

345 599 408 628 285
435 597 564 629 Palladi
589 597 738 638 littoreae]
769 597 924 629 Palladis
949 607 1002 630 sa-

300 645 434 679 crificia
449 656 469 678 a
483 647 605 688 puellis
621 646 899 687 celebrabantur,
914 647 1003 689 quod

302 705 345 728 ea
365 695 464 729 Jovis
485 695 554 727 filia
569 700 606 727 et
618 696 717 737 virgo
725 700 769 728 et
784 696 928 737 innupta
941 707 1003 738 pu-

301 745 454 779 tabatur.
497 745 666 787 Littoreoe]
704 747 792 778 Nam
821 747 856 778 in
885 746 1003 780 littore

301 797 465 838 templum
476 800 553 829 erat
561 796 727 834 Palladis,
736 801 775 829 ut
783 795 871 828 infra
882 806 891 827 t
902 797 912 815 ‘
924 798 1005 839 Scy-

302 856 357 879 ros
380 851 469 885 erat,
495 846 690 888 placidique
716 856 821 888 super
849 848 1005 880 Tritonia

300 900 419 929 custos
444 895 608 928 Litteris!
651 897 748 928 Diem
773 897 936 939 honorum]
961 897 1003 930 ld

301 949 355 978 est
368 945 624 978 sacrificiorum.
650 946 835 979 Britannic-

342 999 407 1029 289
430 996 578 1028 floribus
588 995 725 1037 hastam]
740 996 889 1038 Thyrsos
904 997 1004 1030 intel-

299 1046 399 1087 ligit:
421 1046 578 1079 Juatinus
602 1047 750 1087 epistola
765 1047 808 1078 ad
823 1047 951 1079 Zenam
968 1052 1004 1080 et

301 1097 471 1129 Zerenum
485 1106 494 1127 t
509 1095 633 1139 *Ὠσπερ
649 1097 681 1128 αἱ
704 1095 826 1138 βάκχαι
850 1098 899 1130 διὰ
922 1098 1002 1139 σχή-

297 1157 397 1185 ματος
408 1145 557 1188 εἶρηνικὸῦ
569 1146 626 1179 τὰς
646 1145 773 1187 λόγχας
796 1148 830 1180 ἐν
851 1149 917 1180 τοῖς
937 1147 1003 1190 θύρ-

298 1205 366 1228 σοις
388 1195 611 1238 περιφέρουσιν.
658 1197 751 1229 Velat
780 1198 918 1230 Baccha
944 1207 1002 1239 per

298 1246 431 1287 speciem
465 1246 662 1287 habitumque
695 1247 783 1288 pacis
817 1248 940 1279 lanceas
967 1248 1001 1279 in

302 1297 433 1339 Thyrsis
464 1297 699 1338 circumferunt.
746 1297 815 1329 Adi
852 1297 1000 1330 Plinium

297 1347 358 1378 lib.
384 1355 463 1379 xvx.
491 1356 524 1379 c.
547 1349 601 1380 36.
649 1348 786 1389 Thyreae
811 1347 896 1379 nihil
925 1352 1001 1380 erat

300 1407 404 1439 quam
429 1398 530 1429 hasta
558 1396 739 1429 frondibus
768 1402 806 1430 et
833 1398 1000 1440 pampinis

299 1447 467 1485 involuta,
479 1448 607 1490 absque
621 1447 726 1480 ferro.
743 1449 896 1481 Bernart.
932 1448 1001 1481 sed

297 1497 460 1531 Barthius
499 1498 572 1529 vult
607 1498 811 1530 Armaturam
846 1498 1002 1532 Minervae

297 1546 438 1580 floribus
468 1557 643 1589 aspersam
671 1548 820 1580 Statium
847 1548 1003 1580 intellex-

296 1607 376 1630 isse.

339 1651 402 1680 293
428 1649 588 1685 Quantum
607 1647 738 1688 uirides]
761 1647 915 1679 Maxima
929 1647 1002 1688 pul-

296 1699 455 1734 chritudo
472 1698 678 1737 Deidamiae,
693 1707 769 1740 quae
791 1702 923 1729 tantum
947 1707 1002 1729 su-

297 1748 446 1789 perabat
460 1758 593 1780 sorores
610 1751 772 1789 quantum
788 1748 905 1778 Venus
930 1747 1003 1788 ipsa

297 1798 467 1831 Nereidas
477 1803 671 1839 superaret,
681 1798 710 1830 si
721 1798 787 1830 illis
798 1798 1002 1838 adjungere-

294 1851 365 1889 tur,
391 1852 427 1880 et
453 1853 618 1890 quantum
646 1848 758 1880 Diana
773 1848 886 1880 anteit
899 1848 1002 1880 Naia-

295 1898 458 1940 das‚qnoe
483 1902 564 1930 sunt
591 1897 734 1929 fontium
760 1902 797 1930 et
822 1896 1001 1930 fluviorum

295 1948 396 1989 Deae,
411 1949 461 1980 sic
477 1948 580 1980 dictae
593 1948 676 1990 παρὰ
687 1947 727 1981 τὸ
738 1948 811 1991 νάω,
832 1948 921 1990 quod
946 1953 1002 1982 est

285 1999 368 2039 fluo.
398 1998 589 2031 Manu-ant.

336 2050 400 2080 29⁷
416 2048 565 2089 Purpma
586 2048 695 2089 vultu]
725 2049 801 2081 Hoc
826 2048 924 2089 dicit,
957 2058 1000 2081 ex

294 2099 409 2131 vultus
430 2100 612 2140 splendore
642 2106 757 2132 vestes
782 2100 1001 2142 illuminatas,

292 2151 329 2180 et
351 2158 485 2180 omnem
507 2149 660 2190 corporis
690 2154 849 2181 ornatum
870 2149 999 2182 factum

294 2198 537 2239 pulchriorem.
560 2200 742 2232 Britannic.

337 2252 402 2281 298
425 2250 582 2283 Blandior
593 2251 684 2292 auro]
707 2251 862 2284 Blandior
884 2251 998 2293 legen-

293 2299 374 2331 dum
390 2305 455 2337 est,
473 2305 509 2332 et
522 2311 589 2333 non
605 2302 747 2333 blandius
760 2312 882 2342 aarum,
897 2307 936 2334 ut
951 2303 998 2334 sit

293 2358 433 2381 sensus:
460 2351 589 2382 Lucem
619 2351 831 2384 blandiorem
856 2361 938 2383 auro
960 2355 997 2384 et

291 2399 384 2431 omni
400 2408 599 2433 ornamento
613 2401 799 2434 accessisse
813 2411 858 2433 ex
881 2403 996 2443 splen-

292 2448 376 2481 dore
391 2450 521 2490 vultus,
543 2451 659 2493 sicque
682 2452 715 2483 iu
739 2452 853 2493 puella
876 2452 996 2484 miram

293 2499 582 2539 pulchritudinem
609 2501 779 2533 ostendit:
809 2505 863 2532 est
881 2505 996 2534 autem

293 2560 369 2582 aare
386 2551 534 2584 dativus.
554 2553 654 2584 Idem.

336 2603 402 2632 299
425 2602 494 2641 Ipsi
514 2602 609 2643 Deae]
634 2602 780 2642 Palladi,
804 2611 902 2644 quam
928 2602 996 2634 for-

294 2650 516 2682 mosissimam
548 2651 654 2684 fuisse
685 2653 842 2684 scribunt
872 2652 998 2693 poetae.

293 2700 441 2731 Pectoris
453 2710 570 2741 angues
581 2703 694 2744 ponat]
705 2702 785 2734 ,Hoc
798 2707 862 2742 est,
875 2702 902 2733 si
917 2703 997 2744 aegi-

295 2749 387 2790 dem,
402 2754 539 2791 tegmen
556 2753 687 2784 scilicet
703 2753 865 2794 pectoriS,
882 2753 915 2783 in
939 2763 996 2784 cu·

286 2799 347 2840 jus
364 2799 476 2832 medio
491 2806 598 2842 caput
614 2807 689 2836 erat
701 2802 996 2845 Gorgonis‚‚quus

762 252 903 284 NOTAE
936 252 1201 284 VARIORUM
1237 254 1286 285 m

1055 346 1172 388 capilli
1193 346 1381 389 serpentini
1396 345 1505 380 fuere.
1531 350 1570 379 et
1585 347 1668 390 aegis
1680 348 1757 391 qul»

1054 395 1132 429 dem
1155 401 1223 437 est,
1243 397 1325 429 dum
1349 397 1436 439 tegit
1459 397 1676 439 imperatori·
1695 402 1757 431 aut

1054 446 1199 479 numinis
1226 451 1363 489 pectus,
1385 448 1470 480 alias
1486 447 1620 489 thorax,
1636 449 1690 481 vel
1706 449 1755 482 lo-

1054 496 1127 528 rica
1142 502 1295 530 vocatur.
1318 499 1498 531 Matar-ant.

1095 549 1160 579 800
1183 547 1348 589 Placetur]
1370 548 1492 581 Mitior
1505 547 1575 582 fiat.
1598 522 1756 590 Empta

1051 597 1184 639 casside]
1216 598 1388 639 Deposita
1423 599 1534 640 galea.
1576 599 1758 633 Maema-

1052 648 1138 680 Cum
1165 647 1255 679 enim
1284 647 1359 681 haec
1381 648 1456 680 Dea
1476 648 1626 692 benigna
1647 649 1756 682 videri

1052 697 1174 734 voluit,
1199 697 1328 730 dicitur
1348 699 1493 740 aegidem
1523 703 1559 733 et
1586 699 1755 733 cassidem

1053 748 1262 789 deposuisse.

1097 800 1160 829 302
1186 798 1365 831 Temeratas
1375 798 1517 840 pectora]
1529 797 1755 841 synecdoche

1054 852 1120 889 est,
1138 848 1172 880 id
1190 853 1244 880 est
1260 853 1402 890 pectora
1411 858 1477 882 non
1499 849 1629 882 habeus
1644 849 1754 883 adbuc

1054 904 1235 941 temerata,
1252 900 1392 939 violata,
1406 905 1441 932 et
1457 905 1626 942 correpta.
1646 901 1754 943 Motu]

1052 949 1193 982 Scilicet
1206 951 1340 983 amoris.
1362 951 1546 984 Britannic-

1095 1003 1158 1034 303
1179 1000 1346 1042 Diriguit]
1369 1001 1572 1044 Obstupuit.
1594 1002 1695 1035 Iden.
1743 1009 1748 1019 '

1094 1053 1158 1083 304
1188 1052 1258 1083 Nee
1283 1053 1361 1084 latet
1388 1052 1518 1084 haustus
1539 1052 1641 1094 amor]
1673 1051 1752 1086 Just

1052 1109 1148 1133 amor
1174 1102 1285 1144 inquit
1311 1101 1454 1134 Achillis
1481 1102 1636 1144 patebat.
1679 1101 1755 1136 Fax

1049 1151 1189 1192 vibrata]
1210 1151 1253 1184 Id
1269 1156 1322 1184 est
1337 1161 1431 1184 amor
1453 1151 1621 1185 imminue
1643 1156 1680 1185 et
1702 1152 1752 1184 iu
1806 1151 1808 1153 ’

1050 1199 1284 1234 fusus.1‹1em.

1092 1253 1156 1283 305
1186 1251 1317 1294 Lucem]
1352 1251 1591 1293 splendorem,
1619 1256 1655 1284 et
1677 1251 1753 1294 pul

1050 1300 1287 1335 chritudinem.
1312 1303 1412 1335 Idem.

1093 1352 1157 1383 306
1182 1351 1309 1393 Tingit]
1332 1352 1384 1383 Ex
1396 1350 1683 1393 interno,mqu1t,
1697 1355 1749 1383 ar·

1051 1400 1134 1432 dore
1155 1402 1289 1441 amoris,
1311 1402 1424 1433 vultus
1438 1401 1563 1433 rubore
1577 1399 1752 1433 suffunde»

1050 1450 1174 1483 batur.
1202 1451 1305 1493 tingit
1330 1461 1425 1492 ergo,
1453 1451 1579 1484 rubore
1590 1450 1752 1493 aspergit.

1095 1553 1158 1582 307
1180 1551 1297 1583 Lactea
1310 1551 1517 1593 Massagetae]
1541 1551 1682 1593 Duplex
1697 1551 1752 1584 est

990 1611 992 1613 ·
1052 1601 1282 1641 comparatio:
1317 1601 1367 1633 sic
1389 1601 1542 1633 Achilles
1570 1600 1666 1633 vario
1694 1610 1752 1634 co*

1052 1649 1125 1680 lore
1149 1649 1254 1681 etiam
1283 1649 1434 1682 infectus
1459 1650 1562 1683 modo
1585 1650 1752 1692 pallebatss

1051 1698 1153 1730 sicuti
1183 1699 1392 1740 'Massageta
1410 1702 1413 1705 '
1429 1700 1554 1740 pocula
1584 1698 1753 1740 inficiunt,

1051 1757 1127 1779 cum
1150 1748 1311 1788 equinum
1336 1748 1535 1789 sauguinem
1556 1757 1634 1781 cum
1659 1749 1751 1781 lacte

1051 1798 1209 1838 miscent,
1232 1802 1269 1830 et
1291 1797 1574 1840 quemadmodum
1601 1799 1686 1831 ebur
1701 1799 1752 1831 ine
1783 1810 1785 1812 ·

1051 1847 1179 1890 ficitur,
1192 1858 1270 1881 cum
1282 1848 1374 1881 uotis
1385 1848 1608 1890 distinguitur
1622 1858 1751 1891 purpu-

1051 1900 1132 1940 reis,
1168 1896 1261 1942 qnod‘
1298 1899 1416 1941 Lydia
1447 1900 1605 1932 mulieres
1633 1899 1750 1933 facere

1051 1950 1219 1982 solebant.
1263 1949 1429 1982 Ovidius:
1452 1950 1463 1968 ‘
1475 1946 1631 1982 Maeonis·
1647 1950 1751 1992 Assy·

1050 2000 1137 2031 rium
1153 1999 1291 2032 foemiua
1306 1999 1408 2042 tingit
1422 1999 1531 2033 ebur!
1573 2001 1751 2042 Massage-

1052 2053 1096 2082 tae
1114 2051 1230 2092 populi
1246 2055 1326 2083 sunt
1343 2051 1494 2093 Scythias
1509 2051 1676 2084 Asiaticas
1691 2061 1751 2083 no·

1052 2099 1137 2132 biles
1152 2111 1161 2132 :
1187 2101 1211 2133 ii
1225 2111 1303 2133 cum
1318 2111 1382 2142 per
1401 2101 1542 2133 deserta
1554 2101 1750 2133 discurrunt

1050 2159 1212 2192 equorum
1234 2161 1372 2183 suorum
1387 2151 1585 2193 sauguinem
1600 2151 1635 2183 in
1650 2151 1750 2184 sinis⁴

1050 2201 1092 2232 tri
1109 2201 1207 2242 pedis
1221 2211 1308 2233 vena
1322 2201 1481 2234 haustum
1488 2201 1623 2234 bibunt.
1649 2201 1748 2234 Idem

1047 2251 1220 2283 Sarmatas
1236 2251 1384 2284 Bisaltas
1407 2260 1448 2283 ae
1473 2251 1625 2286 Gelonos
1648 2249 1750 2283 facti}

1048 2303 1138 2332 tasse
1155 2301 1308 2342 legimus.
1350 2301 1544 2334 Martialis:
1565 2301 1577 2319 ‘
1589 2301 1695 2333 Venit
1710 2304 1748 2341 et

1046 2355 1151 2391 epoto
1173 2351 1326 2383 Sarmata
1351 2355 1473 2393 pastus
1493 2350 1605 2393 equo!
1637 2350 1748 2383 Matu-

1042 2404 1127 2432 rant.

1087 2455 1151 2485 310
1184 2453 1330 2486 Flamma
1349 2452 1472 2494 reeens]
1505 2451 1626 2485 Novus
1652 2461 1747 2485 amor

1044 2506 1180 2547 hospita
1203 2515 1300 2538 sacra
1325 2504 1511 2537 discutiat:
1545 2505 1745 2537 immensam

1047 2557 1170 2589 amoris
1185 2555 1252 2587 vim
1267 2554 1429 2587 ostendit.
1450 2553 1632 2587 Britannic.

1088 2608 1151 2637 411
1177 2605 1290 2638 'I'urbae
1303 2605 1444 2647 secam]
1464 2603 1508 2636 Id
1532 2608 1586 2636 est
1608 2604 1745 2639 turbam

1047 2658 1282 2692 contemnens,
1290 2659 1451 2695 tanquam
1461 2654 1659 2695 puellarem.
1679 2654 1746 2686 Im·

1046 2714 1162 2736 memor
1172 2703 1247 2745 ceni]
1273 2703 1379 2737 Quasi
1403 2704 1528 2736 oblitus
1544 2703 1658 2736 aetatis
1671 2713 1744 2736 mu-

1046 2754 1164 2786 liebris
1193 2758 1230 2786 et
1256 2763 1378 2794 sexus;
1403 2762 1480 2785 nam
1510 2752 1666 2786 deforme
1691 2757 1745 2785 est

1045 2803 1172 2836 homini
1200 2803 1237 2836 in
1263 2813 1382 2837 sexum
1406 2804 1610 2838 muliebrem
1629 2813 1743 2844 ruere,
