1878 3164
267 217 381 259 1780

312 324 376 354 224
401 322 494 355 Nunc
517 322 675 362 geminas]
699 322 796 353 Duas
824 321 969 353 familias

270 371 454 412 signifieat,
485 371 723 403 Thebanorum
753 374 789 402 et
824 369 969 410 Argivo

272 430 358 459 rum,
374 431 515 462 qnorum
542 430 578 452 se
603 420 766 459 originem
782 419 867 451 dicit
883 421 970 451 exis-

272 476 369 503 tere:
391 471 591 511 Argivorum
609 480 628 500 a
643 470 796 508 Perseo3
820 470 969 501 Perseus

271 527 385 552 autem
407 521 504 553 Jovis
540 524 576 551 et
598 518 738 551 Danaes
770 518 858 550 filius
881 518 968 551 fnit·

271 570 511 602 Thebanorum
543 578 604 610 per
626 569 805 609 Cadmum,
828 570 885 611 qui
910 579 970 610 per

270 620 450 661 Epaphum
485 620 649 662 originem
685 614 781 651 dticit
814 630 833 652 a
868 620 969 652 Jove.

270 668 372 701 Idem.

313 721 378 750 226
406 718 527 750 Aonias
547 718 645 760 fluit]
683 717 797 750 Aones
825 719 970 751 Boeotiae

270 777 353 808 gens
369 768 543 808 indigena,
559 777 657 810 quam
670 777 745 799 cum
762 768 901 800 vicisset
913 767 971 800 ad-

270 827 360 849 vena
388 817 548 854 Cadmus,
579 817 714 857 recepit
748 817 782 848 in
813 818 969 858 gratiam,

270 867 558 908 Phoenicibusque
574 867 689 898 mistas
702 867 815 907 patria
827 867 901 898 loca
915 877 969 899 co·

270 918 345 949 lere
375 917 540 958 permisit.
584 917 741 948 Eustath.
765 916 796 947 in
826 917 968 957 Dionys.

270 977 359 999 vers.
381 970 458 1008 473.
492 966 600 999 Ἀονες
614 965 697 998 ἔθνος
711 965 867 1007 βάρβαρον
887 966 969 1004 οἲκῆ-

271 1017 333 1049 edu
365 1029 443 1049 ποτε
474 1017 507 1049 ἐν
533 1016 672 1059 Βοιωτίᾳ.
716 1017 851 1048 Thebas
882 1017 968 1049 Cad-

270 1077 381 1100 meam
403 1077 479 1099 cum
500 1065 663 1098 inferiore
678 1066 806 1107 oppido
821 1066 969 1107 jungen-

271 1120 322 1149 tes
339 1117 516 1149 civitatem
538 1117 682 1157 primum
704 1120 811 1147 totam
828 1125 969 1147 vocave-

269 1177 308 1199 re
339 1166 500 1207 An'tiopae
530 1165 603 1204 filii,
630 1175 650 1196 a
672 1165 832 1206 Nympha
855 1164 970 1196 Thebe

270 1217 373 1248 ducta
384 1215 624 1256 appellatione
634 1219 778 1255 cognata
793 1214 885 1254 ipsis,
899 1214 971 1246 filia

269 1265 482 1298 Promethei.
525 1264 658 1296 Auctor
673 1264 863 1295 Pausanias
876 1264 898 1295 l.
915 1272 969 1296 1x.

272 1316 364 1347 Fluit
379 1314 443 1355 hic]
466 1315 519 1345 Sc.
533 1313 680 1355 sanguis.
705 1313 820 1346 Barth.

311 1369 375 1397 227
411 1366 550 1406 Imposta
578 1364 696 1404 manet]
728 1364 849 1396 Haeret
876 1364 969 1404 mihi,

268 1421 309 1449 ut
323 1417 466 1457 ingenue
493 1417 625 1458 loquar,
638 1426 727 1456 aqua
747 1417 780 1447 in
797 1416 970 1448 sententia

267 1468 369 1508 hujus
393 1467 474 1506 loci,
490 1473 525 1498 et
540 1467 574 1497 in
591 1465 634 1497 ’τὸ
655 1467 788 1507 imposta
808 1466 968 1497 mendum

268 1517 378 1547 latere
394 1515 563 1555 suspicor,
578 1515 666 1556 quod
684 1516 757 1547 sine
772 1525 836 1556 ope
853 1515 967 1546 melio-

268 1566 316 1597 ris
332 1565 461 1597 codicis
473 1564 600 1605 liquido
613 1563 767 1595 divinare
777 1574 844 1596 non
860 1564 968 1604 potui:

266 1615 339 1646 scio
375 1623 444 1656 qua
478 1613 619 1645 notione
652 1613 763 1653 poetae
797 1614 968 1653 accipiant

266 1665 276 1682 ‘
288 1663 458 1704 imposta:
472 1667 481 1682 ⁸
492 1663 658 1704 deposta,’
670 1663 680 1681 ‘
690 1664 876 1704 supposta,’
891 1668 900 1682 ‘
910 1673 966 1695 ex·

266 1715 388 1757 posta,'
415 1720 451 1746 et
474 1715 607 1755 similia,
634 1715 693 1746 sed
717 1714 797 1756 quid
821 1715 862 1746 ad
878 1715 966 1746 hanc

268 1767 475 1798 sententiam
491 1766 503 1796 ?
548 1765 767 1796 Buslidiauus
782 1764 893 1796 codex
907 1764 966 1796 im-

262 1820 355 1856 posta
369 1818 492 1854 movet,-
516 1815 605 1847 unde
620 1815 705 1847 nihil
721 1815 831 1847 adhuc
847 1815 964 1847 elicio:

267 1865 417 1898 viderint
429 1866 611 1897 acutiores.
634 1866 787 1897 Bernart.

309 1917 375 1947 229
400 1916 526 1947 Gaudia
553 1914 702 1955 matrum]
726 1914 797 1946 Aut
823 1918 966 1956 propter

266 1965 421 2006 Agaven,
446 1975 521 2006 quae
548 1964 733 2006 parricidio
762 1973 823 1996 suo
849 1964 966 1996 insana

266 2016 464 2057 gaudebat:
502 2021 562 2047 aut
599 2020 741 2056 propter
775 2015 964 2055 Jocastam,

265 2075 343 2107 quae
369 2075 445 2097 cum
468 2064 538 2097 filio
563 2066 644 2097 laeta
668 2065 862 2097 concubuit.
883 2065 964 2096 Lae-

267 2119 350 2147 tant.

308 2168 372 2197 230
395 2165 602 2206 Erroresque]
618 2164 833 2196 Athamantis
846 2174 893 2197 sc.
905 2165 960 2206 qui

263 2214 388 2246 furiata
410 2220 526 2246 mente
550 2224 626 2247 cum
649 2214 836 2246 Learchum
858 2214 961 2245 filium

258 2265 447 2305 jugularet,
482 2266 616 2296 leonem
646 2274 682 2295 se
708 2265 841 2305 putavit
873 2264 962 2296 occi-

265 2314 361 2346 dere.
405 2315 451 2345 Et
472 2315 630 2346 reticenda
645 2314 799 2354 Deorum]
823 2314 962 2354 Amphi-

263 2363 392 2396 bolon:
430 2369 489 2396 aut
518 2374 594 2406 quae
623 2364 776 2395 homines
805 2364 839 2395 in
867 2365 962 2395 Deos

264 2414 526 2446 commiserunt:
550 2417 610 2445 aut
625 2423 701 2455 qnae
713 2413 780 2444 Dei
793 2413 962 2453 irrogave-

263 2472 301 2494 re
317 2463 528 2495 mortalibus.
570 2463 606 2494 Si
622 2463 790 2494 hominum
806 2462 840 2493 in
859 2463 962 2503 Deos,

264 2513 338 2544 haec
361 2517 461 2544 sunt:
486 2512 567 2554 quia
593 2512 744 2553 praetulit
767 2521 803 2543 se
829 2512 864 2543 in
887 2512 961 2552 pul-

264 2563 457 2594 chritudine
474 2563 586 2595 Niobe
611 2563 767 2602 Latonae,
784 2562 960 2594 Pentheus

264 2611 403 2652 Libero,
431 2613 563 2644 Semele
583 2612 721 2645 Junoni.
764 2612 830 2643 Vel
857 2621 961 2652 prop-

266 2666 319 2692 ter
344 2662 547 2700 Tantalum;
580 2662 638 2702 qui
665 2661 780 2692 volens
807 2661 961 2691 Deorum

263 2715 396 2746 mentes
433 2711 619 2751 inquirere,
655 2711 822 2750 Pelopem
855 2709 959 2741 filium

264 2769 358 2793 suum
374 2759 447 2791 Diis
462 2760 574 2800 posuit
590 2759 806 2801 epulandum.
831 2760 928 2792 Idem.

732 229 873 259 NOTAE
908 230 967 260 VA
979 230 1171 260 monum
1206 230 1257 260 IN

1061 325 1122 354 235
1149 323 1306 363 Monstro]
1330 322 1476 355 Nomine
1491 324 1570 355 u'sus
1581 331 1644 365 pm
1654 321 1715 357 td·

1018 372 1158 404 verbio.
1183 373 1216 405 id
1228 377 1293 410 est,
1304 377 1438 406 monstro
1451 383 1513 415 pro
1525 377 1714 408 monstruo-

1018 431 1073 454 se.
1096 423 1173 465 quia
1203 420 1376 456 revocavit
1407 424 1536 456 semina
1558 423 1593 456 in
1619 427 1714 484 ortuo

1019 482 1107 504 suos.
1133 473 1229 504 Idem.

1061 524 1124 554 23⁷
1146 522 1342 564 Projecitque
1362 523 1458 564 diem]
1479 522 1621 557 Induxit
1646 521 1714 555 sibl

1020 572 1223 614 caecitatem,
1243 577 1282 606 ut
1303 574 1372 606 cito
1391 574 1540 607 vindicta
1560 582 1715 616 sequere-

1021 625 1089 653 tur.
1110 620 1210 653 Idem.
1608 662 1614 668 ⁵

1061 673 1125 703 238
1148 671 1225 704 Sine
1236 671 1334 713 more]
1356 671 1586 714 Injnste,sine
1599 677 1715 705 exom-

1020 720 1089 761 plo.
1113 721 1212 752 Idem.

1060 772 1125 802 239
1149 769 1326 811 calcavere]
1341 771 1552 803 Insultavere
1564 770 1714 804 caeeitatl

1020 819 1140 860 patris.
1187 821 1272 852 Rata
1297 819 1384 861 vota]
1405 820 1512 852 Sensit
1541 820 1632 853 vocis
1660 830 1713 853 re·

1019 873 1168 908 gentem.
1191 869 1290 901 Idem.

1059 921 1122 950 244
1144 919 1299 951 Adrastus
1310 919 1409 960 socer]
1432 920 1500 954 Qui
1514 929 1578 961 pro
1589 929 1714 963 genem

1018 967 1182 1009 Polynice
1198 971 1379 1010 pugnavit:
1402 970 1495 1012 atqui
1518 970 1629 1003 adhuc
1647 979 1713 1004 non

1018 1021 1093 1048 erat
1107 1027 1214 1058 socer,
1228 1019 1286 1049 sed
1309 1019 1390 1060 quia
1405 1019 1488 1050 deus
1510 1024 1576 1061 est,
1596 1019 1714 1052 futura

1019 1066 1187 1106 praedicit.
1224 1067 1385 1106 Adiuncta
1398 1077 1460 1109 pro
1472 1067 1691 1111 adjungenda
1704 1081 1713 1102 ε

1018 1115 1164 1146 nondum
1181 1117 1271 1147 enim
1288 1116 1449 1158 adjuncta
1462 1122 1573 1150 crant.
1609 1118 1714 1151 Sinis-

1017 1164 1092 1204 tria]
1123 1164 1270 1197 Infensis
1298 1166 1489 1198 numinibus
1514 1171 1551 1200 et
1578 1172 1713 1200 centra-

1018 1214 1097 1246 riisz
1121 1216 1198 1257 quia
1211 1217 1362 1248 morituri
1377 1222 1466 1250 sunt.
1488 1217 1587 1251 Idm.

1060 1268 1124 1297 246
1146 1267 1256 1308 Neque
1278 1266 1405 1308 arcano]
1443 1267 1569 1300 Reddit
1594 1276 1715 1300 eausa·

1018 1323 1078 1346 cur
1107 1316 1210 1347 etiam
1240 1315 1385 1357 Argivos
1415 1312 1508 1349 velit'
1530 1321 1712 1350 evertere:

1017 1365 1149 1396 scilicet
1179 1370 1320 1406 propter
1347 1366 1480 1398 Tantali
1505 1367 1626 1407 scelus,
1653 1367 1713 1409 qui

1018 1413 1178 1456 decipere
1208 1425 1245 1446 se
1273 1415 1422 1447 credidit
1446 1417 1553 1455 Deos,
1576 1416 1713 1458 quaudo

1019 1467 1224 1506 epulandum
1249 1467 1300 1499 his
1323 1467 1484 1508 apposuit
1505 1465 1634 1500 fllium:
1658 1467 1712 1499 vel

1017 1515 1106 1556 quod
1123 1511 1291 1556 epulando
1315 1526 1391 1548 cum
1416 1516 1482 1548 diis
1507 1521 1714 1549 secretam»

1017 1573 1090 1596 rum
1120 1565 1319 1597 mortalibus
1343 1565 1516 1606 prodiditz
1547 1565 1592 1598 ob
1620 1566 1711 1608 qnod

1015 1614 1149 1646 facinus
1176 1615 1297 1656 dignas
1326 1614 1416 1657 apud
1440 1614 1575 1648 Inferna
1595 1624 1712 1657 penas

1016 1664 1128 1695 solvit.
1151 1664 1252 1695 Idem.

1057 1715 1120 1745 247
1143 1714 1247 1745 Periit
1268 1712 1400 1754 iniuria]
1425 1713 1562 1755 Duplex
1581 1713 1636 1745 bic
1654 1713 1711 1745 lit-

1015 1766 1099 1794 terae
1122 1762 1301 1803 productae
1325 1763 1427 1800 ratio,
1448 1761 1493 1794 ob
1514 1762 1710 1795 incisionem

1015 1821 1127 1843 versus
1144 1813 1218 1852 alia,
1234 1812 1299 1843 alia
1320 1811 1498 1853 privilegio
1514 1811 1546 1843 ei
1561 1813 1711 1853 proprio,

1014 1862 1104 1903 quod
1116 1863 1188 1903 jam
1206 1863 1285 1894 olim
1300 1864 1454 1894 notatum
1469 1861 1606 1894 memini
1621 1861 1711 1903 Aug.

1014 1911 1189 1943 Politiano
1200 1922 1328 1944 summo
1343 1911 1527 1952 paucisque
1537 1921 1710 1952 compara-

1014 1961 1076 1992 bili
1101 1962 1186 1992 viro.
1232 1963 1286 1993 Sic
1314 1962 1373 1992 lib.
1395 1971 1438 1994 11.
1455 1971 1505 1993 vs.
1519 1963 1594 1993 4⁷3.
1637 1961 1710 1993 ‘Te

1014 2011 1191 2052 Meleagre
1216 2012 1323 2052 subit,
1347 2011 1394 2043 ibi
1416 2011 1551 2043 demum
1567 2010 1709 2052 cuspide

1014 2060 1106 2093 lata?
1135 2061 1254 2092 Barth.

1056 2113 1118 2142 251
1142 2110 1214 2142 Scis
1227 2109 1360 2151 semper]
1377 2109 1465 2143 Quia
1474 2109 1566 2142 June
1576 2119 1710 2151 semper

1013 2161 1107 2195 favet
1121 2162 1271 2204 Argivis.
1294 2163 1440 2194 Lae-tant.

1055 2215 1118 2245 252
1143 2211 1324 2255 Cyclopum]
1348 2211 1419 2244 Aut
1438 2221 1524 2268 quas
1541 2187 1708 2253 Cyclopes

1012 2262 1182 2303 fecerunt,
1205 2268 1264 2294 aut
1290 2262 1404 2302 magni
1425 2261 1557 2294 acmiri
1572 2261 1708 2302 operis:

1012 2323 1088 2345 nam
1105 2310 1511 2354 ᾳιιῐσᾳιιὶἀιῃειςηίωᾶίυε
1523 2319 1584 2342 sua
1596 2310 1709 2343 nobile

1012 2367 1077 2403 est,
1092 2363 1279 2404 Cyclopum
1299 2371 1397 2393 manu
1418 2360 1545 2393 dicitnr
1559 2359 1708 2392 fabrica-

1013 2417 1094 2445 tum.
1119 2414 1217 2445 Idem.

1055 2463 1229 2503 Magnique
1249 2461 1438 2502 Phoroneos]
1457 2459 1575 2492 Inachi
1599 2459 1655 2493 hie
1668 2459 1710 2492 fi-

1011 2512 1087 2548 lius,
1107 2521 1206 2553 quem
1220 2510 1416 2542 fabulantur
1437 2518 1513 2540 cum
1530 2509 1706 2549 Cephison,

1011 2561 1207 2602 Asterione‚
1223 2565 1258 2593 et
1281 2560 1407 2592 Inacho
1431 2559 1594 2591 arbitrum
1617 2558 1707 2591 inter

1010 2613 1208 2653 Neptunum
1237 2614 1272 2642 et
1300 2610 1468 2642 Juuonem
1499 2609 1541 2641 de
1569 2609 1706 2650 regione

1010 2661 1241 2700 disceptantes
1273 2660 1434 2698 electum,
1463 2658 1556 2690 litem
1585 2667 1706 2690 secun-

1010 2710 1088 2742 dum
1096 2710 1119 2743 J
1123 2719 1266 2742 nnonem
1275 2709 1426 2740 dedisse:
1443 2711 1627 2749 posteaque
1639 2707 1706 2740 dis-

1009 2769 1126 2801 persos
1151 2764 1252 2792 antea
1266 2759 1415 2799 homines
1430 2758 1465 2790 in
1481 2757 1576 2801 unius
1589 2757 1706 2790 civita·
