1878 3164
379 605 747 658 RECENSUS
792 605 1137 658 CODICUM
1184 607 1344 659 MSS.

547 769 601 813 P.
651 769 910 814 PAPINII
960 770 1193 824 STATII,

241 921 328 957 0151
355 922 411 957 IN
431 922 769 958 BIBLIO'I'HECIS
790 922 1105 959 BRITANNICIS
1130 922 1489 959 ASSERVANTUR.

616 1213 671 1256 In
691 1212 838 1256 Museo
861 1211 1123 1257 Britannico.

195 1318 252 1362 In
273 1317 479 1364 Biblioth.
500 1319 684 1378 Reg.1.5
701 1321 744 1366 A
764 1333 854 1364 vn.
884 1325 954 1365 est
984 1321 1084 1364 cod.
1101 1296 1469 1366 membransssaec.
1486 1331 1604 1366 xm.

137 1387 459 1444 complectens,
497 1391 615 1434 inter
649 1391 742 1435 alia
780 1391 934 1443 multa,
968 1389 1048 1443 (N.
1080 1387 1146 1446 5.)
1176 1389 1291 1445 Pap.
1315 1389 1440 1432 Surc.
1472 1390 1606 1432 Statii

136 1453 409 1510 Achilleida,
430 1471 536 1501 cum
551 1459 690 1514 gloss.

198 1523 253 1566 15
279 1523 326 1567 A
346 1535 462 1570 xxl.
490 1526 754 1570 Thebaidos
775 1526 901 1570 Libri
934 1536 1030 1567 xn.
1059 1538 1160 1568 cum
1194 1523 1355 1579 paucis
1384 1524 1607 1567 annotati-

93 1639 98 1645 ,
139 1590 300 1634 onibus
326 1595 373 1635 et
390 1592 528 1647 gloss.
549 1593 660 1636 Cod.
680 1594 921 1637 membran.
942 1606 1047 1636 saec.
1078 1602 1196 1635 x111.
1258 1591 1365 1634 Fuit
1380 1591 1488 1634 olim
1510 1590 1606 1634 Ro-

138 1658 251 1701 betti
271 1658 472 1712 Cottoni,
491 1661 662 1705 militis.

195 1727 254 1770 15
280 1727 327 1770 A
357 1739 512 1772 xxlx.
542 1730 645 1773 cod.
678 1730 921 1772 membran.
943 1741 1046 1771 cum
1064 1727 1226 1783 paucis
1246 1727 1428 1770 notulis.
1447 1753 1458 1764 ·
1486 1726 1605 1770 Con-

139 1794 250 1838 tinet
278 1795 462 1852 Papinii
490 1797 613 1840 Surc.
646 1798 783 1842 Statii
812 1797 1074 1841 Thebaidos
1103 1796 1242 1839 libros
1276 1807 1332 1838 x.
1371 1801 1418 1839 et
1448 1809 1604 1839 versus

140 1863 241 1906 140.
258 1863 358 1906 libri
378 1864 636 1908 undecimi..

195 1931 256 1974 15
275 1930 312 1974 C
334 1943 386 1974 x.
404 1932 517 1988 Pap.
538 1933 712 1977 Surculi
729 1933 866 1977 Statii
882 1932 1007 1985 Vita,
1025 1935 1071 1974 et
1085 1931 1344 1974 Thebaidos
1360 1930 1485 1974 Libri
1507 1941 1602 1972 xn.

142 1997 304 2043 Codex
340 2002 577 2045 membran.
623 2004 672 2046 in
709 2004 804 2046 4to.
844 2015 948 2046 saec.
990 2000 1124 2043 noni:
1157 2000 1264 2043 olim
1293 1999 1383 2042 fuit
1415 1998 1607 2042 Claustri

144 2066 390 2112 Roffensis.
444 2069 669 2127 Antiquus
699 2072 772 2114 hic
803 2071 956 2115 codex
981 2070 1165 2113 exhibet
1184 2068 1405 2124 quasdam
1425 2067 1609 2110 notulas

107 2145 114 2153 ⁸
145 2140 192 2178 et
222 2135 359 2191 gloss.
419 2136 614 2182 Omnino
647 2140 815 2195 integer
850 2143 921 2183 est
953 2151 1098 2194 usque
1130 2137 1189 2181 ad
1222 2137 1356 2191 finem
1385 2135 1487 2179 libri
1514 2145 1607 2177 ΧΠ.

145 2208 258 2253 Vita
275 2223 365 2253 non
384 2212 525 2256 multa
543 2214 815 2270 suppeditat.

203 2277 258 2320 In
279 2277 487 2323 Biblioth.
511 2277 644 2322 Harl.
673 2281 738 2324 N.
766 2281 895 2326 2463.
926 2280 1105 2324 Surculi
1124 2278 1307 2335 Papinii
1337 2276 1471 2319 Statii
1498 2275 1614 2318 The-

143 2345 306 2389 baidos
327 2346 452 2390 Libri
473 2359 569 2391 ΧΠ.
589 2349 691 2392 cod.
721 2350 959 2393 membran.
980 2362 1086 2393 saec.
1118 2358 1228 2391 xiv.
1250 2347 1486 2400 oblongus,
1509 2357 1612 2387 cum

145 2414 264 2458 notis
281 2415 493 2459 brevibus
514 2422 560 2461 et
578 2419 712 2472 gloss·

205 2483 266 2526 N.
295 2484 425 2528 2474.
445 2491 519 2529 est
549 2487 685 2530 Statii
705 2487 921 2540 Thebais,
941 2487 1039 2531 cod.
1060 2487 1252 2530 chartac.
1275 2495 1382 2527 saec.
1404 2492 1493 2524 xv.
1513 2479 1615 2522 illu-

147 2551 300 2594 minat.
320 2553 366 2595 in
384 2554 474 2597 4to.

208 2620 269 2663 N.
298 2621 428 2666 2498.
463 2626 531 2666 est
563 2623 665 2667 cod.
699 2624 895 2667 chartac.
928 2624 977 2666 in
1008 2623 1088 2666 fol.
1112 2635 1214 2665 saec.
1247 2631 1358 2662 xlv.
1393 2615 1617 2659 continens

150 2690 283 2733 Statii
299 2690 551 2734 Thebaida.
590 2692 770 2736 Paucas
791 2694 1024 2737 variantes
1038 2692 1254 2735 lectiones
1275 2686 1473 2732 exhibet.
1494 2684 1619 2727 Prae-

148 2757 340 2802 mittitur
361 2763 667 2817 argumentum
694 2762 926 2806 metricum
945 2762 993 2806 in
1025 2759 1260 2805 duodecim
1289 2753 1547 2801 Thebaidos
1564 2751 1618 2795 li-
