1878 3164
269 200 381 242 2016

269 303 468 345 magistrum
484 313 579 335 suum
594 313 691 346 quam
704 307 864 345 parentes
876 312 967 335 ama-

271 362 308 384 re
319 353 449 385 debet.>
462 353 561 386 Idem.

314 405 375 435 198
401 403 525 444 Thetis]
557 403 684 435 Chiron
710 402 876 435 Achillem
895 412 965 435 am-

269 452 430 493 plexatus
445 461 529 483 saxo
554 452 722 493 collapsus
738 456 809 484 est:
833 458 869 485 at
885 462 964 483 vero

268 501 384 533 Thetis
396 506 492 533 extra
507 505 639 533 antrum
656 503 690 534 in
703 503 842 544 rupibus
855 502 966 543 Pelei,

268 551 312 583 ad
327 561 411 593 quas
427 552 556 583 sonitus
574 550 736 583 fluctuum
751 552 871 583 vicinis
887 561 964 584 cau-

268 602 361 634 tibus
379 602 539 632 illisorum
565 601 799 641 perveniebat,
820 601 966 632 sollicita

263 650 378 691 jacuit
401 649 537 680 minime
558 649 743 687 dormiens,
766 649 828 681 sed
852 649 966 681 admo-

269 700 349 730 dum
363 699 531 737 volutans,
544 697 665 739 quihus
678 698 710 728 in
723 698 805 729 locis
820 698 967 730 occulta-

268 748 421 780 refilium
434 750 561 788 posset.
584 747 764 779 Matar-unt.
787 746 968 787 Undisom’s]

269 799 349 830 Hoc
373 797 574 829 vocabulum
598 796 793 828 membrana
817 797 968 828 inculcat

268 858 373 889 supra
387 857 477 880 vers.
492 850 546 880 2⁷.
581 848 592 865 ‘
613 847 688 878 Nec
703 856 797 878 mora
819 850 854 878 et
868 846 966 878 undi-

268 897 359 929 sonis
378 902 403 928 t.
419 907 449 929 c.
473 906 627 928 sororum
653 896 796 928 Prosilit
817 896 966 938 chala-

267 947 355 980 mis?
386 947 454 978 Hic
470 954 583 979 autem
593 947 720 978 undosis
730 946 852 978 habet:
876 945 966 977 unde

268 996 436 1039 suspicari
466 996 752 1038 possisumbrosis
777 996 878 1028 scribi
908 995 966 1027 de-

267 1046 363 1078 bere.
407 1046 502 1078 Nihil
517 1055 631 1078 tamen
647 1056 778 1078 moveo.
802 1046 939 1078 Gronov.

312 1099 375 1129 199
397 1096 519 1128 Abdere
543 1097 637 1128 terris
662 1096 824 1137 Destinet]
846 1096 887 1128 Id
913 1101 972 1128 est-

267 1151 369 1187 paret
399 1147 583 1178 occultare.
626 1147 690 1178 Est
716 1151 830 1178 autem
858 1146 965 1178 ordo:

267 1195 317 1227 At
332 1195 449 1227 Thetis
465 1195 611 1227 volutat.
635 1196 783 1227 Britann-

309 1246 371 1276 201
396 1244 554 1276 Proxima
564 1245 618 1275 sed
628 1244 740 1275 studiis
749 1244 878 1275 multum
893 1244 966 1275 Ma-

267 1294 370 1326 vortia
396 1294 529 1334 Thrace]
555 1294 706 1326 Subaudi
729 1294 740 1312 ⁴
757 1293 834 1330 est‚'
858 1298 897 1325 ut
922 1294 968 1325 sit

267 1353 401 1375 sensns:
425 1344 570 1374 Thracia
584 1343 720 1384 quidem
734 1343 889 1384 proxima
902 1346 967 1382 est,

267 1393 328 1425 sed
343 1393 442 1425 nimis
464 1397 516 1425 est
539 1393 715 1432 bellicosa,
738 1398 775 1425 et
791 1392 932 1439 perinde
947 1402 967 1424 a

267 1446 491 1486 sequentibus
507 1445 647 1476 subaudi
659 1454 726 1477 non
741 1445 866 1486 placet.
898 1445 966 1477 Bo-

267 1504 347 1526 num
361 1492 515 1526 ordinem
529 1499 664 1525 secutus
675 1498 730 1526 est
743 1494 855 1526 Poeta
870 1495 905 1526 in
918 1495 967 1526 lo-

267 1552 384 1575 corum
397 1543 642 1575 numeratione.
681 1544 769 1576 Nam
784 1544 931 1585 Europae
947 1553 967 1576 a

267 1592 420 1633 Scythia,
447 1593 555 1633 prima
580 1597 633 1624 est
657 1593 812 1629 Thracia.
844 1593 968 1625 deinde

267 1643 487 1684 Macedonia,
499 1648 575 1684 post
591 1644 720 1676 Attica.
761 1644 893 1676 Thrace
909 1654 967 1676 au-

268 1698 339 1725 tem
355 1693 539 1725 declinatio
552 1698 606 1725 est
621 1694 757 1726 Graeca.
789 1694 967 1735 Mavortia]

268 1744 451 1776 Bellicosa.
476 1744 574 1777 Idem.

311 1796 376 1825 202
399 1793 599 1834 Lamumque
612 1793 732 1834 daturi]
748 1793 900 1826 Athenas
915 1794 966 1825 di-

269 1841 330 1883 cit,
342 1851 416 1883 quae
428 1842 675 1874 oblitteratum
691 1842 805 1874 studia
814 1843 965 1874 celeber-

267 1892 353 1923 rima
368 1891 485 1922 habita
494 1895 549 1923 est
562 1891 694 1924 civitas,
739 1893 788 1923 Ut
802 1892 879 1923 ideo
895 1892 966 1923 dix-

268 1941 336 1972 erit
363 1945 372 1958 ‘
391 1941 506 1972 daturi
521 1941 676 1972 stimulos
700 1940 861 1980 laudum:
876 1942 966 1982 quod

269 1991 319 2024 ibi
340 1992 492 2023 homines
515 1991 658 2023 stimulis
680 1990 815 2023 laudum
837 1991 966 2024 excita-

269 2048 388 2074 rentur
404 2043 446 2074 ad
462 2043 636 2074 virtutem.

311 2095 375 2124 203
402 2091 597 2133 Cecropidae]
623 2090 852 2123 Athenienses
869 2101 887 2123 a
902 2093 966 2124 Ce-

267 2151 373 2182 crope
389 2151 482 2181 rege,
496 2141 554 2182 qui
570 2141 696 2182 primus
712 2146 852 2173 auctore
873 2142 966 2173 Stra-

268 2193 358 2224 bone
382 2193 633 2224 multitudinem
661 2193 694 2223 in
718 2192 876 2224 civitates
898 2201 965 2223 xu.

267 2242 471 2274 habitandas
491 2242 642 2283 digessit.
686 2243 836 2275 Quarum
861 2241 966 2273 nomi-

268 2301 313 2323 na
339 2296 418 2323 sunt
443 2291 625 2332 Cecropia,
645 2291 849 2331 Tetrapolis,
876 2290 965 2331 Epa-

269 2343 350 2382 tria,
361 2342 525 2383 Decelea‚
538 2342 684 2382 Eleusis,
701 2340 872 2382 Aphidna,
880 2341 966 2372 Tho-

268 2391 371 2430 ricus,
393 2391 560 2431 Brauron,
584 2391 763 2432 Cytherus,
791 2390 966 2430 Sphettus‚

270 2440 449 2481 Cephesia‚
474 2441 649 2471 Phalerus.
701 2441 850 2471 Theseus
886 2449 966 2472 vero

268 2494 390 2530 postea
406 2489 587 2521 duodecim
611 2490 686 2521 illas
714 2491 748 2521 in
763 2490 851 2521 hanc
866 2499 966 2521 unam

269 2548 497 2578 congregasse
513 2539 689 2571 civitatem
712 2539 822 2571 denuo
841 2549 965 2571 memo-

269 2591 378 2620 ratur.
401 2589 500 2619 Idem.

311 2639 375 2668 204
398 2637 519 2678 Sestos]
551 2638 812 2680 Hellespontus,
832 2644 965 2681 septem

267 2686 325 2727 (ut
349 2686 476 2718 dictum
502 2692 556 2718 est
577 2689 696 2729 supra)
719 2690 836 2722 stadiis
858 2691 965 2721 Euro-

268 2744 347 2777 pam
373 2735 417 2768 ab
435 2736 519 2768 Asia
542 2737 708 2780 dividens,
729 2739 798 2772 illie
822 2739 912 2771 inter
929 2749 966 2771 sc

729 210 868 242 No'rAE
902 209 1163 241 VARIORUM
1198 210 1248 240 IN

1018 302 1203 347 contrarias
1231 302 1333 334 urbes
1363 301 1479 343 habet,
1511 301 1544 333 in
1577 301 1712 342 Europa

1016 352 1199 393 Callipolin
1211 357 1247 384 et
1259 353 1395 393 Seston,
1406 354 1440 384 in
1452 350 1537 384 Asia
1550 352 1712 392 Lampsa-

1015 411 1091 434 cum
1114 406 1152 434 et
1177 401 1335 444 Abydon.
1377 402 1480 444 Apud
1505 402 1640 435 Sestum
1662 401 1713 434 lo-

1014 462 1074 484 cus
1086 452 1222 494 quidam
1236 452 1435 494 Apobathra
1449 451 1656 490 nominatur,
1669 449 1712 482 ad

1014 511 1113 543 quem
1129 502 1210 534 ratis
1226 503 1355 534 Xerxis
1364 502 1489 544 juncta
1502 501 1578 533 fuit.
1622 499 1712 533 Nam

1014 551 1061 582 ibi
1086 551 1250 592 angustiae
1276 551 1342 583 illae
1365 556 1498 592 septem
1527 549 1713 583 stadiorum

1015 610 1091 641 quae
1115 600 1233 633 Asiam
1261 599 1425 633 dirimunt
1447 601 1490 633 ab
1517 601 1657 641 Europa
1691 609 1713 632 a

1015 649 1133 682 Xerxe
1156 655 1260 691 ponte
1280 650 1413 691 junctae
1433 649 1584 682 fuerunt.
1626 649 1714 692 ,4⁶9-

1014 700 1142 741 denique
1155 700 1258 741 sinus]
1284 699 1339 732 Ab
1353 699 1476 742 Abydo
1491 699 1712 733 denominati.

1015 750 1115 782 Idem.

1057 801 1120 831 205
1147 799 1313 841 Cycladas]
1329 800 1454 832 Insulae
1467 798 1633 842 Cyclades
1643 798 1714 832 dic-

1017 851 1062 880 tae
1091 852 1180 889 sunt,
1209 849 1301 890 quod
1328 849 1362 880 in
1393 849 1507 881 orbem
1539 847 1713 889 objacent.

1015 899 1181 940 Myconos]
1202 900 1280 931 Una
1290 904 1343 932 est
1357 910 1400 932 ex
1415 899 1634 940 Cycladibus,
1649 898 1713 931 suh

1015 958 1082 990 qua
1115 950 1289 991 gigantum
1324 949 1522 982 novissimos
1549 948 1594 981 ab
1622 948 1713 980 Her·

1015 1000 1092 1031 cule
1102 1003 1266 1031 mactatos
1270 1000 1389 1041 jacere
1400 998 1609 1031 fabulantur.
1627 997 1714 1030 Seri-

1013 1048 1105 1089 phos]
1129 1049 1190 1081 Est
1210 1053 1323 1081 autem
1346 1053 1383 1081 et
1406 1049 1483 1090 ipsa
1497 1057 1541 1080 ex
1556 1047 1713 1089 Cycladi-

1017 1099 1090 1139 bus,
1115 1099 1148 1130 in
1172 1107 1238 1140 qua
1261 1107 1302 1130 ea
1316 1097 1410 1130 facta
1426 1098 1619 1139 vulgantur,
1635 1106 1711 1139 que

1015 1149 1174 1181 dicuntur
1188 1149 1224 1180 in
1248 1148 1393 1181 fabulis:
1420 1148 1547 1180 Dicten
1562 1147 1712 1189 piscato-

1016 1208 1088 1230 rem
1104 1208 1217 1231 arcam
1233 1198 1414 1230 adduxisse
1441 1197 1581 1237 retibus,
1595 1197 1631 1230 in
1644 1206 1713 1239 qua

1015 1248 1165 1280 Perseus
1195 1257 1272 1280 cum
1296 1251 1404 1279 matre
1433 1245 1556 1279 Danae
1581 1246 1712 1287 positus

1015 1297 1208 1329 tenebatur.
1244 1296 1330 1328 Cum
1347 1301 1446 1337 pater
1462 1294 1600 1327 Danaes
1613 1294 1714 1330 Acri·

1015 1346 1083 1378 sius
1098 1351 1269 1387 utrunque
1286 1345 1513 1387 abjecissetin
1528 1353 1633 1385 mare,
1645 1342 1713 1376 iata

1014 1397 1048 1428 in
1071 1396 1189 1428 Insula
1212 1396 1394 1427 educatum
1419 1394 1522 1427 fuisse
1546 1395 1711 1427 Perseum

1015 1445 1186 1487 proditur.
1210 1446 1308 1477 Idem.

1017 1537 1023 1541 ι
1058 1498 1122 1527 206
1144 1495 1254 1536 Delos]
1276 1496 1363 1527 Haec
1383 1494 1497 1527 media
1521 1498 1576 1526 est
1591 1493 1711 1534 Cycla-

1016 1545 1107 1581 dum,
1124 1550 1161 1577 et
1180 1546 1281 1586 longe
1302 1545 1499 1581 clarissima,
1515 1543 1644 1585 templo
1659 1542 1711 1575 A·

1017 1594 1151 1635 pollinis
1161 1603 1236 1625 cum
1248 1595 1384 1625 oraculo
1397 1594 1568 1626 celebrata
1579 1597 1712 1634 etmer-

1016 1648 1114 1675 catu:
1138 1648 1215 1674 erat
1238 1643 1326 1674 enim
1345 1643 1491 1674 maxime
1507 1647 1711 1684 opportuna,

1017 1692 1167 1733 illucque
1194 1701 1247 1723 res
1270 1692 1420 1732 venales,
1434 1697 1474 1723 ut
1500 1691 1711 1730 servi‚undi-

1017 1751 1082 1783 que
1097 1741 1384 1773 convehebantur.
1429 1741 1597 1772 Auctores
1619 1740 1710 1771 Plin.

1016 1796 1052 1822 et
1065 1791 1176 1823 Sti-ab.
1193 1795 1228 1822 et
1241 1794 1422 1831 propterea
1433 1789 1599 1831 hospitam
1613 1799 1710 1821 voca-

1015 1840 1086 1872 vit:
1121 1840 1170 1871 sic
1196 1840 1399 1881 appellatam
1431 1839 1538 1871 tradit
1565 1838 1711 1872 Aristot-

1015 1890 1169 1931 quoniam
1184 1894 1328 1930 repente
1342 1890 1501 1930 apparuit
1520 1894 1634 1928 enata,
1657 1890 1712 1922 vel

1015 1940 1105 1981 quod
1134 1940 1276 1980 primum
1301 1939 1379 1971 solis
1410 1938 1513 1971 radiis
1539 1938 1710 1971 illustrata

1015 1991 1073 2026 sit,
1104 1990 1158 2021 vel
1184 1989 1274 2031 quod
1298 1989 1446 2021 certiora
1473 1982 1710 2020 illic'oraculs

1016 2040 1255 2072 redderentur.
1277 2039 1455 2070 Mat-arant.
1723 2069 1726 2073 ,

1056 2092 1119 2121 207
1143 2088 1326 2130 Lycomedis
1346 2089 1380 2119 in
1399 2087 1487 2128 aula]
1510 2086 1644 2119 Imbelli
1660 2087 1710 2119 di-

1015 2141 1064 2172 cit
1078 2145 1115 2171 et
1129 2139 1210 2180 quia
1224 2148 1330 2170 senex
1344 2143 1397 2170 est
1411 2137 1630 2179 Lycomedes,
1644 2147 1709 2170 nec

1016 2189 1118 2222 armis
1134 2194 1248 2229 aptus,
1261 2193 1297 2220 et
1313 2187 1401 2229 quod
1417 2188 1449 2218 ei
1461 2197 1560 2218 sexus
1575 2191 1709 2219 tantum

1015 2245 1068 2272 est
1095 2239 1286 2278 foemineus,
1312 2244 1351 2270 ut
1377 2242 1470 2270 recte
1500 2241 1618 2278 speret
1639 2237 1710 2269 illic

1015 2295 1127 2323 tutum
1143 2289 1216 2320 fore
1230 2288 1346 2320 filium.
1371 2288 1523 2319 Britanna.

1057 2342 1121 2371 209
1143 2339 1294 2378 AEgoeomz
1318 2337 1432 2378 nexus]
1466 2337 1553 2368 Rem
1578 2335 1708 2368 fabulo-

1015 2399 1086 2422 sam
1103 2388 1339 2430 prosequitur;
1358 2397 1434 2418 nam
1447 2396 1522 2428 quae
1533 2387 1576 2418 de
1592 2386 1707 2427 gigan-

1015 2440 1104 2472 tibus
1116 2438 1297 2470 traduntur
1309 2436 1464 2468 fabulosa
1475 2436 1610 2468 omnino
1620 2441 1708 2467 sunt.

1015 2491 1099 2522 Cum
1123 2490 1213 2521 enim
1236 2490 1270 2521 in
1294 2490 1443 2529 Phlegra
1466 2490 1542 2527 loco
1564 2489 1707 2530 Campa-

1015 2540 1080 2572 niae
1113 2548 1282 2581 pugnasse
1306 2539 1510 2575 scribantur,
1539 2537 1708 2579 quomodo

1013 2589 1089 2621 fieri
1112 2590 1223 2631 potuit
1246 2593 1285 2621 ut
1308 2589 1343 2620 in
1362 2588 1479 2620 Sicilia
1502 2588 1547 2620 sit
1564 2589 1708 2620 Encela-

1015 2640 1091 2680 dus,
1121 2640 1233 2671 Othus
1262 2640 1297 2671 in
1324 2640 1441 2679 Creta,
1468 2639 1641 2680 Typhoeus
1671 2639 1707 2671 in

1014 2689 1212 2729 Campania,
1239 2692 1279 2720 ut
1302 2688 1453 2720 Inarime
1477 2689 1573 2722 Jovis
1601 2689 1708 2729 impe*-

1015 2739 1072 2771 riis
1086 2739 1234 2780 imposta
1248 2739 1413 2780 Typhoeo,
1430 2739 1558 2781 AEgeon
1572 2739 1607 2771 in
1627 2739 1709 2781 Scy·
