1878 3164
276 217 391 260 1886

277 320 418 359 frustra,
447 323 508 352 aut
532 318 618 350 nihil
647 323 825 359 praestant.
892 319 978 356 Quid

277 371 360 402 enim
374 370 456 401 haud
471 369 606 409 licitum]
627 369 792 410 Subaudi‚
815 368 977 406 feceram,

277 421 306 452 si
320 421 397 452 *vilis
413 420 545 451 ancilias,
560 424 670 451 morte
693 420 802 451 luctus
817 429 911 451 meos
928 420 978 450 ul-

278 476 333 503 tus
358 480 477 502 essem.
521 469 642 509 Impius
666 469 766 510 ignis]
796 469 978 501 Incendite

278 521 419 561 templa,
436 519 515 561 quia
531 529 647 559 parum
663 525 717 551 est
733 520 760 551 si
776 519 977 551 famulorum

272 572 333 612 jus
348 570 474 602 domini
491 569 728 610 perdiderunt.
752 570 851 602 Idem.

280 644 282 646 -
323 623 388 654 689
410 620 491 652 Sera
518 619 657 660 quidem]
690 619 864 651 Tibullus:
902 620 912 638 ‘
926 620 977 651 Ah

277 672 394 709 miser,
405 677 441 704 et
455 672 483 703 si
494 673 568 713 quis
582 672 690 712 primo
701 671 852 713 perjuria
862 671 976 712 caelat,

278 726 363 757 Sera
380 731 491 756 tamen
509 725 625 756 tacitis
641 734 743 766 poena
765 724 858 756 venit
881 723 976 765 pedi-

278 773 365 806 bus!
387 774 536 805 Lactant.

322 827 387 855 690
422 824 497 855 Δῑὶο
531 822 715 863 certamine]
760 824 840 855 Non
876 824 978 864 culpo

279 874 368 906 hanc
384 874 466 905 lect.
511 874 557 905 Et
580 874 634 905 hic
651 874 740 905 enim
763 878 799 905 et
815 873 884 905 illic
901 878 978 905 erat

278 933 403 966 pugna.
447 925 574 955 Tamen
590 925 708 956 melior
720 923 855 955 videtur
869 924 978 965 scrip-

280 980 359 1006 tura
396 974 627 1006 Vetustissimi
664 974 879 1015 Exemplaris
915 976 979 1006 alto

277 1025 457 1058 certamine.
502 1023 713 1056 Profundum
738 1024 826 1056 enim
849 1031 886 1056 et
907 1025 978 1056 lon-

277 1074 439 1116 ginquum
453 1074 689 1115 incertumque
701 1082 820 1105 sonum
834 1074 901 1104 ista
912 1074 979 1105 lec·

278 1125 327 1156 tio
344 1125 452 1165 magis
470 1128 709 1164 repraesentat.
729 1123 845 1155 Barth.

319 1177 381 1206 691
407 1175 624 1206 Proeverterat
652 1173 734 1214 alas]
768 1173 979 1205 Nunciatum

276 1224 391 1255 fuerat
407 1223 543 1264 Argivis
559 1224 775 1266 Hypsipylen
791 1223 834 1255 ad
850 1223 980 1264 suppli-

277 1274 366 1306 cium
384 1275 484 1306 trahi.
509 1274 658 1305 Lactant.

319 1326 383 1355 692
409 1325 558 1355 Geminos
577 1323 743 1364 tumultus]
777 1323 866 1356 Quia
892 1333 977 1354 unus

278 1379 355 1404 erat
382 1374 417 1404 in
441 1374 595 1414 civitate,
611 1374 698 1405 alter
723 1374 781 1405 ubi
798 1374 977 1414 Lycurgus

277 1427 342 1455 est.
368 1425 468 1455 Idem.

319 1477 383 1506 698
411 1474 584 1514 Venusque
600 1473 703 1514 dolor]
735 1469 869 1506 Timore
896 1474 977 1505 belli

277 1525 311 1556 in
328 1530 455 1556 metum
474 1524 590 1556 versus
606 1524 701 1556 dolor
718 1524 836 1556 mortis
851 1524 976 1555 Arche-

276 1575 374 1607 mori.
398 1575 498 1606 Idem.
549 1572 561 1582 ⁸

282 1633 285 1635 ’
300 1645 304 1650 -
319 1628 383 1657 700
409 1626 476 1656 Ora
491 1623 611 1664 virum]
644 1625 754 1656 Nemo
769 1634 835 1656 non
851 1624 977 1656 freme-

276 1675 350 1714 bat,
365 1675 444 1716 qnia
466 1675 667 1707 metuebant
691 1675 896 1716 Hypsipylae
920 1676 977 1707 ali·

276 1725 358 1767 quid
375 1725 453 1756 mali
470 1725 692 1765 contingere;
714 1734 780 1756 non
803 1725 891 1756 enim
908 1735 977 1756 om-

275 1784 337 1806 nes
354 1775 540 1806 audiebant
554 1775 750 1815 loquentem
771 1776 976 1817 Lycurgum.

280 1825 470 1866 Thoantida]
488 1824 703 1864 Hypsipylen
716 1825 840 1856 iterum
856 1825 904 1856 sic
921 1836 977 1856 vo-

277 1880 335 1906 cat
348 1885 367 1906 a
383 1875 500 1906 Patre.
527 1874 598 1906 Vet.
616 1874 721 1906 Schol.
764 1875 849 1906 Ante
863 1886 918 1907 ora
931 1876 977 1907 υἰ-

275 1923 361 1964 rum]
386 1925 508 1956 Secum
525 1924 739 1965 Hypsipylen
755 1923 901 1963 ferebat,
918 1925 978 1956 im-

277 1979 397 2016 petum
428 1974 573 2006 furentis
603 1975 776 2006 exercitus
808 1975 978 2008 Adrastus

276 2025 422 2066 cupiens
438 2024 629 2064 refrenare,⁴
642 2025 700 2066 qui
716 2035 790 2057 eam
809 2026 978 2066 putabant

277 2074 517 2115 interemptam
533 2074 648 2106 fuisse.
670 2075 818 2107 Lactant-

318 2127 382 2157 704
407 2125 464 2156 Sic
489 2125 542 2155 ubi
566 2125 700 2156 diversis
725 2126 976 2167 maria]‘Virgi-

277 2173 369 2205 liana
385 2175 596 2216 comparatio
613 2179 677 2214 est,
699 2175 759 2206 sed
783 2177 975 2217 contraria;

276 2234 355 2255 nam
371 2224 426 2256 ille
449 2224 491 2255 ad
516 2223 671 2265 Neptuni
686 2226 974 2265 comparationem

276 2275 387 2307 virum
403 2275 525 2306 bonum
542 2275 673 2316 posuit,
696 2275 753 2307 hic
775 2276 818 2307 ad
834 2275 975 2308 Adrasti

277 2326 489 2366 Neptunum.
513 2326 613 2357 Idem.

319 2379 384 2407 706
411 2376 504 2408 Venit
517 2375 650 2416 <equoris
662 2376 737 2416 alti]
775 2376 871 2408 Ordo
887 2388 896 2408 ι
921 2377 976 2408 Sic

275 2428 372 2459 venit
386 2437 446 2458 rex
464 2428 716 2468 aequoris‚sicut
732 2429 789 2460 ubi
806 2429 910 2460 maria
926 2429 976 2460 di-

275 2478 382 2509 versis
398 2472 523 2518 praeliis
540 2483 698 2510 evertere
715 2480 818 2510 venti.
846 2480 941 2511 Idem.

319 2530 383 2559 707
410 2527 565 2559 Geminus
582 2528 708 2568 Triton]
740 2529 884 2561 Duobus
900 2539 974 2560 cor-

275 2577 414 2618 poribus
429 2576 565 2609 factus:
595 2583 655 2610 ut·
677 2579 687 2596 ‘
706 2583 851 2620 utroque
879 2579 975 2611 refri-

278 2633 360 2667 gent
373 2628 520 2658 Pectme
531 2633 690 2660 montano
703 2629 829 2690 duplex
843 2629 975 2670 Hyleus

276 2676 321 2708 ab
336 2677 457 2708 antro!
481 2678 579 2709 Idem.

318 2729 383 2758 709
404 2727 480 2758 Jam
500 2729 597 2767 plana
619 2728 743 2768 Thetis]
775 2730 867 2770 Virg.
894 2730 905 2747 ‘
920 2729 974 2761 Sic

276 2781 421 2809 cunctus
437 2776 551 2818 pelagi
566 2777 692 2809 cecidit
715 2777 853 2819 fragm?
874 2779 974 2810 Idem.

741 226 884 257 NOTAE
919 225 1181 259 VARIORUM
1213 225 1271 255 IN*

1069 321 1134 351 712
1157 319 1264 359 Euan]
1283 318 1420 350 Invenit
1432 316 1728 361 Poetaquodw

1027 378 1118 400 mum
1134 368 1340 400 dubitabat:
1365 369 1460 400 Evau
1484 367 1603 408 Liber,
1623 371 1727 410 inp·

1030 418 1224 460 Hypsipyle
1239 418 1405 457 originem
1422 418 1529 450 ducit.
1552 417 1654 451 Idm.
1669 435 1671 437 ·
1684 416 1727 457 „rip

1071 471 1133 500 713
1173 469 1321 500 Geminos
1341 467 1487 508 javenes]
1521 468 1600 500 Uno
1636 467 1727 501 euin

1029 523 1130 558 partu
1147 518 1305 558 prognati
1321 522 1432 549 erant.
1486 517 1731 559 Noster-qm

1030 569 1143 600 verbis
1159 569 1384 610 Hypsipyles.
1428 570 1475 601 Et
1490 569 1538 601 sic
1554 569 1730 610 ipsuum

1031 618 1081 650 bit
1097 619 1139 650 ad
1156 629 1251 650 suum
1272 619 1434 652 Jasonem
1451 629 1460 651 ι
1484 620 1494 638 ‘
1507 620 1610 652 Nunc
1623 619 1729 652 etim

1029 670 1161 711 peperi,
1178 674 1313 710 gratare
1327 670 1490 702 ambobus
1505 669 1621 710 Iason,
1645 670 1730 703 Dul-

1029 730 1071 752 ce
1086 721 1165 752 mihi
1182 721 1332 762 gravidae
1348 720 1481 752 fecerat
1494 725 1619 754 auctor
1631 724 1729 753 onus·-

1029 772 1126 802 Felix
1153 772 1187 802 in
1213 780 1354 803 numero
1380 781 1516 813 quoque
1541 781 1634 813 sums
1655 779 1732 814 prot

1029 823 1166 862 lemque
1178 823 1356 863 gemellam
1368 822 1520 863 Pignora
1531 822 1664 856 Luciu-
1678 822 1729 855 bit

1029 882 1073 903 na
1089 871 1228 903 favente
1245 871 1350 903 dedi!
1372 873 1491 905 Barth.
1713 875 1721 893 ἓ

1071 926 1135 955 714
1158 921 1468 964 Mirandaquefata]
1499 892 1587 956 Quae
1598 924 1731 965 cogunt

1029 974 1248 1015 Hypsipylen
1276 973 1318 1005 de
1346 974 1489 1006 servitio
1517 973 1561 1006 ad
1586 980 1729 1045 regnunt

1030 1024 1153 1055 redire.
1177 1024 1323 1056 Lactant.

1071 1077 1136 1106 718
1158 1074 1248 1105 Proh
1257 1073 1350 1114 sors]
1361 1073 1550 1114 Eleganter
1562 1082 1657 1105 more
1663 1080 1728 1104 eo-

1028 1125 1162 1156 moediae
1179 1124 1324 1164 contigit
1339 1123 1468 1164 agnitio
1481 1122 1639 1156 filiorum.
1663 1123 1722 1154 la.

1072 1178 1136 1207 719
1159 1175 1234 1206 Non
1250 1175 1343 1206 audet
1367 1173 1508 1214 credere]
1543 1173 1730 1205 luci-edula

1030 1224 1087 1255 diu
1113 1230 1192 1256 sunt
1218 1225 1350 1256 laetitiae
1375 1230 1474 1256 vota.
1512 1224 1610 1256 tarde
1638 1224 1729 1256 enim

1028 1274 1130 1306 fidem
1147 1275 1356 1314 adhibemus,
1371 1284 1447 1306 cnm
1474 1283 1550 1316 quae
1571 1278 1729 1339 optamus

1029 1326 1204 1357 eveniunt.
1228 1326 1328 1357 Idem.

1031 1390 1033 1392 ·
1069 1378 1133 1406 726
1157 1376 1304 1407 intextus
1317 1374 1426 1416 Iason]
1440 1375 1568 1407 Pater
1553 1380 1731 1417 Juvenum,

1029 1435 1072 1456 ex
1089 1435 1155 1467 quo
1178 1425 1238 1456 hos
1265 1425 1357 1465 apud
1385 1426 1550 1457 Lemnum
1569 1423 1729 1457 ediderat

1031 1476 1235 1517 Hypsipyle.
1257 1476 1360 1508 Idem.

1071 1529 1135 1558 728
1157 1526 1261 1567 Atque
1289 1527 1367 1568 alio]
1402 1527 1489 1560 Qua}
1519 1526 1622 1572 paulo
1647 1520 1729 1558 ante

1030 1571 1125 1607 luctu
1142 1575 1260 1615 flebat,
1277 1586 1366 1608 nunc
1380 1576 1528 1616 gaudio:
1563 1576 1628 1608 alio
1643 1578 1728 1616 erge

1008 1625 1126 1667 fletu,
1143 1627 1274 1658 scilicet
1297 1626 1433 1668 gaudio.
1478 1627 1621 1658 Terent.
1643 1622 1730 1658 ‘Ld-

1028 1677 1167 1717 chrymo
1189 1676 1336 1717 gaudio!
1381 1676 1612 1708 Immoderata
1637 1672 1727 1708 enim

1028 1726 1163 1763 laetitia,
1187 1731 1223 1757 et
1247 1726 1392 1758 maxime
1417 1726 1730 1771 parentum,habet

1028 1776 1217 1816 lachrymas
1232 1786 1320 1807 suas.
1345 1777 1444 1808 Idem.
1510 1779 1512 1781 ’

1071 1829 1135 1858 729
1157 1826 1258 1866 Signa
1268 1827 1354 1868 poto]
1379 1828 1510 1859 Datum
1523 1831 1578 1860 est
1593 1812 1726 1874 signum

1028 1875 1124 1915 caelo,
1141 1876 1233 1906 velut
1248 1876 1407 1908 barritus.
1445 1877 1549 1908 Liber
1564 1876 1661 1910 dedit
1675 1883 1728 1909 101-

1027 1925 1134 1956 nitum
1151 1930 1402 1966 tympanorum.
1425 1927 1524 1958 Idem.

1070 1978 1131 2007 731
1157 1976 1243 2006 Tunc
1255 1975 1350 2017 puer]
1383 1976 1530 2018 Lycurgi
1546 1974 1657 2008 filius.
1670 1948 1726 2008 id

1026 2031 1091 2061 est,
1117 2026 1173 2067 qui
1199 2026 1309 2066 primo
1338 2026 1508 2067 Opheltes
1535 2025 1716 2060 dicebatur

1027 2077 1092 2107 Sed
1123 2077 1280 2118 quoniam
1318 2077 1419 2108 initia
1454 2077 1607 2109 Thebani
1643 2076 1727 2108 belli

1027 2126 1100 2166 ejus
1125 2127 1260 2158 initiata
1286 2132 1365 2158 suut
1392 2132 1516 2166 morte,
1535 2127 1615 2168 jure
1629 2126 1726 2158 fatali
1775 2131 1782 2137 ⁴

1027 2180 1149 2218 postea
1179 2175 1408 2209 Archemorus
1435 2176 1630 2221 nominatus
1658 2181 1726 2216 est,

1028 2226 1146 2258 Graeci
1199 2227 1482 2268 pronunciatione
1529 2225 1693 2258 sermonis
1712 2231 1724 2258 t

1026 2276 1108 2318 ἀρχὴ
1123 2278 1212 2309 enim
1229 2278 1350 2321 Graece
1369 2276 1558 2318 principium
1572 2274 1724 2314 dicitur:

1025 2326 1116 2369 μόρος
1140 2339 1222 2359 mors
1237 2336 1392 2359 sermone
1415 2328 1536 2359 eodem
1552 2334 1726 2397 nuncupa·-

1026 2380 1093 2408 tur.
1115 2377 1214 2409 Idem.

1068 2429 1133 2458 736
1156 2428 1255 2458 Recto
1281 2428 1469 2459 descendunt
1496 2424 1612 2466 limite]
1646 2427 1725 2459 Non

1026 2478 1220 2519 interrupto
1232 2478 1351 2509 ordine
1361 2476 1519 2510 fatorum.
1535 2478 1612 2510 Vet.
1619 2476 1726 2510 Schol.

1026 2528 1067 2559 In
1082 2528 1170 2558 alio:
1205 2528 1253 2559 Ut
1275 2527 1491 2559 debebantur
1515 2527 1595 2559 fatis
1625 2531 1722 2560 recta

1025 2576 1239 2608 descendunt
1255 2577 1383 2616 omnia3
1410 2577 1444 2608 id
1462 2582 1528 2618 est,
1551 2577 1725 2619 progredi-

1025 2632 1140 2659 untur.
1180 2622 1270 2660 'Quae
1287 2632 1380 2659 retro
1397 2631 1487 2667 sunt,
1511 2629 1581 2660 alta
1605 2627 1724 2660 dicun·

1025 2681 1100 2716 tur;
1123 2686 1198 2718 quae
1215 2681 1295 2708 ante
1311 2686 1383 2718 nos,
1398 2676 1573 2710 inferiora.
1586 2684 1588 2686 ’
1601 2678 1724 2710 Unde:

1024 2727 1094 2759 ‘sic
1117 2727 1269 2759 credidit
1290 2728 1362 2759 alta
1385 2727 1563 2760 vetustas!
1606 2728 1724 2760 Interi-

1023 2778 1074 2820 ιιι]
1098 2777 1294 2810 Moriuntur
1317 2777 1406 2809 enim
1432 2776 1572 2810 flumina
1595 2777 1726 2819 Poetis,
