1878 3164
300 230 414 274 1786

345 336 408 366 884
432 333 519 366 Hinc
531 332 683 365 Herculeo
695 332 822 373 vapore]
845 332 900 365 Ad
913 333 995 366 dex-

301 387 392 416 trum
416 384 505 416 latus
529 384 650 415 Lernae
676 379 799 423 stagna
822 383 995 416 Herculeo

301 442 427 475 vapore
452 434 598 474 signata,
614 433 710 473 quasi
725 431 866 464 infamia
880 433 995 465 dimis-

298 492 346 514 sa.
390 483 428 514 Si
457 491 572 514 veram
594 491 785 523 quaeramus
807 481 998 523 historiam,

300 532 412 563 Lerna
429 532 524 573 palus
547 530 623 567 fuit,
639 541 712 572 quae
735 541 811 563 cum
837 530 996 574 frequen-

301 585 355 613 ter
382 582 579 621 siccaretur,
600 585 636 612 et
659 581 770 613 denuo
797 582 996 623 impleretur

300 633 410 674 aquis,
439 633 607 664 Hercules
637 631 861 673 deprehendit
892 643 994 665 venas

301 687 403 714 terrae
430 682 587 714 incendio
617 691 715 722 posse
744 682 922 722 praecludi,
944 689 994 714 at-

300 742 366 774 que
389 732 466 764 ideo
494 739 711 773 posteaquam
736 732 894 765 exhausit
908 743 995 774 eam,

299 782 415 821 ignem
430 782 605 814 adhibuit:
629 786 665 813 et
687 782 716 814 si
731 792 799 824 qua
814 782 903 814 unda
918 793 996 824 pro-

299 831 493 873 rumpebat,
523 831 713 870 obstruxit3
745 841 821 863 nam
853 833 994 874 hydram

299 886 488 913 monstrum
511 880 615 913 fuisse
630 880 691 912 ἀπὸ
704 882 762 912 τοῦ
776 881 887 914 ὕδατος
901 881 995 915 fabu-

300 930 343 962 1ae
358 940 480 963 nomen
495 930 652 963 obtinuit.
679 931 826 963 Laetam.

342 984 407 1023 385
434 982 569 1013 Tandem
593 981 735 1021 reclusis]
771 982 913 1023 Signum
940 986 994 1015 est

303 1031 457 1071 pacificae
473 1031 635 1063 civitatis.
657 1032 756 1063 Idem.

342 1083 406 1113 399
427 1081 619 1122 Amphiarai}
645 1081 746 1122 vides]
780 1081 994 1114 Somniorum

297 1134 334 1162 et
353 1130 612 1172 Aruspiciorum
629 1131 866 1163 solertissimus
892 1133 996 1165 inter-

299 1189 390 1220 pres,
404 1180 489 1211 adeo
505 1185 543 1211 ut
559 1184 637 1220 post
651 1180 995 1214 mortem'Oraculum

298 1229 471 1270 habuerit,
486 1234 523 1262 et
537 1229 653 1261 divino
669 1230 795 1262 honore
811 1231 856 1263 sit
872 1233 996 1273 cultus,

299 1279 350 1310 uti
374 1279 487 1311 multis
514 1279 621 1311 tradit
644 1279 832 1312 Pausanias
858 1281 997 1315 Atticis.

298 1327 401 1370 Apud
424 1338 525 1371 quem
547 1329 650 1361 etiam
674 1330 740 1361 alia
761 1330 841 1362 alibi
862 1331 919 1363 vix
943 1341 997 1364 re-

298 1379 479 1421 periunda.
522 1379 651 1411 Fanum
676 1379 719 1411 ad
746 1379 900 1422 Oropum
929 1392 997 1415 non

298 1430 418 1470 procul
446 1429 572 1461 Thebis
598 1430 751 1462 celebrat
777 1430 997 1464 Dicaearchus

299 1480 333 1511 in
344 1480 471 1512 lambis
482 1480 748 1522 Geographicis:
761 1479 815 1512 εἶτ’
827 1480 893 1512 ἔστ’
903 1482 997 1524 Ὠρω-

301 1528 358 1561 πὸς
370 1528 471 1571 πόλις,
482 1528 542 1562 Καὶ
551 1531 608 1568 τῆς
618 1528 774 1568 θαλάττης
787 1529 907 1571 ἀπέχον
918 1531 998 1573 ἱερὸν

303 1579 339 1611 οὗ
352 1578 434 1612 πολὺ
440 1579 528 1612 Ἐπ’
548 1579 733 1622 Ἀμφιαράου
747 1579 799 1612 καὶ
812 1578 885 1613 νέως
895 1580 947 1613 καὶ
959 1582 997 1614 τὸ

301 1629 436 1670 τέμενος.
474 1631 558 1663 Fani
574 1631 727 1672 ejusdem
742 1631 778 1662 in
792 1631 867 1663 loco
883 1632 994 1673 sepul-

298 1681 360 1721 cri,
383 1685 420 1712 et
439 1684 546 1712 tantae
569 1679 787 1712 auctoritatis
806 1681 935 1712 oraculi
956 1686 995 1714 ut

297 1738 374 1762 cum
406 1729 567 1771 Apolline
610 1730 780 1771 Delphico
815 1734 852 1762 et
887 1731 994 1764 aheno

297 1781 451 1814 Dodonae
481 1786 617 1814 certare
646 1782 809 1823 potuerit,
837 1782 994 1816 m'eminit

295 1831 455 1863 Valerius
477 1831 646 1863 Maximus
667 1831 725 1863 lib.
743 1839 825 1863 vm.
848 1841 926 1874 cap.
941 1836 992 1865 15.

299 1881 467 1914 Barthius.

339 1932 402 1962 401
428 1931 587 1972 Calydona
609 1931 800 1972 relinquens]
828 1931 991 1974 Calydon,

296 1980 454 2022 Pleuros,
481 1987 518 2013 et
548 1982 688 2023 Olenos,
718 1982 876 2014 civitates
911 1989 992 2016 sunt

295 2030 445 2072 AEtoliae,
456 2032 545 2063 unde
555 2030 622 2063 fuit
632 2031 768 2072 Tydeus
779 2043 789 2071 ς
802 2037 904 2074 atque
915 2033 992 2064 ideo

294 2080 397 2112 modo
425 2081 662 2122 Calydonium,
688 2082 788 2114 modo
812 2083 992 2114 Pleuroni—

297 2139 372 2162 um:
390 2130 446 2162 hic
462 2136 575 2163 autem
587 2132 723 2172 Tydeus
736 2131 879 2164 fratrem
896 2143 992 2165 suum

297 2179 484 2212 interemit.
529 2181 638 2212 Moris
669 2186 781 2213 autem
812 2181 879 2214 fuit
906 2184 992 2216 anti-

296 2229 386 2270 quis,
406 2230 498 2261 sicut
517 2229 621 2261 etiam
641 2230 810 2263 Homerus
833 2231 931 2273 dicit,
954 2239 994 2264 ut

296 2287 372 2311 reus
397 2279 568 2311 homicidii
593 2281 760 2313 exularet.
812 2282 904 2324 Ergo
926 2283 992 2324 Ty-

296 2329 380 2360 deus
392 2330 546 2361 conscius
557 2331 728 2371 parricidii
740 2331 869 2364 dimisit
881 2338 992 2374 pater·

296 2387 378 2410 num
401 2388 555 2420 regnum,
580 2383 617 2411 et
641 2389 723 2411 casu
747 2381 866 2413 eadem
889 2388 992 2414 nocte

297 2427 418 2459 iisdem
459 2427 636 2460 confectus
676 2429 839 2462 imbribus
871 2431 993 2473 quibus

297 2477 481 2518 Polynices
496 2477 607 2519 Argos
624 2479 726 2512 venit.
748 2479 894 2513 Laetam.

338 2530 404 2560 406
426 2528 516 2560 Subit
541 2538 601 2560 mro
629 2530 780 2571 tegmine]
804 2530 993 2564 Aufer-endi

296 2587 425 2616 casnm,
452 2587 514 2618 pro
539 2578 642 2610 dandi
666 2579 792 2620 posuit,
823 2581 913 2621 quod
939 2586 992 2613 est

295 2627 480 2667 elegantiae
497 2626 629 2667 priscae.
672 2628 858 2661 Lucillius:
879 2629 889 2648 ‘
907 2631 992 2663 Esu-

297 2677 408 2708 riente
432 2677 522 2708 leoni
548 2687 591 2708 ex
614 2686 674 2709 ore
697 2680 880 2720 exculpere
902 2691 991 2722 prae-

297 2725 400 2758 dam!
445 2725 551 2766 Prop.
573 2726 632 2758 lib.
645 2735 671 2758 1.
697 2726 707 2745 ‘
722 2727 787 2759 Illa
803 2737 879 2761 meo
894 2739 992 2763 caros

297 2776 455 2809 donasset
470 2774 588 2809 funere
604 2776 740 2809 crines.'
762 2778 912 2812 Bernart.

762 239 906 272 NOTAE
937 240 1200 274 VARIORUM
1235 243 1287 275 ΙΝ

1087 339 1151 368 408
1176 337 1319 378 Rabiem]
1343 337 1464 371 Litem.
1485 338 1631 372 Lactant.
1723 358 1725 360 ·

1087 389 1152 417 409
1177 386 1354 425 Defendet-e
1380 389 1514 430 noctem]
1550 387 1739 424 Prohibere

1045 434 1204 476 injuriam
1219 438 1431 479 tempestatis
1452 447 1519 470 non
1541 437 1633 480 passi
1647 443 1739 471 sunt.

1046 484 1144 517 Idem.

1088 537 1151 566 414
1164 535 1298 577 Celsior]
1313 536 1324 554 ⁴
1337 535 1493 568 Erectior
1507 539 1650 576 statura,
1661 546 1737 578 qnae

1047 584 1165 624 major,
1187 584 1334 625 majores
1360 585 1464 617 etiam
1486 585 1611 627 gradus
1634 583 1740 619 facit-¹

1046 633 1102 664 Ita
1114 638 1210 665 vetus
1221 639 1408 675 enarrator,
1421 644 1501 667 sane
1514 645 1614 677 qnam
1625 634 1738 668 docte.

1045 682 1201 722 Tydeum
1224 684 1312 715 euim
1334 684 1585 725 provectiorem
1606 690 1739 726 tempo-

1046 742 1118 764 rum
1135 733 1218 765 ordo
1232 733 1345 766 docet.
1366 734 1484 766 Barth.

1087 785 1150 814 415
1174 783 1238 815 Sed
1261 793 1322 815 non
1345 787 1377 816 et
1400 783 1534 825 viribus]
1567 786 1580 803 ‘
1598 783 1740 818 Animus

1046 830 1170 864 sufficit
1186 833 1273 864 vires
1287 832 1427 874 Tydeo?
1440 834 1628 866 Ennaton·-
1663 834 1740 866 Me-

1046 882 1109 914 lius
1138 883 1316 916 Lutatius:
1347 885 1357 902 ‘
1375 883 1514 916 Viribus
1541 893 1621 924 ergo
1646 893 1738 917 com-

1046 933 1201 973 pensavit
1214 933 1303 975 qnod
1316 933 1448 966 Natura
1460 933 1660 974 proceritati
1670 943 1739 966 non

1046 982 1228 1022 concessit,
1246 987 1284 1014 ut
1301 992 1407 1024 parvo
1421 982 1558 1024 corpori
1572 983 1676 1015 robur
1689 983 1739 1016 in-

1045 1030 1230 1065 funderet!
1273 1033 1353 1064 Non
1372 1037 1426 1065 est
1449 1043 1533 1074 opus
1558 1033 1739 1076 quicquam

1045 1079 1236 1120 immutari;
1258 1081 1404 1113 Poetica
1424 1082 1514 1114 enim
1537 1082 1666 1115 locutio
1685 1087 1740 1115 est

1046 1131 1166 1162 omnis.
1189 1134 1236 1163 set
1258 1130 1382 1173 ubique
1404 1136 1441 1164 et
1454 1131 1510 1165 hic
1525 1132 1671 1174 optimas
1684 1132 1740 1165 Li·

1046 1179 1118 1211 ber.
1140 1180 1240 1212 Idem.
1545 1224 1547 1227 .

1089 1231 1152 1261 420
1166 1230 1343 1273 Rhiphaeoe]
1357 1231 1387 1263 1.
1400 1240 1430 1263 e.
1442 1231 1625 1272 Scythicae.
1647 1231 1737 1273 Rhy-

1048 1278 1162 1319 phaeus
1177 1289 1272 1311 mons
1285 1280 1447 1322 Scythiae,
1471 1281 1506 1312 in
1525 1290 1591 1323 qno
1605 1290 1740 1322 semper

1046 1328 1159 1361 nimiae
1185 1333 1429 1371 tempestatem
1455 1334 1493 1362 ut
1507 1330 1602 1371 Virg.
1623 1331 1633 1348 ‘
1649 1330 1740 1372 Rhy-

1047 1377 1145 1418 phaeo
1161 1378 1315 1410 tunditur
1325 1378 1442 1411 Euro-⁷
1476 1379 1629 1421 Flexoque
1639 1378 1739 1420 genu]

1047 1427 1247 1469 Duplicato,
1268 1428 1359 1470 quod
1384 1429 1500 1461 Graeci
1521 1430 1572 1461 διπ
1711 1440 1740 1463 ιν

1046 1482 1182 1510 vocant.
1204 1478 1352 1510 Lactant-

1089 1530 1152 1559 421
1168 1527 1288 1569 Pisaeo]
1306 1528 1398 1560 Pisae
1411 1528 1533 1560 civitas
1547 1527 1668 1571 Elidis,
1679 1527 1740 1562 ubi

1048 1576 1231 1619 olympica
1255 1587 1380 1610 corona
1401 1582 1474 1619 θεῖς
1499 1577 1534 1611 id
1559 1583 1626 1620 est,
1651 1588 1739 1621 agon

1046 1627 1081 1659 in
1105 1627 1264 1660 honorem
1281 1628 1452 1670 Olympici
1471 1629 1566 1661 Jovis
1588 1628 1740 1662 celebra-

1045 1680 1112 1718 tur,
1128 1677 1223 1709 finito
1240 1678 1482 1720 quinquennio.
1503 1678 1603 1710 Idem.

1085 1731 1149 1760 1123
1174 1730 1285 1760 Caveoe
1307 1728 1476 1770 disemus]
1498 1728 1541 1760 Id
1565 1735 1618 1761 est
1642 1728 1738 1762 favor

1043 1778 1161 1819 populi
1171 1778 1368 1810 dissidentis
1379 1779 1519 1820 instigat
1530 1779 1695 1821 ephebos,
1703 1784 1740 1813 et

1043 1828 1214 1868 expressit
1229 1827 1416 1860 faventium
1431 1828 1555 1860 studia.
1579 1829 1678 1862 Idem.

1084 1880 1149 1910 424
1164 1879 1368 1920 Exclusoeque
1381 1877 1576 1919 exspectant]
1591 1879 1740 1921 Elegan-

1042 1926 1194 1958 tissimus
1211 1927 1334 1968 Poeta,
1355 1928 1442 1960 serio
1456 1928 1491 1959 id
1507 1937 1625 1969 agens,
1646 1929 1738 1971 quod

1043 1986 1143 2018 agere
1165 1988 1232 2009 non
1256 1977 1405 2019 videtur,
1428 1979 1580 2019 respexit
1603 1979 1647 2011 ad
1667 1989 1737 2012 mo-

1043 2037 1115 2060 rem
1153 2028 1363 2065 Graecorum,
1402 2037 1469 2069 quo
1517 2027 1738 2070 Olympicum

1043 2086 1186 2119 agonem
1215 2083 1372 2119 spectare
1405 2076 1540 2110 feminis
1573 2079 1738 2119 interdic·

1044 2132 1127 2159 tum.
1163 2127 1251 2159 Vide
1262 2127 1463 2160 Pausaniam
1476 2128 1600 2161 Eliacis
1615 2128 1737 2170 priore.

1043 2178 1195 2210 Bernart.
1270 2203 1272 2205 .

1085 2230 1149 2260 425
1175 2227 1329 2269 Cupidine
1350 2228 1468 2270 ῑαιιάίε]
1492 2229 1571 2261 Non
1592 2229 1738 2270 pecunia

1043 2282 1104 2310 aut
1119 2279 1251 2319 praemii
1273 2279 1451 2311 nimietate
1469 2279 1662 2321 certabant,
1676 2281 1738 2312 sed

1042 2327 1151 2359 laudis
1168 2327 1275 2359 avidis
1292 2328 1395 2360 solius
1416 2332 1491 2360 erat
1506 2329 1644 2361 virtutis
1659 2339 1737 2362 con-

1043 2379 1163 2410 tentio.
1184 2378 1327 2410 haunt.

1085 2430 1147 2459 435
1182 2428 1356 2459 Numer-osa
1384 2428 1466 2470 luce]
1502 2429 1587 2462 Cum
1621 2430 1737 2463 multis

1042 2478 1267 2519 lampadibus.
1289 2479 1388 2510 Idem.

1083 2532 1148 2561 439
1165 2529 1301 2561 Externi
1307 2529 1451 2570 juvenes]
1466 2530 1618 2563 Alterius
1633 2540 1735 2571 gene-

1043 2579 1109 2611 ris:
1128 2583 1167 2611 ut
1179 2580 1277 2619 Virg.
1293 2579 1393 2610 ‘Non
1406 2589 1460 2610 me
1476 2580 1538 2611 tibi
1552 2581 1657 2621 Troja
1668 2580 1738 2612 Ex-

1043 2634 1176 2662 ternum
1203 2628 1314 2661 tulit:’
1337 2634 1397 2661 aut
1425 2634 1523 2661 certe
1552 2630 1636 2662 illud
1661 2631 1737 2663 vult

1041 2679 1149 2720 magis
1173 2679 1330 2719 intelligi,
1355 2683 1486 2711 tantam
1510 2679 1635 2712 civium
1659 2690 1736 2713 suo-

1041 2738 1113 2760 rum
1130 2733 1224 2761 metu
1243 2728 1335 2769 regis
1358 2737 1433 2761 esse
1456 2727 1683 2769 formidinem,
1698 2734 1737 2762 ut

1041 2778 1152 2811 nullus
1168 2776 1293 2810 audeat
1314 2785 1413 2810 manu
1431 2775 1526 2813 litem
1541 2787 1733 2812 conserere.
