1878 3164
299 207 414 251 1810

299 317 420 346 nactus
446 312 706 354 Argentinensis
733 313 902 346 Editionis
933 313 996 345 Ar·

298 363 497 404 chitectum,
513 368 552 395 ut
563 363 659 395 Sacer
673 363 802 395 malint.
837 364 996 396 Valeant.

299 413 428 445 Contra
454 417 507 445 tot
531 418 651 450 testes,
672 423 732 445 nos
756 418 792 445 et
817 422 996 454 personam

297 463 449 495 Eteoclis
479 463 545 494 illis
574 463 786 504 opponimus,
811 463 868 505 qui
894 464 995 504 longe

298 513 454 545 inscitius
487 514 497 532 ‘
519 522 652 545 sacrum
683 513 823 546 senem'
855 513 994 553 dixerit,

300 573 402 605 quam
438 562 546 604 Argia
583 564 754 596 Socerum.
799 563 994 604 Impietatis

298 613 402 645 etiam
426 614 509 645 satis
533 618 678 655 tyranno
703 618 769 654 est,
783 622 858 645 cum
873 613 926 644 ille
946 623 994 645 se·

296 673 369 700 nex,
407 672 470 704 pro
505 662 810 695 infortunatissimo
845 659 994 695 omnium

297 723 382 755 qnos
410 717 503 745 terra
532 713 724 745 sustinebat
750 717 834 752 tum,
855 713 994 752 dicitur,

297 763 342 795 de
369 767 479 804 patre.
500 763 617 795 Barth.
651 764 728 795 Jam
750 767 875 804 pectora
887 763 991 804 vulgi]

295 813 412 845 Tertia
426 823 525 845 causa
548 813 704 853 validior,
720 822 825 855 quare
840 823 906 844 non
919 813 993 844 red-

296 863 358 894 dat
384 863 573 904 imperium,
589 864 621 894 in
639 863 707 894 fine
738 867 790 895 est
814 863 993 902 collocata,

295 922 362 944 non
377 913 450 944 sine
463 913 576 954 aliqua
590 914 707 954 specie
724 913 894 944 veritatis:
920 922 993 944 cer-

296 966 389 995 tatur
426 972 547 1004 magna
582 973 660 995 cum
692 962 992 994 commendationis

295 1013 452 1052 schema3
475 1013 560 1044 dicit
572 1013 661 1044 enirn
675 1012 839 1054 perfidum
854 1022 889 1044 se
907 1013 992 1044 velle

295 1062 375 1101 dici,
402 1063 584 1095 dummodo
614 1063 682 1095 suis
711 1063 840 1095 civibus
872 1063 991 1104 prosit.

291 1112 438 1145 Lactunt.

335 1164 399 1194 446
425 1163 568 1202 Regnum
591 1162 695 1203 bret-e]
717 1163 759 1195 Id
789 1167 853 1203 est,
878 1164 991 1196 brevis

293 1212 544 1245 administratio
581 1214 767 1245 successori
813 1214 991 1255 imperium

293 1272 431 1295 servare
443 1273 510 1295 non
527 1263 670 1304 patitur:
694 1265 778 1296 etin
790 1265 899 1306 primo
914 1264 991 1296 ideo

291 1314 465 1356 querelam
489 1314 607 1355 populi
635 1314 784 1353 induxit,
800 1324 900 1355 posse
922 1325 991 1346 am-

289 1364 351 1395 bos
396 1363 554 1404 perdere.
601 1363 795 1395 Lactantius.
843 1364 991 1403 Regnum

289 1412 394 1453 breve]
418 1413 473 1445 Ab
488 1422 547 1444 ore
570 1413 724 1454 improbo
747 1413 988 1454 probissimum

289 1463 431 1499 dictum,
460 1462 516 1494 cui
544 1463 643 1503 plena
674 1472 755 1494 cera
777 1459 990 1504 'subscripsit

288 1513 463 1544 Romanus
484 1512 689 1553 Imperator,
714 1512 804 1553 apud
832 1513 989 1545 Tacitum

288 1563 379 1594 Hist.
403 1571 443 1594 11.
465 1563 474 1580 ‘
491 1561 699 1602 Difficilius(
722 1563 888 1604 inquiam,
911 1563 921 1582 ‘
935 1569 989 1595 est

288 1619 482 1654 temperare
494 1612 741 1654 felicitati,qua
755 1617 790 1644 te
807 1622 872 1644 non
889 1618 988 1654 putes

287 1664 345 1694 diu
369 1662 529 1694 usurum!
574 1663 664 1695 Quid
696 1672 787 1701 ergo,
807 1672 850 1694 ex
880 1672 987 1694 usune

286 1712 499 1753 Reipublicae
529 1712 674 1743 honores
698 1713 815 1752 longos
840 1712 924 1744 dare
950 1717 987 1744 et

285 1762 486 1793 diuturnos?
510 1762 665 1793 abnuunt
690 1762 769 1793 aliis
794 1762 885 1793 inter
900 1772 985 1803 quos

284 1811 366 1851 Dio,
392 1811 449 1851 qui
468 1811 554 1842 libro
578 1820 640 1843 Lu.
661 1810 699 1842 Αἱ
728 1810 910 1852 μακρότεραι
934 1811 986 1843 καὶ

284 1862 566 1902 πολυχρονιώτεραι
602 1861 696 1903 ἀρχαὶ
726 1861 884 1902 &ruspensi
921 1874 985 1895 πως

283 1910 434 1947 πολλοὺς,
449 1910 500 1942 καὶ
523 1914 555 1942 ἒς
569 1909 803 1952 νεωτεροποιΐαν
829 1910 983 1951 ἐξάγουσι.

282 1962 441 2002 Longior-‘a
458 1967 489 1994 et
508 1963 710 2003 diuturniora
727 1963 859 2003 imperia
873 1964 985 1995 multos

283 2013 443 2052 attollunt,
463 2014 546 2045 etad
568 2023 618 2044 res
633 2014 789 2045 novandas
807 2013 981 2054 impellunt.

283 2062 351 2096 Qui
379 2062 514 2094 verius?
559 2063 639 2094 Non
662 2072 726 2104 ego
743 2063 786 2094 de
811 2063 911 2103 plebe
927 2064 983 2095 lit-

284 2117 471 2144 teratorum
503 2112 716 2153 interponam
753 2111 981 2144 decretorium

283 2161 411 2194 stilum.
456 2162 494 2193 Si
514 2162 625 2202 magni
642 2166 755 2193 tamen
775 2162 932 2200 honores,
947 2163 982 2194 in

284 2211 405 2243 Dionis
445 2212 648 2243 sententiam
699 2211 818 2243 videor
854 2212 980 2245 iturus:

281 2261 553 2303 quandoquidem
590 2261 688 2294 Livio
726 2262 828 2294 etiarn
866 2267 979 2294 teste:

281 2313 291 2329 ‘
309 2311 496 2342 Libertatis
527 2319 647 2352 magna
675 2311 831 2343 custodia
858 2316 922 2352 est,
951 2314 981 2344 si

282 2371 401 2401 magna
416 2361 560 2402 imperia
581 2361 742 2392 diuturna
755 2371 831 2393 esse
855 2371 922 2394 non
938 2362 981 2394 si-

282 2410 367 2442 nas·y
385 2411 537 2442 Bernart.

322 2462 387 2491 448
413 2460 492 2496 Quis
505 2463 591 2491 certa
615 2463 662 2491 est
676 2460 732 2492 sub
756 2464 787 2492 te
807 2463 895 2501 duce,
910 2461 981 2502 ξω]

281 2510 324 2542 Id
346 2514 412 2549 est,
437 2510 498 2541 hos
526 2510 590 2542 tibi
616 2519 679 2550 ego
707 2510 750 2541 ad
776 2511 980 2552 supplicium

283 2562 427 2599 tradam,
444 2562 472 2591 si
494 2565 605 2591 tamen
621 2559 726 2591 fueris
747 2561 894 2602 adeptus
919 2561 980 2592 im-

282 2610 428 2650 perium,
444 2610 566 2651 quibus
593 2614 687 2642 certa
704 2615 758 2642 est
787 2620 888 2651 poena
912 2621 979 2642 me-

281 2661 444 2698 ritorum3
476 2664 652 2692 merentur
688 2661 777 2692 enim
811 2662 980 2702 supplicia

282 2709 371 2752 quod
389 2709 467 2740 mihi
485 2710 673 2750 paruerint.
696 2710 844 2743 Lactant.

304 2762 386 2793 -450
407 2759 445 2792 Si
466 2761 552 2790 modo
576 2759 682 2801 notas]
705 2761 783 2795 Non
806 2761 849 2796 de
873 2761 979 2796 nillilo

764 219 904 251 NOTAE
938 219 1202 252 VARIORUM
1234 220 1287 251 IN

1046 314 1135 345 hunc
1150 323 1233 355 erga
1248 324 1286 346 se
1301 314 1419 356 populi
1430 314 1646 356 proeten'dere
1659 316 1742 350 lm·

1047 364 1156 396 oclem
1172 373 1227 396 res
1239 365 1312 405 ipsa
1327 366 1452 406 arguit,
1467 366 1556 408 quod
1571 363 1743 408 nimirum}

1046 418 1084 445 ut
1100 423 1178 445 eum
1200 417 1409 455 tutarentur,
1432 425 1506 447 sese
1528 424 1643 448 omnes
1656 416 1742 448 The&

1047 463 1125 494 bani
1147 464 1288 504 Septem
1316 469 1437 497 contra
1453 465 1680 506 venientibus,
1699 458 1743 499 ut·

1045 517 1164 544 auctor
1179 514 1360 546 Thebaidis
1373 515 1534 557 loquitur,
1544 516 1673 556 Regni·
1681 525 1742 558 op-

1045 564 1233 604 posuerint.
1270 565 1361 597 Vide
1379 566 1573 606 AEschylum
1589 566 1688 598 initio
1703 556 1741 598 ef:

1045 612 1124 643 alibi
1141 612 1175 643 in
1189 613 1330 655 Septem
1344 614 1524 647 Thebanis·
1538 616 1654 648 Barth.

1085 665 1147 694 451
1187 663 1330 696 Reddere
1365 673 1464 704 regna
1494 664 1614 706 sinent]
1650 660 1740 698 Haen

1044 717 1095 744 est
1124 713 1173 744 rei
1203 713 1346 754 decisio,
1372 724 1472 755 quam
1502 724 1580 747 cum
1602 714 1740 757 Tydeus

1039 762 1194 803 percipit
1218 772 1430 805 nequaquam
1461 764 1604 796 ulterius
1627 760 1741 796 animo*

1041 812 1233 854 linguaeque
1250 813 1418 854 imperare
1434 818 1560 854 potest.
1598 814 1741 847 Pet-cula

1042 871 1098 892 sus
1110 871 1193 902 ergo
1206 864 1413 904 argumentis
1425 864 1513 906 quod
1529 869 1566 896 et
1580 865 1741 906 retinere,

1042 916 1079 942 et
1092 916 1186 943 recte
1203 917 1307 953 atque
1315 913 1395 953 jure
1411 913 1562 945 retinere
1578 912 1741 955 persuaso

1043 962 1129 993 velle
1155 963 1281 1003 populo
1298 963 1415 995 videat
1434 972 1590 1004 regnum,
1606 959 1741 997 advim'

1041 1022 1134 1044 suam
1150 1017 1186 1044 et
1201 1013 1307 1045 minas
1322 1014 1481 1054 erumpit.
1497 1014 1573 1046 Solu.
1589 1014 1695 1048 me-
1726 1022 1730 1041 ἑ

1083 1064 1146 1093 453
1169 1063 1361 1104 Ingemiaeat,
1371 1063 1496 1105 reddes]
1512 1064 1650 1106 Tydeus
1662 1069 1738 1097 tam·

1043 1115 1114 1143 tum
1135 1112 1196 1144 hac
1212 1113 1341 1144 invidia
1364 1113 1527 1145 orationis
1541 1114 1678 1155 egitjut
1697 1113 1739 1146 li·—

1042 1167 1098 1194 cet
1114 1163 1246 1203 legatus
1268 1168 1373 1203 esset,
1387 1163 1484 1205 juste
1499 1167 1615 1196 tamen
1626 1172 1738 1197 nere-

1041 1217 1136 1244 retur
1150 1212 1271 1245 occidi.
1294 1213 1440 1245 Laotunt.

1082 1265 1144 1294 455
1167 1263 1340 1304 Amphion]
1365 1264 1464 1296 Jovis
1489 1263 1527 1296 et
1552 1263 1736 1307 Anthiopoe

1039 1311 1143 1351 filius,
1159 1313 1242 1353 lyrae
1265 1313 1474 1345 carminibus
1497 1313 1542 1347 ad
1558 1314 1741 1348 'I'hebauos'

1039 1362 1274 1395 aedificandum
1289 1363 1543 1396 muros'dicitur
1557 1372 1638 1397 saxa
1652 1364 1739 1397 dux·

1038 1412 1115 1444 isse.
1138 1414 1236 1445 Idem.

1081 1464 1144 1494 457
1177 1463 1366 1495 Diademute
1390 1463 1508 1505 palm]
1543 1463 1707 1497 oratorie
1721 1474 1733 1497 ε

1038 1516 1077 1543 ut
1095 1510 1229 1543 felicior
1250 1522 1350 1553 poena
1367 1513 1412 1545 sit
1433 1514 1518 1545 mori
1539 1523 1616 1546 cum
1630 1513 1740 1556 digni-

1040 1565 1124 1600 tate,
1140 1568 1239 1604 qua'm
1255 1562 1374 1594 fraude
1392 1563 1556 1603 possedit.
1578 1563 1680 1596 Idem·
1723 1580 1726 1583 ·

1080 1615 1144 1644 460
1183 1613 1310 1649 Quanta
1353 1613 1532 1654 Citheron]
1579 1614 1734 1646 Mentem

1037 1671 1188 1693 seorsum
1205 1663 1447 1704 compellatum
1462 1663 1628 1704 intellige.
1663 1663 1734 1696 sed

1036 1715 1072 1743 et
1085 1712 1198 1753 aliquo
1215 1717 1329 1744 tamen
1344 1712 1444 1745 modo
1468 1717 1504 1745 et
1521 1713 1596 1754 ipse
1616 1718 1735 1755 potest

1034 1760 1102 1793 dici
1129 1766 1245 1793 rotare
1270 1760 1406 1802 funera,
1423 1772 1500 1794 cum
1525 1763 1560 1794 in
1587 1763 1734 1796 collibus

1034 1811 1108 1852 ejus
1132 1811 1213 1843 caesi
1228 1811 1380 1843 homines
1406 1812 1448 1843 ad
1468 1812 1601 1845 radices
1616 1821 1733 1846 cumn*

1032 1864 1128 1895 latim
1145 1863 1383 1895 devolventur.
1411 1864 1476 1896 Vet.
1491 1863 1594 1896 Schol.
1721 1868 1724 1871 '

1075 1916 1138 1946 461
1162 1913 1355 1953 Sanguineis
1377 1913 1480 1954 vadis]
1502 1913 1599 1946 Toris
1612 1914 1645 1946 in
1655 1923 1733 1946 san·-

1033 1963 1167 2005 guinem
1184 1963 1300 1994 versis.
1343 1962 1434 1994 Vide
1455 1962 1498 1994 ad
1521 1963 1605 1995 illud
1631 1963 1731 1995 Clau-

1033 2013 1079 2044 dii
1093 2024 1101 2043 :
1124 2014 1134 2031 ‘
1152 2013 1279 2052 Staret,
1293 2013 1328 2044 ni
1343 2012 1482 2053 rapidus
1490 2012 1653 2054 jussisset
1669 2011 1731 2044 fln'·

1032 2062 1122 2093 mina
1133 2061 1294 2102 sangnis?
1316 2061 1435 2093 Barth.

1073 2113 1137 2143 464
1160 2111 1224 2143 Sed
1240 2111 1333 2150 fallit
1360 2111 1466 2153 origo]
1489 2112 1542 2144 Ex
1563 2111 1734 2145 dissimili.

1033 2162 1151 2194 tudine
1166 2166 1203 2194 et
1218 2162 1373 2195 bonitate
1387 2172 1532 2203 morum,
1547 2163 1730 2204 Polynices

1032 2214 1147 2255 OEdipi
1163 2213 1249 2246 filius
1263 2224 1330 2245 non
1344 2218 1495 2254 putatur.
1516 2215 1664 2248 Ludunt.

1073 2266 1138 2295 466
1161 2263 1228 2295 Nos
1248 2263 1398 2304 poscimus
1407 2264 1537 2305 annum]
1561 2264 1726 2306 Subanffi,

1034 2316 1044 2333 ‘
1060 2315 1119 2347 sed
1136 2314 1169 2346 in
1194 2324 1297 2355 regna
1313 2319 1478 2354 perpetua
1491 2314 1513 2346 :‘
1535 2318 1574 2346 ut
1586 2314 1729 2347 Lucan·-

1030 2365 1041 2386 ‘
1057 2365 1162 2396 Arma
1182 2364 1315 2395 tenenti
1331 2363 1457 2395 Omnia
1472 2363 1543 2404 dat,
1558 2363 1616 2405 qni
1630 2363 1730 2405 justa

1029 2416 1154 2454 negat:
1186 2413 1285 2444 Idem.
1654 2454 1657 2457 Δ

1071 2466 1134 2495 467
1153 2463 1249 2494 Retro
1261 2461 1448 2502 vociferans]
1468 2462 1619 2495 sensus:
1636 2462 1727 2495 Hm

1029 2523 1106 2545 cum
1122 2511 1346 2554 egrederetur
1361 2511 1511 2552 dicebat,
1527 2517 1727 2554 respectans

1030 2563 1063 2594 in
1078 2563 1204 2597 limine·
1227 2562 1326 2593 Idem.
1714 2586 1716 2588 v

1070 2615 1135 2644 469
1160 2612 1276 2645 Evolat
1301 2611 1446 2644 OEnides.
1475 2611 1612 2652 Vindex]
1640 2612 1726 2645 Mus.

1030 2663 1152 2694 OEneoe.
1190 2661 1321 2700 Recte;
1346 2661 1445 2692 modo
1483 2662 1583 2694 aliter
1617 2661 1727 2694 inter-

1029 2721 1179 2753 pungas:
1207 2712 1330 2743 Evolat.
1355 2712 1467 2743 OEneae
1481 2712 1599 2744 vindex
1616 2711 1662 2744 sic
1673 2712 1727 2744 ine

1028 2762 1156 2797 Dianoe.
1182 2761 1294 2796 OEneoe
1309 2765 1364 2793 est
1387 2761 1596 2804 Calydoniae.
1620 2760 1725 2796 ovida
