1878 3164
451 247 492 278 P.
524 245 716 278 ΡΑιηΝιι
751 243 921 277 ετΑτιι
954 246 1103 278 εγιΝ.
1139 246 1238 279 Lm.
1264 247 1309 278 v.
1336 238 1380 278 5.

173 340 407 385 ‘malignum'
443 341 510 374 hoe
538 348 600 373 seu
637 348 762 372 vanum
793 338 880 371 ebur

174 398 367 427 enarratur.
385 391 505 424 Barth.
564 389 567 391 ’

217 445 284 487 289
307 442 474 484 &mique
501 442 535 474 in
561 442 699 483 imagine
727 445 881 482 mustra,

177 493 395 536 Qua-litus]
407 492 450 526 ld
472 496 528 526 est
540 491 627 525 doce
643 501 698 524 me
714 501 778 534 per
791 501 880 524 som-

174 545 269 579 ni·-
283 554 360 587 qun
371 543 504 576 solebas
513 542 636 577 docere
651 543 763 575 vivus.
789 543 878 576 Nam

174 599 213 629 et
235 594 351 629 Numa
375 594 426 627 sie
451 604 548 627 sacra
571 594 744 636 persuasit
757 602 879 626 consu-

172 645 248 679 lens
261 645 436 688 Egeriam,
450 649 488 677 et
501 644 615 686 Scipio
627 643 750 677 Jovem
777 641 880 684 Capi·

173 695 316 730 telinum
341 695 596 738 alloquebatur.
640 694 681 727 In
707 693 878 726 mendosis

172 752 289 781 autem
318 746 495 780 codicibus
521 746 572 778 ita
596 745 747 787 tegitur:
780 744 882 777 somni

172 807 244 840 qua
255 798 292 830 ia
305 796 444 837 imagine
456 799 622 829 monstrat.
647 795 781 827 Domit.

215 849 282 885 Μ
302 847 425 889 Scipio]
447 846 584 889 Oppius
610 851 646 879 et
668 846 783 879 Julius
808 844 882 887 Hy·

172 899 273 941 ςίυιιο
286 898 455 934 scribunt.
482 897 572 940 qnod
599 897 735 930 Gellius
761 896 882 936 tradit,

174 949 370 992 Scipionem
399 948 631 991 Apbricanum
657 948 797 980 solitum
824 957 880 979 ve-

175 999 250 1044 nire
275 999 311 1032 in
333 999 541 1041 Capitolium
569 1004 651 1031 aute
673 998 879 1031 diluculum:

175 1054 213 1083 et
226 1058 332 1083 canes
347 1050 405 1092 qui
420 1050 455 1082 in
467 1050 551 1081 alios
565 1049 720 1081 solebant
745 1049 880 1089 saevire,
910 1063 915 1067 ·

175 1109 218 1132 eo
233 1099 394 1133 veniente
403 1101 586 1143 quievisne.
600 1110 744 1143 eumque
753 1100 881 1142 Jubere

173 1149 325 1191 solitum,
341 1155 379 1182 ut
395 1150 588 1191 aperiretur
601 1151 688 1182 cella
705 1150 803 1183 Jovis
816 1150 881 1182 Ca-

175 1199 322 1242 pitolini.
376 1199 463 1232 Inde
486 1200 638 1232 manavit
660 1199 734 1232 baee
762 1199 879 1242 opinio

175 1249 221 1282 de
245 1259 312 1293 qua
338 1250 462 1283 scribit
487 1250 664 1292 Papinius,
686 1251 776 1293 quod
801 1261 879 1283 cum

173 1300 261 1334 Jove
277 1301 486 1344 loqueretur,
500 1306 540 1334 ut
562 1301 666 1333 etiam
691 1302 793 1344 Sylla,
821 1302 880 1344 qui

174 1351 351 1394 precipue
365 1351 560 1394 Apollinem
569 1352 687 1390 coluit,
698 1352 789 1395 quod
803 1353 877 1394 ejus

176 1402 322 1444 numinis
357 1403 527 1446 colloquio
571 1401 638 1434 frui
680 1403 874 1445 putabatur.

175 1453 374 1487 Praxiteles
383 1463 465 1486 sane
477 1463 522 1487 ex
534 1463 601 1486 aare
608 1452 805 1497 Apollinem
818 1464 878 1496 pu-

175 1505 290 1538 berem
306 1504 391 1538 fecit
405 1505 604 1547 subrepenti
621 1506 758 1538 lacertae
775 1505 879 1538 comi-

176 1565 239 1588 nus
251 1555 479 1588 insidiantem.
503 1557 602 1589 Idem.

221 1607 344 1640 esunt.
359 1616 409 1642 tv.
435 1610 455 1640 7
471 1607 611 1649 Septimi
623 1607 756 1650 Phoebe]
774 1607 880 1649 Prop.

174 1657 236 1690 lib.
253 1666 294 1690 ti.
308 1658 475 1700 Eteg.2o.
494 1659 505 1676 ‘
516 1658 673 1700 Septima
681 1658 753 1700 jam
769 1658 881 1700 plenae

177 1708 363 1742 deducitur
382 1709 495 1742 orbita
509 1708 627 1750 lunae,'
642 1709 677 1742 id
693 1715 759 1750 est,
775 1710 880 1751 septi-

175 1771 232 1794 ma
245 1770 326 1794 nox.
349 1761 446 1794 Luna
460 1762 552 1794 enim
562 1771 624 1803 pro
639 1767 742 1794 nocte
754 1761 881 1803 saepius

177 1811 271 1855 apud
292 1812 440 1846 Pectus.
496 1814 573 1846 Nec
603 1813 705 1846 aliter
731 1813 880 1847 fortasse

175 1869 257 1898 sunt
271 1865 399 1898 ‘amica
410 1865 547 1898 silentia
561 1864 663 1898 lunae'
677 1866 768 1908 apud
785 1866 882 1909 Vin-g.

177 1915 310 1950 AEneid.
333 1924 375 1948 11.
398 1915 433 1948 in
448 1915 573 1958 quibus
588 1921 721 1949 tantum
739 1926 882 1949 acumen

178 1971 398 2000 ostentarunt
409 1966 472 1999 viri
487 1966 592 2000 docti.
616 1967 765 2000 Cruceus.

220 2021 242 2051 8
261 2017 401 2050 Totidem
419 2017 551 2059 OEtoeae]
582 2018 694 2050 Locus
718 2017 773 2050 hic
788 2018 881 2050 varie

179 2069 382 2102 sollicitatus
396 2074 448 2102 est
459 2069 502 2100 ab
515 2067 784 2109 Interpretibus.
807 2070 881 2101 Do-

177 2119 306 2159 mitius,
320 2118 530 2161 diphthongo
548 2118 653 2163 pr'rori
670 2125 812 2160 mutata,
835 2120 881 2152 le-

179 2170 232 2212 git
241 2170 391 2210 AElhoeae,
404 2174 441 2202 et
454 2168 619 2211 intelligit
644 2170 749 2202 solem
770 2171 882 2203 orien-

179 2225 262 2262 tem,
288 2222 370 2264 quia
398 2220 566 2254 ‘AEtlion'
596 2231 681 2253 unus
711 2231 755 2253 ex
785 2222 882 2264 equis

179 2272 270 2306 Solis
286 2271 426 2305 Ovidio.
469 2270 553 2312 Alii,
566 2272 716 2304 AEtlwnie
731 2273 882 2305 malunt:

178 2323 239 2356 sed
263 2321 466 2356 frustnneae
493 2327 531 2355 et
551 2333 648 2354 vauae
674 2323 725 2355 lioe
742 2324 882 2365 conjec-

179 2379 280 2408 turae.
323 2374 413 2407 Nam
443 2373 555 2406 Poe'ta
579 2373 634 2406 hic
653 2375 776 2407 OEtaeus
790 2375 887 2408 Lam-

174 2427 272 2468 puae·
298 2425 452 2468 appellat
480 2425 608 2466 stellas,
636 2436 711 2467 quae
739 2426 772 2458 in
800 2428 885 2460 OEta

179 2482 296 2510 monte
312 2472 471 2509 videntur
484 2475 580 2518 oriri,
595 2477 686 2519 quod
702 2477 830 2510 accidit
845 2478 886 2510 iis

179 2528 316 2570 populis
345 2527 405 2571 qui
435 2527 551 2559 OEtam
579 2527 622 2559 ab
649 2533 726 2560 ortu
745 2528 885 2561 habent.

180 2577 239 2611 Ite
253 2577 410 2611 Catullus
437 2578 550 2610 Carm.
583 2577 741 2619 Nuptial.
767 2580 885 2612 stellas

179 2628 331 2662 ‘OEtoeos
345 2629 460 2670 ignes'
482 2628 591 2660 dixit:
616 2629 626 2646 ‘
642 2629 808 2662 Nimirum
825 2630 884 2663 (Ε-

180 2684 267 2719 teos
293 2678 450 2712 ostendit
479 2677 639 2711 Noctifer
663 2679 783 2720 ignes?
840 2681 886 2714 Et

179 2730 314 2764 Seneca
338 2729 493 2762 Hercule
519 2728 678 2762 furente:
702 2731 804 2766 ‘Jam
821 2742 886 2765 σω.

182 2780 287 2813 ruleis
301 2785 443 2815 evectus
457 2780 568 2822 equis,
590 2780 695 2814 Titan
719 2793 885 2817 summum

185 2830 353 2875 prospicit
367 2829 505 2864 OEtam.'
532 2831 668 2866 Geoart.

1525 239 1639 282 1765

975 341 1016 371 12
1038 340 1173 373 Tantum
1187 339 1341 381 statione]
1363 340 1490 373 Melius
1507 341 1638 374 scribas

929 392 1033 422 tamen
1059 390 1094 422 iu
1118 391 1267 423 statione.
1315 391 1466 433 Tenebat]
1502 391 1543 424 Id
1575 397 1640 435 est,

929 444 1050 481 aperta
1065 441 1273 482 sustinebat,
1288 451 1331 474 ne
1347 442 1539 475 clauderet.
1567 444 1638 475 Sed

930 490 964 522 id
994 495 1108 522 tamen
1132 491 1328 524 alternatim
1355 491 1475 533 fiebat,
1497 493 1639 526 dimidia

931 545 1031 582 parte
1067 542 1244 574 oculorum
1281 541 1457 584 vigilante,
1495 543 1639 577 dimidia

929 590 1134 624 dormiente.
1192 593 1267 635 Ego
1293 598 1408 626 autem
1438 604 1504 636 quo
1532 599 1638 636 pacto

929 641 1063 674 duobus
1076 642 1128 675 his
1139 643 1224 675 meis
1237 644 1411 677 continuae
1424 645 1549 687 vigiliae
1567 645 1638 679 suf·

928 690 1064 725 ficiam?
1088 694 1206 727 Barth.

974 745 1016 776 13
1041 744 1178 786 Corpore
1192 744 1274 786 toto]
1296 745 1397 780 Quod
1422 751 1532 779 totum
1556 757 1638 780 ocu-

930 795 1022 827 leum
1037 794 1118 836 fnit,
1142 799 1181 827 ut
1203 791 1459 838 elegantissime
1486 798 1638 840 loquitur

931 846 1091 878 Plautus.
1115 847 1216 879 Idem.

975 899 1016 929 14
1032 898 1077 928 At
1091 906 1173 929 nunc
1188 896 1263 929 heus
1275 896 1405 939 uliquis]
1422 896 1528 931 Olere
1544 908 1637 931 men-

930 946 1011 979 dum
1040 947 1192 987 videtur,
1221 957 1286 980 nec
1315 948 1502 980 dubitarim
1538 958 1638 991 repo-

930 1007 1037 1030 nere:
1059 998 1105 1030 At
1120 1007 1215 1038 nunc,
1226 998 1298 1039 heu,
1312 998 1440 1040 aliquis.
1463 999 1627 1032 Bernart.

976 1051 1018 1081 16
1039 1049 1135 1080 Totas
1147 1050 1310 1088 infundere
1329 1048 1461 1091 pennas]
1490 1049 1638 1082 Concin—

931 1100 1019 1142 nior,
1035 1102 1223 1143 meliorque
1237 1102 1425 1143 scriptura,
1441 1111 1542 1143 qnam
1566 1101 1638 1134 Ad-

931 1161 1021 1184 vers.
1031 1151 1092 1184 lib.
1105 1161 1216 1184 xvm.
1227 1162 1259 1185 c.
1272 1155 1325 1185 17.
1338 1153 1594 1194 proposuimus:
1607 1156 1639 1185 te

930 1202 1008 1234 totis
1041 1202 1205 1241 infundere
1227 1203 1351 1245 pennis.
1394 1204 1452 1236 De
1488 1205 1498 1221 ‘
1517 1205 1640 1246 pennis

930 1252 1077 1285 amoris'
1102 1254 1197 1296 paria
1226 1255 1269 1286 ad
1295 1254 1384 1286 hunc
1402 1254 1546 1287 aliorum
1561 1255 1641 1287 loca

930 1308 1054 1336 notant
1084 1305 1127 1336 ad
1158 1305 1323 1346 Propert.
1351 1305 1411 1338 lib.
1434 1314 1459 1337 1.
1491 1306 1639 1346 Eteg.3.

931 1354 1088 1387 Beroald.
1116 1364 1192 1396 pag.
1209 1358 1286 1387 581.
1312 1355 1487 1388 Passerat.
1514 1366 1548 1397 p.
1565 1358 1639 1388 158.

927 1406 1047 1438 Levin.
1061 1408 1160 1448 p.53.
1184 1405 1303 1439 Barth.

974 1458 1015 1488 18
1037 1457 1094 1489 Me
1119 1460 1216 1497 tange
1240 1456 1398 1489 cacumine
1419 1456 1536 1497 virgae]
1559 1457 1640 1489 Vir·

931 1515 1010 1548 gam
1034 1515 1151 1538 somno
1166 1506 1345 1548 Papinius,
1359 1507 1484 1548 Virgil.
1498 1516 1641 1549 ramum,

932 1557 990 1588 alii
1004 1566 1121 1598 cornu,
1138 1562 1176 1590 ut
1187 1557 1270 1589 alibi
1280 1557 1408 1590 Noster
1421 1558 1454 1589 in
1471 1557 1582 1590 Theb.
1598 1567 1639 1590 11.

932 1608 1013 1640 Vid.
1029 1608 1179 1640 Turneb.
1197 1607 1254 1640 lib.
1270 1616 1350 1640 xxi.
1367 1617 1398 1640 c.
1414 1610 1448 1640 4.
1474 1609 1622 1642 Crucem.

978 1662 1019 1691 19
1034 1659 1189 1701 Suspenso
1198 1658 1332 1701 poplite]
1345 1659 1490 1692 Etiamsi
1502 1669 1556 1691 me
1571 1669 1640 1692 non

932 1711 1099 1753 attingas,
1126 1710 1187 1751 ait,
1213 1720 1296 1742 aura
1320 1710 1441 1742 saltem
1473 1720 1640 1752 supervo-

931 1761 1036 1794 lantis
1063 1760 1120 1793 fac
1148 1770 1203 1793 me
1230 1758 1336 1799 afflet,
1365 1764 1404 1792 ut
1434 1760 1488 1792 vel
1517 1765 1640 1802 parum

932 1811 1057 1855 quietis
1070 1810 1238 1844 hauriam.
1259 1810 1380 1843 Barth.

977 1863 1101 1896 CARM.
1114 1872 1148 1895 v-
1172 1865 1189 1895 1
1209 1862 1318 1903 Neque
1332 1862 1416 1894 enim
1429 1862 1532 1894 verbis
1540 1863 1641 1895 solen-

931 1914 1025 1947 m'bus
1033 1914 1187 1956 ulla‚85c.]
1200 1914 1258 1946 Ita
1269 1913 1488 1946 scribendum
1501 1924 1641 1947 monue-

932 1971 1086 1999 runt‘nos
1094 1965 1314 1999 eruditissimi
1325 1965 1387 1998 viri
1398 1966 1440 1999 P.
1451 1966 1641 1998 Scriverius

933 2024 970 2052 ct
980 2019 1010 2051 1.
1020 2018 1149 2051 Isacius
1158 2018 1350 2050 Pontanus.
1375 2017 1641 2050 Observandum

932 2075 1048 2102 autem
1058 2068 1240 2101 artificium
1252 2068 1502 2111 Papinii,quod
1518 2069 1552 2100 in
1566 2078 1642 2111 gra-

933 2121 1070 2152 vissimo
1097 2120 1193 2152 luctu
1218 2119 1399 2162 suspendit
1413 2130 1548 2152 versum
1569 2120 1641 2161 illo,

934 2171 1090 2212 Incipiam
1111 2181 1206 2210 nunc,
1231 2170 1326 2212 quasi
1355 2170 1509 2211 singultu
1533 2170 1643 2202 inter-

933 2223 1098 2263 stinguat.
1123 2222 1163 2254 C.
1180 2221 1343 2253 Bartbius
1359 2230 1422 2262 pro
1438 2222 1502 2252 ulla
1515 2220 1640 2253 rescri-

934 2271 985 2304 bit
999 2272 1095 2305 ultra.
1140 2270 1207 2302 Sed
1222 2281 1289 2303 non
1302 2271 1414 2313 ejurat
1430 2280 1563 2303 omnem
1580 2270 1640 2303 bo-

933 2332 1011 2354 nam
1038 2321 1174 2364 copiam
1203 2321 1332 2363 poeta3
1361 2331 1480 2353 verum
1509 2331 1546 2354 se
1575 2322 1639 2353 hoc

934 2379 1089 2415 tempore
1112 2372 1296 2414 quicquam
1313 2371 1512 2403 solennibus
1530 2371 1642 2403 verbis
1672 2375 1676 2379 '

931 2425 1102 2466 hilarique
1117 2427 1220 2456 cautu
1236 2432 1391 2454 orsurum
1407 2427 1526 2463 negat.
1573 2422 1643 2455 Re-

934 2475 1114 2509 sinendum
1130 2474 1234 2516 igitur
1249 2474 1325 2507 ulla.
1361 2473 1511 2506 Gronov.
1528 2474 1643 2507 Diatr·

935 2537 966 2561 c.
980 2531 1034 2559 60.

977 2583 998 2610 2
1024 2579 1116 2610 Num·
1156 2577 1306 2609 Castalioe
1342 2568 1513 2618 vocalibus]
1543 2578 1641 2609 Nun-

935 2639 1035 2672 quam
1052 2629 1169 2670 capies
1185 2628 1311 2667 locum,
1326 2626 1390 2658 nisi
1407 2627 1570 2660 detrahas
1585 2629 1642 2660 lit-

937 2682 1099 2721 terulam,
1115 2688 1192 2722 quae
1209 2689 1229 2711 a
1248 2678 1407 2720 sequenti
1423 2687 1507 2711 voce
1531 2679 1643 2710 adliae·

934 2733 992 2773 sit,
1009 2738 1045 2765 et
1066 2741 1131 2775 pro
1144 2741 1212 2771 nee,
1226 2731 1322 2773 legas
1336 2741 1346 2763 ι
1368 2741 1408 2763 ne
1426 2731 1576 2764 Castaliae
1590 2742 1643 2764 vo-

935 2784 1054 2817 calibus
1076 2783 1182 2823 undis,
1204 2783 1257 2823 δῖε.
1282 2783 1433 2815 Veretur
1452 2792 1495 2815 ne
1511 2783 1641 2816 Pboebo

936 2835 1051 2878 gravis
1079 2839 1116 2868 et
1131 2834 1297 2868 molestus
1319 2833 1376 2874 sit,
1392 2833 1419 2866 si
1443 2834 1641 2866 solennibus
