1878 3164
267 240 381 290 1804

268 345 326 379 alii
340 345 521 378 absolvunt
537 343 762 386 mbendaciolo,
777 345 867 377 inter
881 354 965 387 quos

269 395 483 435 Cornificius,
502 395 558 437 qui
585 394 671 426 libro
686 403 738 426 lv.
762 394 805 426 ad
830 394 966 427 Heren-

266 445 360 477 nium
383 446 393 464 ‘
418 446 577 487 jubatum
605 444 822 477 Draconem'
850 445 965 476 nescio

266 505 366 537 quem
392 494 599 526 ardelionem
624 499 737 536 vocat,
757 493 870 527 forum
898 494 965 526 Ro-

264 553 400 577 manum
430 544 776 576 circumvolitantem.
829 544 898 576 Sed
929 548 966 576 et

266 594 325 636 qui
353 594 416 635 ipsi
448 594 678 627 Orientalium
716 594 862 636 partium
892 594 966 626 loca

266 644 440 686 peregrini
462 645 688 677 visitaverunt
711 645 869 677 cristatos
890 644 966 675 dra-

266 703 369 725 cones
394 694 485 726 visos
509 698 692 735 testantur,
714 694 805 727 inter
818 703 902 735 quos
915 693 966 725 ita

265 743 406 784 scripsit
416 747 496 774 ante
508 743 568 774 hos
580 743 848 785 quadringentos
860 752 965 775 annos

264 792 414 826 Jacobus
426 792 597 824 Vitriacus
613 793 669 826 lib.
683 803 709 825 ι.
725 803 756 826 e.
769 796 823 825 89.
844 795 854 810 ⁴
867 793 965 825 Inter

266 851 384 874 omnes
401 847 578 883 serpentes
594 843 757 874 maximus
772 849 825 874 est
841 842 965 883 Draco,

265 892 324 933 qui
339 892 533 924 abstractus
556 903 576 924 a
600 893 764 934 spelunca
785 902 844 925 sua
860 901 963 935 quan-

265 942 378 985 doque
393 943 454 975 sub
471 943 584 975 aerem
603 943 725 976 fertur.
770 945 833 976 Est
849 949 963 976 autem

264 993 441 1032 cristatus,
456 1003 515 1025 ore
537 1003 654 1035 parvo,
676 999 712 1026 et
726 995 857 1027 strictis
872 998 962 1026 arte-

264 1043 391 1075 riarum
403 1042 541 1084 fistnlis,
555 1043 676 1085 quibus
688 1044 844 1086 spiritum
857 1049 963 1076 attra-

263 1093 327 1135 hit,
351 1098 388 1126 et
409 1094 556 1134 linguam
572 1095 694 1134 exerit,
709 1095 867 1126 dentibus
882 1104 963 1127 vero

263 1153 331 1175 non
357 1144 483 1176 nocet.’
506 1145 626 1178 Barth.
680 1145 747 1179 Hic
759 1146 871 1187 flebile
890 1156 962 1186 ger-

263 1193 348 1234 men]
385 1194 428 1225 In
465 1194 638 1235 AEthiopia
677 1196 962 1236 speciosissimum

263 1244 452 1285 pomarium
468 1243 601 1277 Atlanti
617 1244 695 1285 fuit,
712 1245 746 1277 in
763 1255 829 1287 quo
843 1255 962 1278 nasce-

263 1293 388 1326 bantur
409 1295 498 1326 mala
521 1304 634 1332 aurea,
659 1305 735 1337 quae
752 1296 962 1337 Hesperides

262 1343 519 1384 custodiebant,
534 1344 645 1385 AEgle,
658 1344 963 1387 Aretiisa„Hespe-

262 1392 326 1435 rie,
346 1394 496 1425 etdraco
513 1395 654 1435 pervigii
666 1405 675 1434 ;
688 1393 890 1437 (acceperat
905 1405 962 1427 au-

262 1446 333 1475 tem
349 1453 546 1485 responsum
565 1449 602 1475 ut
627 1454 669 1476 ea
694 1445 897 1486 quandoque
919 1455 962 1477 ex

260 1493 352 1533 Jove
357 1493 492 1534 genitus
503 1494 674 1535 raperet3)
686 1494 900 1526 nihilominus
913 1499 962 1527 ta-

262 1553 342 1576 men
370 1542 454 1575 fides
485 1544 636 1584 responsi
677 1544 849 1585 explicata
885 1549 958 1576 est:

261 1593 450 1634 missusque
464 1597 519 1625 est
539 1593 582 1625 ab
600 1594 758 1626 Euristeo
780 1603 861 1635 rege
872 1594 961 1626 Her-

261 1644 356 1676 cules
370 1643 468 1676 Jovis
482 1643 585 1683 filius,
604 1644 662 1684 qui
682 1653 723 1675 ea
743 1645 830 1676 mala
845 1644 960 1676 abstu-

260 1694 316 1734 lit,
335 1693 449 1726 occiso
470 1693 630 1735 pervigili
646 1693 816 1725 Dracone.
862 1693 959 1725 Dixi-

260 1753 335 1776 mus
359 1743 504 1775 Poe‘tam
534 1743 646 1774 omnia
675 1744 857 1776 contulisse
881 1753 957 1785 quae

260 1794 405 1836 gratiam
431 1792 588 1825 facerent
618 1797 654 1826 et
681 1793 856 1826 timorem:
881 1794 959 1826 ideo

259 1844 364 1881 etiam
382 1853 499 1876 aurum
516 1845 587 1875 vult
607 1842 733 1875 infame
755 1843 873 1884 fuisse,
893 1854 958 1886 quo

260 1894 386 1926 monile
403 1893 628 1934 compositum
644 1898 709 1933 est,
727 1897 764 1925 ut
781 1893 862 1934 jure
878 1903 958 1926 con-

258 1943 373 1975 firmet
388 1944 512 1974 malum
529 1941 646 1974 fuisse.
673 1943 814 1975 Lactant.

302 1995 365 2024 281
390 1993 535 2033 Phryxei
562 1991 700 2032 velleris]
735 1992 893 2034 Pbryxus
921 1996 958 2025 et

258 2042 365 2075 Helle
386 2042 518 2073 insania
543 2051 564 2073 a
585 2042 709 2074 Libero
732 2042 865 2083 obJecta
881 2051 956 2074 cum

256 2092 294 2124 in
317 2092 403 2124 silva
425 2096 591 2131 errarent,
615 2092 751 2124 Nebula
773 2097 881 2124 mater
903 2102 958 2124 eo-

258 2151 333 2174 rum
349 2141 476 2173 dicitur
491 2142 633 2182 venisse,
660 2146 696 2174 et
720 2142 862 2175 arietem
889 2142 958 2173 vel-

257 2193 329 2225 lere
345 2202 449 2224 aureo
465 2192 662 2233 insignitum
684 2192 898 2225 exhibuisse:
922 2192 956 2225 in

258 2252 326 2284 quo
342 2242 524 2284 praedictos
537 2242 622 2275 filios
632 2251 709 2274 suos
717 2242 824 2283 jussit
840 2251 956 2274 ascen,

256 2293 354 2334 dere,
379 2297 416 2325 et
441 2293 474 2324 in
492 2293 635 2326 Colchos
651 2292 693 2324 ad
710 2302 824 2333 regem
841 2294 955 2326 OEtam

256 2343 412 2380 transire,
441 2343 556 2385 ibique
584 2343 724 2375 arietem
756 2344 952 2376 immolare:

255 2395 314 2436 qui
339 2404 416 2425 cum
440 2403 483 2425 ex
502 2399 677 2435 praecepto
700 2394 816 2426 matris
837 2404 953 2426 ascen·

253 2444 404 2484 dissent,
442 2443 517 2475 illos
562 2443 598 2475 in
636 2444 777 2484 pelagus
816 2444 951 2476 detulit.

255 2494 360 2527 Helle
396 2494 495 2535 lapsa
530 2502 652 2525 nomen
695 2500 801 2535 ponto
844 2494 950 2526 dedit.

254 2544 414 2584 Pliryxus
451 2543 570 2575 matris
617 2548 792 2584 praecepto
830 2554 951 2585 parens

254 2593 400 2625 arietem
429 2593 630 2635 immolavit,
664 2595 856 2635 pellemque
893 2605 951 2628 au-

251 2652 347 2675 team
376 2642 499 2673 Martis
529 2642 657 2683 templo
681 2643 822 2681 dicavit,
850 2653 951 2684 quam

252 2694 373 2733 Jason,
387 2693 519 2726 AEsonis
534 2692 637 2733 filius,
653 2703 729 2725 cum
745 2693 952 2735 Argonautis

252 2744 380 2776 dicitur
403 2743 556 2785 petiisse.
602 2743 704 2775 Hunc
723 2744 805 2777 OEta
828 2754 889 2776 rex
912 2745 951 2776 li·

250 2793 338 2829 bens
353 2792 498 2835 recepit,
511 2791 684 2837 filiamque
704 2793 736 2828 ei
759 2793 855 2828 dedit
871 2804 952 2830 uxov

728 251 871 285 NQTAE
905 250 1165 284 VARIORUM
1201 250 1254 282 ΙΝ

1013 353 1094 377 rem.
1137 345 1182 377 Et
1199 353 1274 377 cum
1291 346 1333 376 ex
1348 352 1390 376 ea
1405 342 1528 376 liberos
1542 340 1718 384 suscepit-‘-

1012 399 1077 434 set,
1094 394 1222 426 veritus
1238 398 1290 426 est
1302 395 1382 426 OEta
1397 403 1440 425 ne
1455 402 1490 424 se
1507 401 1610 433 regno
1625 391 1714 433 deji«

1013 451 1120 482 ceret,
1138 445 1228 487 quod
1251 445 1284 477 ei
1307 454 1504 486 responsum
1527 453 1570 475 ex
1595 443 1709 485 prodi-

1014 495 1078 537 giis
1093 494 1217 535 fuerat,
1232 500 1269 527 ut
1286 495 1330 527 ab
1345 495 1478 527 advena
1491 493 1577 527 AEoli
1592 502 1714 535 proge-

1015 544 1070 576 nie
1085 550 1227 577 mortem
1243 549 1394 583 caveret,
1414 542 1715 585 Phryxnmimen

1014 594 1111 627 fecit.
1157 594 1203 627 At
1228 593 1290 626 filii
1315 595 1389 635 ejus
1413 599 1523 625 ratem
1548 591 1709 626 ascende·

1014 649 1107 684 runt,
1121 648 1159 676 ut
1174 644 1217 675 ad
1230 653 1329 676 avum
1347 643 1587 675 Athamantem
1603 646 1711 675 traus-

1013 694 1121 725 irent:
1142 703 1227 735 quos
1243 693 1427 734 naufragos
1442 693 1544 725 AEson
1559 691 1710 733 excepit.

1015 742 1115 775 Idem.
1493 772 1495 774 ,

1056 796 1118 825 283
1155 794 1235 830 Quae
1261 793 1395 834 pessima
1424 792 1565 834 Ceston]
1596 790 1709 825 Etiam

1014 844 1080 876 vim
1097 844 1189 875 illam
1204 844 1318 875 monili
1335 842 1544 884 permiscuit,
1560 851 1636 884 quae
1653 841 1713 875 vix

1013 895 1148 927 Caeston
1165 895 1309 935 probat:
1334 893 1367 925 id
1388 898 1452 932 est,
1473 893 1572 934 cnjus
1587 892 1634 924 ait
1649 901 1712 934 po*

1013 944 1149 976 testatis
1163 943 1327 976 ostendit.
1374 943 1501 975 Coeston
1523 941 1714 975 enimcinv

1013 994 1129 1035 guium
1143 993 1270 1025 dicitur
1284 993 1440 1034 Veneris,
1455 1001 1522 1035 quo
1539 991 1650 1026 utitur
1664 991 1711 1027 nd

1012 1045 1170 1076 honestas
1196 1043 1351 1084 nuptias:
1384 1047 1421 1075 et
1449 1041 1584 1083 quando
1614 1040 1711 1082 virgo

1013 1094 1142 1126 Cadmo
1158 1098 1322 1134 nupserat
1341 1092 1538 1131 Harminne,
1552 1091 1631 1124 ideo
1643 1090 1710 1126 hoe

1006 1144 1136 1185 junxit.
1181 1143 1270 1175 Nam
1286 1142 1329 1174 ad
1351 1146 1471 1183 turpes
1486 1141 1627 1182 nuptias
1640 1141 1709 1173 Ve-

1012 1202 1074 1225 nus
1099 1193 1228 1225 dicitur
1255 1202 1321 1225 non
1353 1193 1481 1225 venire.
1527 1191 1612 1223 Ideo
1634 1193 1644 1209 ‘
1659 1190 1710 1222 in-

1011 1247 1150 1276 caestum
1162 1243 1172 1259 '
1201 1243 1340 1284 dicitur,
1368 1242 1458 1284 quod
1484 1245 1620 1274 sacrato
1650 1239 1710 1275 illo

1011 1293 1156 1325 Veneris
1178 1293 1315 1334 cingulo
1338 1301 1407 1325 non
1424 1290 1530 1326 fuerit
1545 1290 1711 1322 vinctum.

1011 1343 1111 1376 Idem.

1052 1396 1114 1424 285
1137 1393 1243 1434 Atque
1258 1392 1369 1433 hilari]
1389 1392 1431 1424 Id
1447 1395 1502 1425 est
1515 1390 1643 1432 lucido,
1668 1395 1710 1424 ut

1012 1443 1120 1485 possit
1133 1443 1256 1475 exinde
1271 1442 1400 1484 aliquid
1413 1441 1495 1483 fingi
1509 1441 1655 1482 laetitiae,
1670 1445 1709 1473 ut

1011 1497 1102 1525 esset
1127 1492 1228 1525 facile
1253 1499 1289 1527 et
1315 1491 1533 1532 delectabile,
1557 1491 1709 1525 latenter

1011 1547 1124 1576 autem
1138 1553 1296 1575 nocuum.
1320 1543 1419 1576 Idem.

1052 1597 1116 1626 286
1150 1594 1225 1626 Non
1250 1594 1306 1626 Ιιοι·
1331 1591 1496 1633 Pasithea]
1522 1592 1551 1624 E
1578 1590 1710 1626 Gratiis

1011 1654 1091 1685 una,
1116 1655 1216 1687 quam
1236 1645 1328 1678 Juno
1351 1654 1413 1685 pro
1429 1643 1568 1685 proemio
1581 1643 1708 1676 Somno

1011 1695 1194 1735 pollicetur
1230 1695 1322 1736 apud
1359 1694 1501 1726 Homer.
1538 1693 1639 1725 Iliad.
1671 1697 1707 1726 E.

1007 1747 1094 1778 Ἀλλ’
1113 1746 1167 1787 ἴθ’,
1179 1747 1241 1786 ἐγὼ
1256 1745 1308 1779 καί
1318 1758 1368 1778 τοι
1380 1744 1523 1787 Χαρίτων
1532 1743 1605 1783 μίαν
1612 1744 1709 1776 ὁπλο-

1006 1794 1123 1837 τεράων
1139 1796 1237 1833 Δώσω
1252 1795 1436 1836 ὀπυιέμεναι,
1454 1794 1506 1827 καὶ
1520 1794 1580 1832 σὴν
1593 1795 1708 1833 κεκλῆφ

1007 1848 1079 1877 σθαι
1100 1845 1218 1877 ἄκοιτιν
1242 1844 1404 1883 Πασιθέην,
1434 1842 1472 1882 ἧς
1494 1842 1559 1875 αἰὲν
1584 1842 1709 1885 ilminat

1005 1895 1110 1935 ἤματα
1120 1894 1233 1927 πάντα.
1277 1895 1324 1929 At
1335 1895 1395 1927 tibi
1419 1905 1476 1935 ego
1491 1904 1516 1926 ,ε
1542 1894 1707 1926 Charinus

996 1946 1166 1987 florentem
1178 1944 1326 1977 oetatibus
1340 1954 1432 1977 unam
1458 1943 1615 1975 connubio
1629 1943 1708 1982 jun-

1004 2005 1081 2035 gam
1099 1995 1217 2035 stabili,
1234 1995 1453 2036 propriamque
1476 1994 1583 2025 dicabo
1611 1993 1708 2027 Pati,

1007 2045 1120 2086 theam,
1152 2054 1222 2085 quae
1249 2054 1351 2076 omnes
1378 2053 1442 2075 unu
1469 2047 1570 2076 tecum
1597 2043 1707 2083 exigat

1005 2105 1114 2128 annos.
1136 2094 1311 2136 Adscripsi
1328 2094 1468 2127 Homeri
1485 2102 1612 2131 versus,
1625 2103 1708 2129 cum

1006 2147 1084 2188 qnia
1101 2151 1181 2187 apte
1196 2145 1362 2186 Virgilius
1378 2145 1452 2182 illos
1469 2144 1621 2177 imitatus
1638 2149 1705 2186 est,

1008 2201 1078 2228 tum
1092 2196 1170 2237 quia
1182 2200 1251 2227 tam
1264 2194 1357 2227 varia
1373 2194 1415 2226 de
1425 2193 1558 2226 Gratiis
1570 2198 1705 2228 veteres

1007 2245 1193 2278 tradidere.
1216 2243 1705 2277 LacedaemoniiGratiasdun-

1005 2299 1099 2326 taxat
1113 2294 1197 2325 duas
1211 2294 1380 2331 colebant,
1392 2301 1516 2334 easque
1528 2292 1650 2325 Clitam
1665 2297 1703 2326 et

1005 2345 1170 2377 Pbaenam
1185 2343 1416 2375 nominabant.
1459 2341 1631 2375 Hesiodus
1647 2352 1704 2376 ve·

1003 2405 1041 2426 ro
1056 2395 1143 2436 (sive
1160 2395 1381 2436 quiscumque
1407 2397 1529 2425 auctor
1547 2393 1702 2433 Theogo-

1002 2446 1087 2487 niae)
1103 2449 1173 2477 tres
1187 2443 1352 2485 agnoscit,
1362 2443 1421 2475 sed
1435 2443 1703 2485 Eusphrosnem,

1002 2495 1170 2536 Aglaiam,
1181 2500 1216 2526 et
1229 2493 1382 2525 Thaliam
1394 2493 1600 2534 appellavit:
1611 2493 1702 2535 quod

1002 2546 1104 2578 etiam
1126 2545 1215 2577 facit
1231 2543 1482 2579 Onomacritus.
1526 2542 1702 2575 Hermesi-

1001 2601 1120 2629 nactes
1138 2604 1232 2634 vero,
1242 2603 1342 2626 verus
1354 2593 1532 2633 Elegorum
1542 2592 1702 2635 scriptor,

1002 2646 1106 2678 Pitho
1116 2654 1214 2676 unam
1228 2643 1272 2675 de
1285 2642 1485 2675 Gratiarum
1497 2651 1637 2676 numero
1649 2641 1700 2677 fa.

1001 2697 1061 2729 cit.
1103 2693 1329 2728 Athenienses
1355 2696 1469 2724 autem
1485 2694 1520 2722 et
1535 2690 1601 2732 ipsi
1614 2690 1700 2726 duas

1002 2749 1134 2778 tantum
1148 2743 1321 2782 colebant,
1344 2741 1451 2774 Auxo.
1466 2744 1501 2772 et
1526 2740 1700 2781 Heyemo·

998 2806 1091 2831 nem.
1137 2795 1266 2831 Noster
1286 2792 1471 2828 Homerum
1495 2795 1631 2829 secutus
1650 2790 1704 2827 vis
