1878 3164
286 244 401 288 2008

288 352 471 392 Carpatum
508 354 545 383 et
579 351 762 393 AEgyptum
799 352 980 394 aliquando

286 410 392 440 regno
406 400 538 432 tenuit:
554 405 590 432 et
605 399 760 442 Bellona,
772 401 893 442 inquit,
905 411 979 443 quae

286 461 408 482 nurum
425 451 554 482 Priami
576 452 769 492 comitatur,
785 451 878 484 faces
893 462 980 493 prae-

286 500 444 540 fen-imon
459 511 533 542 quae
545 501 671 542 nuptiis
688 501 842 533 adhiberi
857 502 980 541 solent,

286 551 345 583 sed
362 551 481 592 quibus
498 550 599 582 Ilium
624 551 668 582 sit
683 559 848 583 arsurum.
892 551 982 582 Noc-

285 606 324 634 tu
339 602 515 634 nubebant
529 602 619 642 apud
634 602 777 643 majores
790 604 936 641 nostros,
947 605 983 632 et

286 656 472 692 propterea
487 655 557 682 tres
579 652 675 691 pueri
695 650 833 692 patrimi
858 655 894 682 et
916 660 983 682 ma-

285 701 376 732 trimi
397 700 644 732 adhibebantur
660 701 811 742 nuptiis;
834 701 902 733 duo
923 702 981 742 qui

284 750 469 782 nubentem
499 749 675 789 tenebant,
703 750 823 782 tertius
849 751 906 792 qui
932 750 981 782 fa-

286 809 360 831 cem
372 799 578 841 praeferebat
589 810 632 831 ex
644 801 743 842 spina
755 801 843 841 alba,
853 801 981 843 nuptiis

286 849 567 890 auspicatissima.
595 851 646 882 Ex
662 861 702 882 ea
718 851 808 882 enim
825 851 890 883 sibi
906 861 981 892 pas-

286 906 376 931 tores
403 899 518 932 fecere
545 900 601 941 qni
616 900 758 932 Sabinas
781 905 982 941 rapuerunt.

284 950 465 982 Matarant.
509 950 663 990 Prothea]
684 951 822 982 Vatem.
837 951 983 983 Laetam.

326 1004 368 1035 34
390 1002 536 1044 Bellona]
557 1003 632 1033 Dea
643 1003 724 1034 belli
735 1007 770 1034 et
784 1013 878 1034 soror
890 1004 982 1035 Mar-

285 1051 342 1092 tis,
359 1061 459 1093 quam
483 1057 520 1084 et
544 1052 734 1084 Minervam
749 1052 854 1084 fuisse
869 1053 981 1085 credi-

262 1097 266 1100 ’
283 1099 336 1132 dit
367 1102 562 1143 antiquita,
591 1103 646 1133 cui
668 1112 709 1133 ex
737 1103 876 1144 proprio
905 1112 981 1134 san-

284 1149 389 1190 guine
403 1151 596 1182 sacerdotes
607 1151 854 1184 sacrificabant.
897 1153 981 1183 Eam

283 1200 423 1231 secundi
437 1201 531 1233 Jovis
547 1200 650 1232 filiam
673 1201 792 1233 scribit
806 1201 909 1234 fuisse
925 1202 981 1234 ci·-

284 1258 376 1290 cero,
391 1250 623 1292 bellorumque
639 1251 862 1283 inventricem
878 1255 980 1293 atque

283 1298 470 1340 principem
484 1310 494 1332 2
518 1303 554 1332 et
569 1300 613 1331 ob
628 1300 663 1331 id
679 1310 700 1332 a
714 1301 884 1332 nonnullis
900 1301 980 1333 Bel-

282 1350 395 1381 lonam
430 1351 636 1391 appellatam
671 1360 757 1383 esse.
800 1352 981 1385 Britannia.

285 1400 426 1442 Nurum]
448 1400 629 1432 Helenam.
651 1400 800 1432 Lactant.

324 1452 366 1481 35
390 1449 527 1490 Ioniam]
549 1450 638 1482 Nam
658 1459 702 1481 ex
728 1449 843 1482 insulis
857 1451 979 1483 vicinis

284 1501 320 1529 et
331 1498 417 1529 mari
428 1498 526 1530 Ionio
538 1499 662 1530 auxilia
671 1505 838 1533 venerunt
848 1500 979 1533 Atridis

284 1551 408 1578 contra
421 1547 599 1588 Trojanos,
616 1551 653 1580 ut
673 1548 814 1590 Ulyxes.
850 1549 980 1592 Incipit

283 1597 417 1629 Ionium
441 1597 485 1629 ab
515 1597 775 1630 Acrocerauniis
799 1600 981 1639 montibus,

283 1647 341 1678 ubi
350 1647 475 1679 desinit
485 1648 714 1680 Adriaticum:
728 1648 845 1681 finitur
856 1650 897 1681 ad
907 1650 980 1682 Ma-

282 1699 384 1730 leam.
428 1698 520 1730 Olim
534 1708 613 1739 pars
628 1703 704 1730 erat
718 1697 900 1739 Adriatici,
913 1703 981 1731 tes·

283 1752 319 1781 te
334 1748 517 1780 Pausania.
546 1750 593 1780 Et
609 1748 739 1780 Ionium
756 1750 798 1781 ab
810 1750 907 1782 Ionio
919 1750 982 1782 Di-

282 1799 377 1832 rachi
389 1799 472 1839 filio,
488 1809 587 1841 quem
604 1810 667 1841 per
682 1810 830 1832 errorem
846 1802 981 1834 Hercu·

283 1851 333 1882 les
348 1851 487 1890 occidit,
501 1855 536 1882 et
551 1851 585 1882 in
600 1860 691 1882 mare
707 1851 865 1893 projecit,
880 1856 918 1884 nt
932 1853 981 1884 illi

282 1902 469 1941 cognomen
480 1899 685 1942 imponeret,
698 1902 906 1942 appellatum
916 1908 982 1934 tra-

283 1950 334 1982 dit
348 1950 524 1991 Appianns
539 1949 805 1983 Alexandrinus.
838 1951 980 1993 AEgeum

284 2009 363 2031 vero
378 2000 508 2032 dictum
530 2010 550 2031 a
564 2000 692 2032 crebris
709 2000 837 2042 insulis,
853 2011 929 2043 quoe
945 2003 980 2034 in

282 2059 323 2082 eo
332 2054 422 2091 sunt,
431 2053 467 2082 et
479 2049 598 2091 procul
609 2049 853 2090 aspicientibus
864 2061 980 2093 capra-

280 2110 355 2132 rum
378 2100 540 2133 exhibent
555 2099 726 2141 speciem3
747 2100 819 2133 sive
834 2101 879 2134 ab
893 2102 979 2144 AEge

282 2149 493 2181 Amazonum
515 2149 643 2190 regina,
659 2158 735 2190 quae
759 2150 830 2183 illic
852 2152 976 2192 periit3

281 2200 353 2231 sive
369 2198 411 2231 ab
429 2199 535 2240 AEgeo
554 2199 674 2230 Thesei
689 2204 801 2241 patre,
817 2202 875 2242 qui
890 2202 976 2235 sein

281 2251 363 2283 illud
380 2251 634 2292 praecipitavit;
659 2251 730 2283 sive
747 2252 791 2284 ab
804 2253 896 2293 AEgis
907 2263 976 2285 ma-

280 2301 395 2333 ritima
409 2300 560 2342 civitate,
575 2301 663 2343 quod
679 2301 838 2334 Straboni
851 2303 977 2343 placet.

281 2351 458 2383 Matar-ant.

323 2403 365 2432 37
405 2399 561 2441 Tumidis]
603 2400 716 2432 Iratis.
760 2401 978 2435 Britannicus.

279 2451 422 2491 Atridis]
444 2451 486 2482 Id
503 2455 570 2489 est,
594 2450 630 2493 in
648 2451 759 2491 legem
774 2455 810 2483 et
826 2452 977 2484 volunta·

280 2505 349 2532 tem
380 2499 640 2541 Agamemnonis
669 2505 705 2532 et
734 2501 897 2541 Menelai,
919 2503 976 2543 qui

278 2549 378 2581 Atrei
409 2559 452 2580 ex
483 2549 627 2590 Merope
655 2548 715 2580 filii
744 2550 869 2581 crediti
888 2555 978 2591 sunt,

279 2608 355 2630 cum
368 2598 552 2629 Plisthenis
567 2597 705 2629 fuerint.
732 2598 821 2629 Nam
832 2599 976 2631 Plisthe-

278 2657 351 2689 nes,
378 2647 468 2679 filius
494 2647 632 2688 Pelopis
658 2652 694 2679 et
721 2647 975 2689 Hippodamiae,

277 2709 353 2731 cum
367 2702 469 2730 aetate
485 2698 594 2729 adhuc
611 2697 757 2738 juvenili
772 2704 975 2739 moreretur,

276 2750 565 2790 Agamemnonem
593 2753 629 2780 et
662 2749 856 2781 Menelaum
887 2750 974 2782 filios

278 2799 386 2832 Atreo
414 2799 513 2831 fratri
539 2799 800 2839 commendavit,
831 2810 912 2842 quos
936 2805 974 2832 ut

747 259 889 290 No'rAE
920 258 1185 291 VARIORUM
1218 259 1270 294 IN
1301 276 1303 279 ·

1030 351 1117 384 filios
1129 361 1205 384 cum
1220 351 1397 389 educaret,
1404 353 1474 394 jam
1491 353 1652 387 memoris
1667 363 1725 396 pa-

1031 402 1093 433 tris
1130 402 1269 442 abolita,
1307 403 1380 444 ejus
1414 403 1474 435 filii
1502 404 1608 436 habiti
1636 409 1727 437 sunt.

1034 452 1199 487 Quaeretur
1213 452 1364 494 Achilles]
1387 452 1475 484 Nam
1497 453 1533 484 in
1552 452 1634 486 fatis
1649 457 1727 486 erat

1030 501 1130 533 Ilium
1159 502 1236 543 capi
1260 512 1325 534 non
1350 512 1447 543 posse
1469 503 1542 535 sine
1564 503 1666 536 armis
1689 507 1727 535 et

1031 561 1136 592 opera
1163 551 1307 583 Achillis
1321 562 1330 584 ε
1354 562 1454 594 quem
1483 553 1661 595 qua-situm
1690 557 1728 585 et

1031 601 1203 632 inventum
1214 600 1302 642 apud
1313 602 1552 643 Lycomedem,
1562 604 1654 636 inter
1665 613 1726 646 pu-

1031 651 1114 682 ellas
1133 651 1254 692 regias,
1279 653 1320 684 ad
1337 653 1473 694 Trojam
1491 654 1725 695 perduxerunt

1032 700 1174 742 Ulysses
1190 707 1226 733 et
1238 702 1437 736 Diomedes.
1456 704 1556 736 Idem.

1075 754 1117 782 38
1134 751 1220 787 Quid
1231 753 1312 783 enim
1322 753 1470 785 cunabula
1479 753 1590 795 parvo]
1605 753 1725 786 Mens:

1033 801 1102 833 Cur
1125 812 1224 843 passa
1246 813 1320 836 sum
1341 803 1479 836 filiolum
1499 804 1650 846 educari,
1663 814 1725 837 seu

1031 852 1142 893 prima
1157 853 1348 886 rudimenta
1364 855 1522 896 accipere
1541 855 1631 897 apud
1646 856 1727 888 Chi-

1032 910 1170 934 ronem:
1192 901 1230 933 τὸ
1258 896 1407 936 cunabula
1426 905 1528 944 enim,
1549 915 1611 938 seu
1634 905 1726 947 qnod

1029 951 1119 983 idem
1135 953 1236 993 valet,
1245 952 1442 994 incunabula,
1451 953 1598 997 (prater
1609 955 1725 996 vulga·

1030 1001 1130 1043 tam,)
1138 1007 1284 1045 utraque
1294 1004 1356 1036 hac
1371 1004 1508 1036 notione
1521 1004 1635 1046 probis
1645 1013 1724 1038 aue-

1031 1052 1158 1083 toribus
1168 1058 1296 1085 uotum.
1317 1054 1512 1096 Suetonius,
1522 1055 1630 1096 Vesp.
1645 1063 1725 1096 cap.

1031 1109 1073 1132 11.
1105 1101 1239 1135 ‘Quare
1265 1102 1433 1145 Princeps
1456 1113 1590 1146 qnoque
1612 1104 1723 1137 locum

1029 1151 1307 1184 incunabulorum
1323 1152 1456 1185 assidue
1470 1152 1728 1196 frequentavit,’

1030 1200 1065 1232 id
1086 1206 1152 1241 est,
1182 1201 1437 1234 ‘educationis.'
1479 1202 1649 1235 Arcadius
1662 1198 1738 1248 .ῐάορ

1030 1251 1262 1292 risconsultus,
1276 1252 1298 1285 l.
1310 1261 1335 1285 1.
1347 1252 1390 1285 de
1401 1251 1502 1286 Offie.
1513 1251 1619 1286 Praef.
1631 1253 1726 1286 Prae-

1029 1302 1126 1333 torii:
1160 1302 1170 1319 ‘
1184 1302 1246 1334 His
1276 1303 1451 1335 cunabulis
1481 1302 1725 1344 pra—factorum

1029 1350 1214 1381 auctoritas
1229 1350 1387 1391 initiata,'
1410 1352 1442 1383 id
1457 1355 1523 1392 est,
1544 1352 1554 1370 ‘
1566 1352 1619 1384 his
1634 1351 1724 1384 rudi·

1027 1398 1178 1437 mentis‚'
1199 1409 1259 1431 seu
1288 1403 1298 1418 ‘
1311 1399 1508 1441 principiis-⁹
1529 1400 1681 1434 Renum.

1071 1450 1114 1479 39
1127 1448 1254 1489 Pezion]
1270 1448 1494 1482 Accusativns
1505 1455 1557 1483 est
1568 1451 1724 1485 Graecus,

1028 1496 1222 1538 Hypallage
1247 1503 1319 1531 est:
1344 1498 1378 1531 id
1395 1503 1462 1540 est,
1473 1499 1641 1532 Achillem
1656 1500 1723 1532 Pe-

1026 1547 1072 1579 lio
1087 1549 1330 1581 commisimus:
1347 1554 1384 1582 et
1395 1549 1504 1582 Antra
1516 1559 1579 1591 pro
1592 1549 1723 1582 Antris.

1031 1599 1160 1638 Pelias,
1190 1609 1283 1630 mons
1311 1605 1365 1631 est
1391 1599 1586 1633 Thessaliae.
1633 1601 1723 1633 Nam

1030 1658 1106 1680 cum
1123 1649 1157 1680 in
1171 1649 1339 1680 Thessalia
1354 1649 1424 1682 sint
1439 1654 1600 1692 quattuor
1620 1654 1724 1692 atque

1030 1697 1171 1738 triginta
1205 1702 1349 1737 montes,
1378 1708 1494 1731 eorum
1523 1699 1724 1731 nobilissimi

1029 1751 1108 1779 sunt
1122 1747 1270 1784 Cerceti‚
1281 1748 1463 1789 Olympus,
1474 1749 1602 1790 Pieris,
1613 1748 1702 1783 Ossa
1714 1757 1724 1779 t

1028 1796 1125 1837 cujus
1154 1807 1197 1829 ex
1222 1797 1363 1830 adverso
1387 1798 1518 1830 Pindus
1544 1802 1580 1831 et
1601 1798 1723 1831 othris

1029 1847 1256 1889 Lapytharum
1285 1847 1383 1880 sedes
1405 1848 1449 1879 ad
1474 1858 1631 1880 occasum
1648 1857 1722 1880 ver-

1028 1903 1159 1939 gentes.
1193 1897 1246 1930 Ad
1263 1902 1375 1930 ortum
1386 1907 1466 1930 vero
1478 1898 1594 1930 Pelius
1606 1907 1722 1930 omnes

1027 1948 1184 1980 theatrali
1195 1948 1292 1980 modo
1300 1953 1339 1979 nt
1351 1947 1469 1980 scribit
1481 1948 1584 1984 Pliu„
1594 1947 1723 1985 inflexi.

1028 1999 1175 2031 caveatis
1184 2002 1264 2030 ante
1276 2007 1332 2030 eos
1348 1998 1565 2040 septuaginta
1574 1999 1722 2040 quinque

1028 2048 1178 2082 urbibus.
1201 2049 1352 2082 Britanna.
1397 2049 1490 2081 Tor-vi
1503 2049 1664 2090 magistri]
1678 2049 1722 2081 Id
1785 2060 1790 2067 ¹

1027 2104 1092 2136 est.
1109 2099 1277 2138 Chironis,
1302 2106 1404 2141 quem
1425 2099 1608 2141 antiquitas
1623 2099 1722 2131 fabu-

1027 2150 1098 2182 lata
1114 2154 1167 2182 est
1181 2149 1287 2182 filium
1302 2149 1407 2182 fuisse
1420 2150 1558 2182 Saturni
1573 2159 1616 2182 ex
1628 2149 1721 2181 Phil-

1026 2198 1112 2240 lyra,
1127 2199 1345 2236 Oceanifilia‚
1361 2200 1473 2241 priore
1486 2204 1585 2241 parte
1600 2208 1723 2240 corpo-

1026 2250 1071 2281 ris
1087 2250 1266 2290 hominem‚
1283 2250 1473 2291 posteriore
1491 2259 1574 2282 vero
1585 2259 1720 2291 equum.

1026 2302 1114 2334 Nam
1130 2312 1204 2334 cum
1215 2303 1377 2335 Saturnus
1387 2312 1462 2334 cum
1472 2303 1627 2343 Phillyra
1639 2305 1721 2334 con-

1027 2352 1215 2392 cumberet,
1238 2357 1273 2384 et
1299 2352 1372 2393 Ops
1397 2352 1471 2393 ejus
1503 2362 1588 2384 uxor
1613 2352 1720 2384 inter-

1026 2403 1170 2443 veniret,
1189 2403 1224 2434 in
1244 2412 1365 2444 equum
1378 2407 1527 2434 mutatus
1542 2402 1718 2434 mulierem

1025 2451 1112 2484 fecit
1127 2451 1318 2493 gravidam.
1365 2451 1431 2483 Hic
1446 2455 1559 2483 antem
1579 2457 1720 2483 cunctos

1025 2501 1075 2532 sui
1092 2502 1253 2541 temporis
1266 2501 1418 2534 bonitate
1429 2505 1466 2533 et
1472 2501 1610 2542 justitia
1620 2511 1720 2544 supe-

1025 2551 1124 2582 ravit.
1149 2551 1247 2583 Idem.

1066 2604 1109 2632 40
1130 2601 1228 2632 Ludit
1241 2599 1365 2641 proelia]
1386 2600 1490 2633 Quasi
1506 2611 1571 2634 non
1587 2602 1718 2642 timeat,

1026 2651 1130 2683 veluti
1159 2660 1220 2691 pro
1249 2650 1328 2681 ludo
1354 2649 1460 2682 habet
1486 2651 1720 2693 Lapytharum

1024 2702 1155 2742 praelia,
1171 2704 1208 2732 et
1231 2710 1289 2732 eos
1305 2709 1397 2741 saepe
1422 2700 1561 2732 lacessit
1575 2700 1618 2733 ad
1635 2711 1719 2743 pug-

1023 2761 1112 2783 nam.
1135 2751 1236 2783 Idem.

1065 2803 1103 2831 41
1130 2799 1242 2845 Patria
1262 2799 1332 2838 jam
1351 2809 1384 2831 se
1403 2799 1532 2832 metitur
1555 2801 1590 2832 in
1613 2800 1717 2843 kasta]
