1878 3164
436 232 703 265 P.PAP}N11
736 230 905 263 S'rA'ru
939 231 1143 263 Actum„
1176 231 1272 264 LIB.
1297 232 1328 262 1.

143 328 243 371 eujus
269 327 405 361 nomine
430 331 468 360 et
487 327 563 370 ipsa
586 326 744 359 Tritonia
759 325 857 359 dicta

142 384 230 412 est.
234 378 437 413 litantem
460 377 570 411 tradit
590 369 780 416 Diodorus,
794 385 854 408 no-

142 438 223 463 men
242 430 385 472 aceepit
397 439 419 462 a
438 429 582 462 Tritone
603 427 702 460 fonte
726 427 856 468 Cretae,

137 479 246 524 juxta
260 489 362 524 quem
376 484 490 513 ortam
499 488 577 512 esse
592 488 637 511 ex
651 478 743 512 Jove
756 477 855 510 fabu-

142 531 272 572 lantur,
293 535 332 564 et
358 539 451 563 nunc
467 539 607 573 qnoque
623 539 703 562 eum
721 528 855 561 fontem

142 581 205 615 nbi
225 586 309 615 nata
322 585 377 614 est
390 581 472 614 huic
493 582 582 614 Deae
600 583 855 614 consecratum.

137 631 293 674 Aque]
329 631 373 665 111
403 636 470 669 est,
498 631 636 674 aegida3
670 640 749 663 nam
765 630 856 672 >aegis

143 684 394 717 mineatum
408 686 465 716 est
480 682 634 725 pectoris
653 690 782 715 aerenm
798 681 857 714 ha-

109 760 112 762 *
143 734 233 770 bens
250 734 289 768 in
308 734 423 768 medio
439 733 614 776 Gorgonis
631 737 751 776 capnt,
764 732 857 776 quod

145 785 407 827 munimentum,
429 785 458 817 si
482 785 519 817 in
544 789 688 827 pectore
708 783 858 816 numinis

143 835 266 877 fuerit,
279 835 365 878 aegis
378 839 540 877 vocatur,
566 835 596 867 si
623 845 705 867 vero
728 835 762 867 in
777 844 858 876 pec-

145 886 398 928 tore'bominis,
423 886 514 920 sicut
530 887 564 918 iu
587 886 737 929 antiquis
753 886 860 928 impe.

145 941 297 971 ntorum
324 937 450 970 statuis
477 936 557 977 fuit,
574 937 682 970 lorica
707 936 859 977 dicitur3

146 986 461 1022 unde‡Martialis:
497 991 508 1007 ‘
524 987 615 1020 Dum
641 991 744 1020 vacat
769 988 860 1030 haec,

147 1038 277 1079 emar,
290 1037 420 1080 poterit
429 1036 537 1070 lorica
548 1037 663 1070 vocari
675 1048 685 1070 x
709 1037 861 1070 Pectore

147 1097 339 1123 cumsacro
354 1087 498 1128 sederit,
513 1088 595 1129 aegis
611 1087 703 1121 erit.'
735 1088 839 1121 Idem.

190 1141 256 1174 48⁷
278 1138 411 1180 Delius]
433 1137 575 1181 Apollo,
599 1149 620 1171 a
643 1139 732 1172 Delo
748 1140 862 1172 insula

149 1189 210 1224 ubi
225 1194 326 1223 natus
341 1193 409 1223 est.
431 1189 532 1222 Idem.

172 1243 257 1274 488
275 1240 425 1283 Natam]
449 1239 612 1282 Omnium
635 1250 750 1274 rernm
765 1250 860 1274 crea·

148 1292 222 1325 trix
236 1295 275 1325 et
289 1301 424 1334 parens.
457 1291 559 1324 Idem.

189 1344 257 1375 4⁹2
270 1342 462 1375 emaum-t
476 1341 631 1384 tempora]
647 1341 689 1375 ld
701 1347 769 1384 est,
781 1352 861 1375 eon-

147 1391 262 1426 silium
286 1392 430 1434 capiunt
449 1392 494 1425 de
522 1397 681 1435 tempore
702 1398 741 1425 et
765 1393 862 1425 navi-

149 1442 297 1485 gntionis
310 1447 349 1476 et
364 1443 446 1477 belli
461 1444 614 1487 gerendi.
637 1444 739 1477 Idem.

187 1495 256 1526 498
297 1493 409 1527 Varum
445 1495 637 1538 Calchanta]
686 1494 863 1527 Thestoris

147 1542 292 1586 Trojani
319 1542 387 1577 fuit
415 1543 518 1586 filius,
550 1550 647 1577 vates
677 1545 862 1582 maximus,

149 1593 211 1637 qni
225 1603 310 1627 cnm
331 1595 427 1628 circa
449 1596 622 1638 principia
644 1595 728 1627 belli
744 1605 764 1627 a
777 1595 863 1627 Tro-

144 1645 240 1687 jnnis
252 1646 377 1678 missus
389 1650 482 1679 esset
493 1655 571 1679 cnm
584 1646 701 1678 multis
714 1645 864 1678 muneri-

150 1697 216 1730 bus
229 1697 274 1731 ad
290 1697 502 1740 Delphicum
517 1698 706 1738 oraculum,
721 1706 863 1738 respon-

151 1757 296 1790 sumque
319 1747 528 1790 accepisset,
543 1752 582 1780 ut
596 1747 731 1779 omissis
743 1746 863 1788 Troja-

150 1798 203 1831 nis
213 1797 415 1831 Oneon-m
426 1797 632 1831 felicitatem
644 1802 865 1840 sequeretur,

150 1848 196 1882 ad
209 1857 268 1882 eos
285 1849 458 1883 transivit.
488 1850 588 1882 Idem.

174 1900 496 1943 -Q—fflcesilnoe]
526 1899 691 1932 Unus'de
718 1898 863 1932 ducibus

150 1950 302 1992 Grecis,
317 1951 376 1993 qni
403 1952 533 1993 primns
557 1951 645 1983 obiit
659 1950 703 1983 ad
717 1951 864 1992 TroJam.

158 2001 260 2044 Huic]
306 2001 512 2043 Protesilao,
546 2001 625 2034 ideo
654 2002 728 2044 ipse
758 2001 864 2042 magis

152 2053 390 2095 qnamcoeteri
406 2053 556 2086 loeutus.
578 2054 762 2085 Moturum.

196 2105 260 2136 496
283 2103 545 2146 Primoemraeia]
562 2104 664 2138 Quod
679 2104 728 2136 ita
743 2102 866 2145 fatum,

142 2154 244 2198 ,qnod
260 2154 389 2196 primns
404 2154 576 2196 ingressus
592 2160 714 2187 contra
730 2155 865 2197 Trojam

153 2206 266 2249 primo
287 2206 490 2238 moreretur.
536 2205 722 2249 Tripodum]
742 2207 865 2248 Tripo-

153 2256 352 2297 des,mensa
363 2255 466 2288 trium
477 2256 616 2298 pedum,
624 2261 770 2298 propter
781 2262 866 2290 tem·

153 2316 219 2350 pus
233 2315 400 2349 praesens,
411 2306 642 2349 praeteritum,
651 2312 689 2340 et
699 2306 866 2352 futurum,

154 2368 232 2402 qum
246 2363 345 2391 vates
360 2359 594 2391 considerant.
615 2359 716 2391 Idem.

160 2416 163 2418 ’
197 2411 263 2442 600
284 2408 417 2451 Son-det]
446 2409 553 2442 Nullo
569 2409 816 2451 propemodum
831 2410 866 2442 in

154 2459 275 2502 precio
297 2463 350 2491 est
371 2459 407 2491 in
431 2460 728 2500 comparationem
751 2460 868 2492 Achil-

154 2510 209 2543 lis.
244 2509 351 2542 Her-os
366 2509 575 2551 Calydonius]
598 2508 640 2541 Id
656 2514 710 2542 est
723 2510 866 2542 Diome-

155 2561 218 2593 des
231 2559 343 2603 Tydei
359 2559 464 2601 filins,
478 2570 498 2592 a
513 2559 705 2602 Calydone,
721 2560 867 2594 civitate

157 2610 307 2654 AEtolioe,
333 2612 392 2645 ubi
417 2612 587 2654 regnavit,
613 2611 866 2654 denominatus,

157 2661 218 2704 qni
226 2670 295 2705 una
305 2672 381 2695 eum
393 2663 558 2696 Sthenelo
573 2663 615 2696 ad
632 2663 759 2695 bellum
772 2663 868 2695 venit

157 2722 234 2746 cum
250 2713 393 2747 navibus
412 2715 601 2755 octoginta.
625 2715 779 2747 Britann.

164 2785 173 2789 -
200 2765 263 2796 501
286 2763 390 2807 Ajoeat]
424 2765 502 2799 Duo
524 2766 614 2799 enim
642 2765 753 2803 fuere,
782 2775 867 2798 uuus

1499 222 1617 264 2029

906 324 996 357 filius
1009 325 1217 367 Telamonis,
1229 326 1313 358 alins
1328 324 1419 358 filius
1436 325 1544 367 Oilei,
1558 327 1617 369 qui

906 375 1018 407 minor
1045 375 1113 408 ulio
1137 374 1206 408 fuit
1230 375 1359 407 viribus
1385 379 1422 408 et
1447 380 1618 419 tempore,

906 425 1137 468 oriundusqne
1157 436 1178 458 a
1200 426 1346 458 Locride
1366 427 1510 468 regione
1535 437 1615 460 con-

907 476 1055 509 termina
1068 476 1237 509 AEtholiae.
1260 477 1443 510 Muturant.

911 552 915 555 ψ
951 530 1018 560 602
1039 528 1109 560 Nos
1132 527 1268 569 quoque]
1306 527 1478 569 Snbaudi,
1499 529 1617 562 sorde·

907 588 996 611 mus.
1025 579 1072 611 Et
1082 578 1237 620 loquitur
1248 579 1292 612 de
1305 588 1342 610 se
1351 579 1439 620 ipso.
1454 580 1621 615 Britann.

950 631 1015 661 604
1037 629 1104 662 Aut
1116 639 1175 662 cur
1187 633 1274 662 serta
1288 629 1399 671 comis]
1423 631 1514 664 Nam
1529 633 1618 665 vatis

907 683 1014 722 caput
1039 680 1136 715 lauro
1164 681 1390 722 praecinctum
1415 685 1502 714 erut.
1558 683 1620 715 Est

908 731 999 763 enim
1011 731 1128 762 laurus
1139 730 1293 772 Apollini
1302 736 1515 765 consecrata.
1536 733 1621 765 Sen-

909 791 966 814 sus
980 785 1035 814 est
1047 780 1171 823 igiturz
1195 782 1265 814 Cur
1276 791 1359 823 ergo
1375 782 1488 815 omnia
1504 787 1620 816 vatum

909 837 1113 866 ornamenta
1140 832 1246 874 geris,
1274 833 1303 865 si
1330 834 1523 875 praedicere
1551 842 1620 867 non

909 884 959 916 vis
976 894 1053 926 quae
1069 884 1271 926 quaerimus?
1299 894 1363 927 per
1386 885 1621 927 parenthesim

909 934 1000 967 enim
1014 934 1189 975 leguntur.
1234 935 1299 967 Est
1313 934 1406 967 enim
1421 933 1526 968 ordo:
1550 936 1621 969 Dic

909 985 1007 1018 ocius
1030 985 1151 1027 quibus
1175 985 1245 1018 oris
1270 985 1411 1019 abditus
1426 987 1489 1028 sit,
1510 986 1544 1019 id
1567 991 1623 1020 est

910 1035 1144 1068 absconditus.
1205 1036 1292 1068 Nam
1310 1036 1405 1076 sama
1433 1047 1490 1070 nec
1517 1039 1622 1071 antris

912 1086 1123 1128 Chironis]-N
1129 1096 1183 1119 am
1196 1087 1278 1120 inde
1292 1092 1419 1130 mater,
1435 1093 1475 1121 nt
1490 1088 1620 1122 dictum

910 1142 977 1177 est,
993 1136 1168 1170 abducens
1185 1138 1230 1170 ad
1247 1139 1480 1180 Lycomedem
1503 1145 1621 1182 regem

910 1187 1012 1229 Scyri
1027 1188 1213 1222 detulerat.
1239 1189 1341 1222 Idem·

954 1242 1021 1271 608
1051 1238 1115 1271 Eia
1143 1239 1286 1281 irrumpe
1305 1239 1408 1282 Deos]
1446 1241 1624 1273 Fecerunt

911 1289 1076 1324 Parisiis:
1099 1291 1165 1323 Eia
1189 1291 1330 1334 irrumpe
1358 1302 1474 1325 moras.
1508 1292 1623 1324 Valde

911 1342 1012 1374 male.
1045 1342 1277 1375 Tolerabilius
1293 1343 1451 1385 quidam:
1475 1343 1541 1376 Eia
1550 1353 1623 1385 age,

911 1401 1020 1434 rumpe
1048 1402 1163 1426 moras.
1213 1393 1346 1426 Saltem
1371 1394 1437 1427 hoc
1461 1394 1624 1427 Latinum

913 1446 979 1475 est.
1000 1442 1068 1475 Sed
1082 1452 1150 1475 non
1160 1444 1328 1476 mutanda
1338 1445 1493 1486 vulgata.
1512 1444 1624 1477 Tneb-

913 1500 973 1526 ιιι.
992 1493 1003 1511 ‘
1021 1493 1113 1528 Quid
1130 1503 1186 1525 me
1202 1493 1322 1525 Persei
1340 1497 1478 1526 secreta
1493 1494 1537 1526 ad
1554 1495 1625 1526 cnl-

911 1543 1005 1576 mina
1024 1544 1151 1576 montis
1173 1543 1232 1576 Ire
1247 1545 1357 1585 gradu
1373 1544 1511 1586 trepido
1522 1552 1624 1587 supe*

913 1602 1057 1635 rumque
1088 1593 1280 1636 irrumpere
1309 1599 1421 1627 coetus
1452 1595 1624 1637 Egistis?'

911 1642 1016 1676 Silius
1027 1643 1172 1676 Italicus
1193 1644 1282 1677 libro
1297 1653 1323 1677 1.
1345 1646 1356 1664 ‘
1373 1644 1442 1678 Ast
1456 1645 1516 1678 nbi
1531 1656 1625 1688 quae-

912 1693 997 1726 sitas
1023 1694 1177 1726 artis‘de
1200 1705 1296 1727 more
1319 1699 1458 1728 vetusto
1472 1697 1627 1730 Intravit

913 1749 1047 1777 mentes
1063 1745 1258 1787 Superum!
1295 1747 1426 1779 Noster
1446 1748 1552 1781 Theb.
1567 1757 1626 1781 nr.

911 1795 922 1813 ‘
939 1795 1025 1827 coelo
1054 1801 1204 1827 mentem
1230 1796 1441 1830 insertasse:
1483 1798 1626 1831 Gronov.

913 1845 1022 1887 Luxu]
1071 1845 1194 1889 Aperi,
1223 1848 1278 1880 vel
1308 1857 1406 1889 vexa,
1436 1849 1533 1891 quasi
1563 1858 1627 1891 per

914 1897 998 1937 vim,
1019 1902 1155 1929 secreta
1180 1898 1335 1939 ipsorum
1355 1899 1488 1940 elicias,
1511 1900 1627 1932 trahas

914 1946 1099 1979 manifesta
1114 1947 1225 1988 nobis,
1244 1953 1283 1981 ut
1303 1949 1501 1992 indignatus
1518 1951 1628 1993 loqui-

915 2002 984 2030 tur.
1009 1998 1192 2030 Maturane.
1616 2010 1623 2018 -’

958 2051 1024 2080 609
1055 2049 1307 2092 Laurigerosque
1340 2051 1449 2092 ignes]
1499 2052 1626 2085 Sensus

915 2104 990 2133 est:
1019 2101 1055 2134 Si
1078 2112 1226 2146 unquam
1248 2105 1456 2138 vaticinandi
1472 2106 1626 2139 furorem

915 2154 1121 2196 concepisti,
1143 2165 1233 2188 nunc
1257 2165 1334 2188 cum
1361 2166 1494 2189 summa
1519 2157 1627 2190 avidi·

916 2206 991 2236 tate
1014 2202 1072 2236 fac
1095 2205 1284 2247 concipias.
1328 2206 1537 2248 Laurigeros]
1560 2208 1641 2239 Fu·-

916 2263 1009 2287 rores
1040 2254 1253 2298 Apollineos.
1311 2256 1350 2289 Se·
1371 2258 1509 2299 quando]
1539 2258 1628 2290 Sub·-

917 2305 1012 2346 audi,
1042 2306 1171 2347 cupide
1201 2307 1359 2340 hausisti.
1410 2308 1628 2341 Avidissimus

916 2355 1024 2398 hauri]
1047 2352 1090 2389 ld
1106 2361 1174 2398 est,
1191 2358 1349 2399 concipe.
1373 2358 1531 2391 Britann.

960 2410 1025 2439 510
1047 2407 1150 2440 Arma
1173 2408 1346 2449 horrenda]
1381 2409 1506 2442 Astute
1526 2419 1628 2442 vaca-

917 2458 1043 2491 tionem
1058 2458 1191 2491 militiae
1208 2459 1241 2491 ei
1257 2459 1445 2501 promittit.
1467 2460 1567 2492 Idem.

921 2527 924 2531 ·
959 2513 1023 2542 611
1057 2509 1216 2551 Imbelles]
1253 2510 1334 2543 Non
1368 2511 1629 2552 convenientes,

917 2570 984 2593 non
1000 2565 1100 2603 apt-as
1115 2562 1218 2595 bello.
1248 2562 1348 2594 Idem.

960 2614 1026 2644 518
1049 2612 1243 2654 Deprendit]
1270 2613 1357 2645 Cum
1373 2610 1537 2654 Apolline
1555 2613 1627 2655 ple-

916 2673 981 2695 nus
1002 2656 1105 2704 esset,
1124 2663 1240 2696 omnia
1264 2664 1336 2696 haec
1362 2663 1518 2704 videbat,
1537 2673 1628 2696 nnnc

918 2718 1027 2747 coetus
1044 2715 1159 2746 Deum
1177 2715 1210 2746 in
1229 2714 1321 2747 aere.
1346 2716 1527 2747 Maturant.

962 2767 1027 2796 519
1051 2764 1171 2806 Sagas]
1196 2765 1224 2797 E
1241 2765 1363 2807 quibus
1380 2765 1550 2807 praesagia
1572 2774 1627 2796 ca-
