1878 3164
300 198 415 242 1838

300 304 404 336 vium.
448 302 538 337 Qnid
553 307 608 336 est
622 303 703 335 nix?
724 307 920 336 concretum
939 302 1000 335 fri-

299 364 372 396 gus.
398 354 543 386 Lactant-

317 398 320 401 ’
342 407 406 436 683
434 402 673 444 Thessandrum]
697 402 766 434 Hic
791 403 878 434 enim
894 403 999 434 Thes-

299 454 442 486 sandrus
456 453 705 494 Sthenelusque
726 453 841 492 duces,
856 452 997 494 Polyni-

297 504 347 536 cis
383 509 419 535 et
454 502 605 544 Capanei
640 502 712 534 filii.
738 503 883 534 Laetam.
933 503 997 534 Hic

297 553 529 586 Thessandrus
543 556 622 596 post
637 552 680 584 ad
692 552 826 584 Thebas
838 558 996 584 everten-

297 604 359 636 das
374 604 443 636 dux
458 604 535 637 fnit.
579 605 673 644 Lege
688 602 814 635 Herois
827 603 928 644 hujus
941 607 996 635 res

296 654 388 695 apud
411 655 557 686 Pausan.
583 653 726 685 Diodor.
748 653 909 694 Apollod.
935 653 996 684 Hi·

297 704 365 744 gin.
382 706 447 736 διο.

340 755 402 784 685
433 753 486 784 Aa
524 751 696 793 Oceanum]
741 751 831 786 Quia
867 751 996 784 Arctos

299 802 442 835 Oceano
472 812 538 834 non
567 801 794 842 immergitur,
824 801 996 842 positione

299 862 419 884 cursus
432 852 564 893 spherae
577 852 768 884 circularis.
782 850 802 870 ¹*
820 861 852 883 o.
868 850 891 883 i.
905 860 936 883 a.
959 851 994 884 d.

295 913 327 935 o·
341 913 371 936 a,
384 913 429 936 m.
441 913 474 935 o.
489 913 522 944 p.
534 913 564 935 a.
576 913 607 935 c.
620 912 652 935 e.
664 905 707 935 ἀ.
722 902 742 922 ”
753 908 893 934 ιλοιποον
905 914 994 935 onea-

294 963 356 985 νος.
401 952 470 984 Sed
487 952 630 991 fabulas,
645 962 721 994 quae
739 952 772 983 iu
788 954 993 994 septentrio-

293 1013 372 1036 nem
397 1009 477 1036 sunt
488 1003 579 1036 fictae
598 1014 617 1036 a
633 1004 768 1036 Graecis
787 1009 906 1036 contra
923 1004 993 1037 veri

292 1056 522 1097 propositum,
556 1056 796 1088 edisseramus.
842 1056 994 1097 Caiysto,

293 1105 464 1146 Lycaonis
500 1106 658 1138 Arcadiae
689 1106 778 1147 regis
807 1104 923 1145 filiam,
959 1105 992 1136 in

292 1156 455 1187 comitatu
482 1152 605 1187 Dianae
631 1155 771 1196 Jupiter
794 1165 870 1187 cnm
888 1154 992 1186 vidis-

291 1209 357 1245 set,
372 1205 407 1237 in
431 1215 577 1237 amorem
603 1206 675 1247 ejus
698 1204 835 1245 incidit,
857 1210 992 1237 nactus·

290 1265 357 1296 que
385 1266 404 1287 a
429 1256 567 1297 reliquis
594 1259 809 1297 segregatam
835 1255 991 1296 nymphis

289 1305 325 1336 in
360 1306 508 1338 Dianam
545 1309 711 1346 mutatus,
743 1305 990 1346 seductamque

290 1359 507 1399 compressit,
522 1362 557 1389 et
575 1358 750 1398 gravidam
763 1355 860 1388 fecit.
883 1356 990 1397 Cujus

285 1417 367 1449 ,cum
392 1408 520 1439 crimen
545 1416 702 1438 crescens
727 1410 843 1437 uterus
868 1405 990 1446 prode-

289 1461 355 1498 ret·,
387 1457 567 1498 indignata
593 1457 706 1488 Diana
735 1456 900 1487 comitatu
930 1461 990 1486 suo

287 1517 364 1539 eam
394 1507 542 1548 repulit:
588 1516 664 1548 quae
700 1505 833 1537 exactis
870 1505 990 1536 decem

288 1557 460 1589 mensibus
494 1556 595 1588 enixa
620 1560 675 1588 est
703 1556 895 1597 parvulum,
932 1554 990 1595 qui

289 1606 399 1639 Arcas
430 1607 692 1647 cognominatus
719 1610 783 1637 est.
828 1604 990 1644 Indigna-

288 1662 324 1688 ta
349 1657 441 1689 Juno
475 1655 565 1698 quod
594 1656 707 1697 pellex
738 1663 799 1685 sua
827 1663 870 1685 ex
899 1654 988 1686 Jove

287 1707 390 1739 etiam
413 1710 524 1738 mater
540 1709 647 1745 esset,
672 1705 813 1746 Calysto
833 1704 938 1735 vertit
954 1704 989 1734 in

288 1766 412 1788 ursam.
446 1756 550 1798 Cujus
567 1755 657 1787 filius
668 1754 788 1795 Arcas,
804 1763 881 1786 cum
897 1758 989 1786 esset

286 1807 319 1838 in
334 1807 486 1838 adultam
501 1806 689 1847 productus
701 1808 851 1844 aetatem,
861 1804 988 1844 impru-

287 1857 372 1889 dens
400 1857 434 1888 in
462 1861 605 1888 matrem
643 1855 778 1895 incidit,
807 1864 988 1896 ursamque

287 1907 432 1939 credens
447 1907 551 1939 misso
568 1905 637 1936 telo
652 1914 728 1936 eam
744 1904 912 1945 perimere
929 1914 987 1935 vo-

286 1957 361 1989 luit.
407 1957 486 1988 Non
516 1956 684 1987 sustinens
707 1954 870 1995 Juppiter
892 1954 988 1995 igno·

286 2012 416 2040 rantem
434 2006 656 2049 parricidium
679 2010 893 2047 perpetrare,
918 2009 985 2037 sta-

286 2058 348 2089 tim
361 2067 420 2089 eos
432 2057 521 2088 inter
535 2055 658 2097 sydera
668 2055 798 2087 retulit.
821 2055 887 2087 Ine
899 2054 986 2087 Arc-

286 2111 396 2146 turus,
425 2111 462 2138 ct·
487 2106 552 2138 alio
586 2106 721 2137 nomine
750 2104 986 2147 Arctophylax

284 2161 439 2189 vocatur.
483 2156 551 2187 Illa
567 2155 701 2197 ''Apum-os
723 2153 847 2195 μείζων,
863 2155 984 2187 Latine

284 2207 484 2248 Septentrio
500 2206 609 2247 major
632 2206 837 2247 appellatur.
882 2205 984 2238 Quod

284 2257 417 2298 signum
453 2257 529 2288 loco
564 2266 630 2287 non
667 2259 836 2296 movetur,
873 2265 984 2297 neque

284 2307 461 2348 mergitur.
494 2307 612 2338 Thetis
625 2307 727 2347 enim,
741 2315 827 2338 uxor
841 2305 985 2345 Oceani,

285 2357 401 2387 nutrix
416 2356 562 2389 Junonis
586 2354 666 2396 fuit,
681 2365 757 2397 quae
774 2359 917 2397 propter
933 2354 984 2387 af·

284 2406 412 2438 sectum
448 2406 586 2438 nutritae
622 2415 698 2437 eam
743 2405 902 2445 prohibet
949 2405 983 2437 in

285 2457 463 2488 Oceanum
476 2455 619 2487 cadere:
638 2455 727 2486 unde
736 2454 861 2496 virgil.
875 2459 884 2473 ‘
897 2453 983 2486 Arc-

285 2512 337 2538 tos
353 2507 486 2539 Oceani
503 2509 694 2538 metuentes
710 2514 848 2546 aequore
873 2504 985 2546 tingi!

288 2557 445 2588 Laetam.

326 2607 390 2637 687
415 2606 531 2638 Moesto
544 2606 611 2638 sine
625 2605 770 2646 conjuge]
794 2605 918 2638 Melius
932 2606 981 2637 le-

284 2655 375 2697 gitur
391 2655 425 2687 in
441 2657 548 2688 libro:
572 2660 681 2688 moesta
694 2660 726 2688 et
751 2657 819 2688 sine
840 2655 981 2695 conjuge.

284 2706 480 2746 Proper-ans
497 2710 608 2737 autem
620 2715 738 2738 vocem
754 2706 878 2737 omittit
893 2705 981 2737 Poe-

283 2760 332 2797 ta,
342 2756 450 2793 ‘dixit
459 2755 467 2769 '
479 2757 551 2788 scil.
574 2756 699 2788 Omnia
710 2760 824 2788 antem
834 2765 876 2788 ex
888 2755 981 2788 fastu

768 209 911 241 No‘rAE
942 207 1207 241 VARIORUM
1239 209 1292 240 IN

1049 302 1213 344 majorum
1227 306 1263 336 et
1273 301 1458 335 Adrastum
1474 302 1574 344 longo
1584 301 1748 336 interval-

1049 353 1081 385 lo
1109 358 1304 385 secutorum
1334 352 1434 394 tingit
1463 351 1644 394 Papinius,
1669 359 1753 385 cm

1048 407 1182 435 constet
1211 413 1254 435 ex
1277 403 1352 444 ipso
1379 403 1495 445 poeta,
1519 403 1620 444 longe
1645 401 1750 436 aliam

1048 462 1236 494 pauperum
1253 453 1385 485 iliorum
1401 458 1595 494 temporum
1620 451 1752 494 prinei-s

1048 512 1195 545 pumque
1210 502 1314 536 fuisse
1328 504 1508 536 rationem.
1525 502 1644 536 Bar-ek.

1088 555 1153 584 692
1171 553 1356 594 Gemituque
1371 552 1540 594 profundo]
1556 552 1672 593 Esset,
1687 561 1750 584 ωη

1045 602 1165 642 spiritu
1177 603 1246 634 alte
1256 603 1372 635 ducto.
1409 603 1747 635 Meliores'tamenot

1045 654 1154 694 multi,
1163 654 1346 695 propinquo.
1367 679 1369 681 .
1390 653 1494 688 Quod
1506 653 1644 687 videtur
1656 653 1749 686 delio·

1045 703 1169 744 catius,
1178 703 1398 745 insinuatque
1407 704 1531 736 merito
1542 703 1656 745 frangi
1666 702 1754 737 θεαί

1044 757 1080 784 et
1094 753 1232 794 molliri,
1246 763 1311 786 nec
1325 754 1449 786 durare
1467 755 1608 788 ulterius
1631 762 1750 796 pos-eff

1044 803 1100 834 cui
1125 806 1194 834 tam
1210 802 1312 835 vicini
1337 803 1484 845 gemitus
1505 803 1589 836 nihil
1615 804 1751 847 quietim

1043 852 1248 885 concedant.
1263 853 1402 886 Gronov.

1084 905 1149 934 693
1173 903 1317 942 Tigridis
1340 903 1467 944 horror]
1488 903 1609 936 Totum
1630 904 1747 947 Virgi-

1043 952 1143 984 lianae
1180 954 1322 985 amantis
1359 954 1527 995 expressit
1571 952 1743 987 affectum.

1043 1002 1138 1034 Dido
1151 1003 1252 1043 enim,
1261 1008 1301 1036 ut
1313 1004 1427 1036 AEneae
1436 1004 1666 1046 exprobraret
1680 1005 1745 1039 dn‘.

1043 1051 1165 1083 riciam
1177 1053 1301 1093 cordis,
1314 1054 1385 1086 ait:
1409 1058 1419 1072 ‘
1435 1054 1502 1086 Sed
1517 1053 1611 1086 duris
1625 1055 1745 1097 gemit

1044 1106 1080 1134 te
1103 1103 1259 1136 cautibus
1285 1103 1428 1137 horrens
1451 1105 1746 1138 Caucasus-'‘Lao-

1044 1155 1126 1184 tant.

1083 1205 1146 1234 697
1169 1203 1283 1244 Aspice
1316 1206 1448 1247 prolem]
1490 1205 1747 1238 'thessandrum

1041 1252 1139 1294 dicit,
1161 1254 1219 1295 qui
1251 1254 1404 1295 patietur
1427 1254 1568 1296 pudoris
1597 1254 1747 1296 ignomia

1041 1305 1144 1345 niam,
1168 1306 1196 1337 si
1213 1306 1347 1338 dicatur
1370 1307 1481 1338 exulis
1495 1306 1596 1339 filins.
1617 1307 1740 1349 Vir-gii.

1040 1354 1050 1372 ‘
1065 1355 1162 1387 Idem
1179 1366 1243 1396 ego
1259 1361 1339 1389 nate
1355 1361 1450 1389 tuum
1463 1357 1585 1389 violavi
1593 1358 1740 1390 crimine

1040 1414 1175 1446 nomen,
1200 1406 1326 1438 Pulsus
1352 1406 1396 1438 ob
1423 1407 1585 1439 invidiam
1609 1408 1743 1450 regno.’

1039 1454 1187 1488 Lactant.
1736 1460 1740 1462 ’

1082 1507 1147 1536 700
1173 1505 1273 1541 Quem
1305 1505 1394 1537 dixit
1429 1505 1557 1548 Apono]
1595 1507 1638 1540 Id
1668 1511 1741 1550 est,

1040 1563 1141 1596 quem
1157 1555 1294 1587 oracula
1308 1555 1373 1587 tibi
1398 1565 1559 1597 gener-mn
1572 1565 1639 1599 per
1661 1566 1738 1599 por·

1041 1608 1137 1635 tenta
1150 1605 1323 1639 dixerant.
1339 1607 1488 1640 Laetam.
1736 1613 1740 1621 '

1081 1657 1143 1686 705
1170 1656 1316 1691 Quantus
1341 1667 1429 1688 amor
1452 1658 1570 1699 causa]
1591 1654 1743 1700 Suspec'a

1039 1708 1110 1737 tum
1125 1706 1206 1737 mihi
1221 1707 1275 1739 hic
1288 1707 1328 1738 τὸ
1341 1718 1454 1746 cam,
1470 1713 1506 1740 et
1523 1708 1688 1751 profecto,
1709 1709 1738 1741 si

1039 1756 1322 1789 considerationis
1348 1759 1483 1790 oculum
1511 1759 1650 1801 propius
1679 1759 1738 1792 ati-⁴

1037 1807 1198 1846 moveris,
1237 1808 1364 1839 nullam
1410 1808 1564 1841 idoneam
1600 1813 1738 1842 senten-

1038 1855 1119 1887 tiam
1140 1855 1288 1889 videbis:
1313 1857 1391 1890 libri
1417 1867 1483 1891 non
1508 1865 1664 1892 mutant:
1689 1860 1738 1892 vi-

1037 1904 1138 1936 detur
1174 1909 1287 1938 tamen
1316 1908 1571 1950 corrigendum,
1605 1912 1740 1951 quanm·

1036 1965 1125 1987 amor
1138 1959 1243 1987 castoe.
1266 1957 1425 1990 Bernart.
1733 1965 1737 1970 '

1077 2008 1141 2037 710
1163 2006 1283 2038 Iterum
1295 2007 1450 2049 fortasse]
1472 2008 1513 2040 In
1529 2008 1640 2041 altero
1655 2010 1737 2042 cod:

1036 2061 1089 2087 est
1114 2056 1243 2096 iterum,
1257 2056 1290 2087 id
1315 2061 1381 2097 est,
1395 2067 1439 2089 ne
1460 2059 1641 2099 permittas
1656 2063 1733 2092 eum

1035 2105 1098 2146 ire,
1122 2115 1184 2147 pro
1199 2116 1266 2147 qno
1283 2115 1380 2151 nunc,
1395 2108 1553 2149 supplico
1574 2113 1613 2141 nt
1636 2108 1737 2151 adjm

1035 2160 1136 2187 vetur
1165 2156 1238 2197 ejus
1267 2155 1346 2188 iter.
1376 2157 1532 2189 Humenti
1560 2159 1664 2200 wita]
1687 2153 1735 2192 Et

1034 2205 1109 2246 ipse
1135 2206 1314 2238 lacrimans
1338 2207 1372 2238 in
1393 2207 1550 2240 lacrimas
1577 2209 1734 2241 in⁴vuitn

1033 2255 1114 2287 filiae
1130 2255 1316 2289 offendens.
1336 2258 1402 2289 Vei.
1417 2257 1537 2298 Expos.

1076 2309 1139 2338 714
1163 2307 1227 2339 Sed
1241 2307 1318 2338 mihi
1327 2308 1425 2339 multa
1436 2307 1516 2348 Dei]
1531 2307 1647 2340 Ordo:
1663 2308 1732 2340 sed

1033 2355 1114 2387 mihi
1145 2357 1251 2388 muita
1281 2357 1349 2388 Dei
1385 2357 1572 2398 subjiciunt
1606 2357 1730 2391 animo.

1033 2405 1182 2437 Laetam.
1379 2443 1382 2446 ¹

1074 2458 1138 2488 717
1162 2456 1250 2487 Nata
1283 2455 1405 2496 modas]
1429 2456 1616 2497 Eleganter
1652 2457 1731 2490 reli·

1033 2506 1144 2546 giosus
1161 2511 1260 2547 pater
1275 2506 1432 2538 sollicitae
1459 2506 1539 2538 filiae
1564 2507 1643 2539 belii
1659 2508 1733 2549 poi-

1031 2556 1158 2588 licetur
1175 2554 1347 2588 affectum.
1362 2556 1460 2588 Idem.

1073 2609 1137 2638 719
1160 2606 1254 2638 Dura
1267 2605 1378 2646 mora]
1401 2607 1477 2638 Nec
1493 2606 1652 2638 damnum
1668 2616 1731 2648 μιν

1032 2661 1085 2689 tes
1108 2657 1211 2688 utiles
1237 2666 1361 2689 moras.
1405 2656 1487 2697 Ipsa
1512 2657 1600 2688 enim
1625 2657 1730 2688 tardi-

1031 2711 1103 2738 tate
1139 2706 1263 2738 bellum
1301 2705 1492 2747 perficitur,
1524 2710 1563 2738 ut
1599 2707 1728 2741 Lucan.

1032 2757 1041 2774 ‘
1058 2757 1160 2798 Saepe
1175 2766 1267 2789 mora
1281 2756 1424 2789 melior.’
1446 2756 1545 2789 Idem.
