<?xml version="1.0" encoding="UTF-8"?>
<!DOCTYPE html PUBLIC "-//W3C//DTD XHTML 1.0 Transitional//EN"
    "http://www.w3.org/TR/xhtml1/DTD/xhtml1-transitional.dtd">
<html xmlns="http://www.w3.org/1999/xhtml" xml:lang="en" lang="en">
 <head>
  <title>
</title>
<meta http-equiv="Content-Type" content="text/html;charset=utf-8" />
  <meta name='ocr-system' content='tesseract 3.04.00' />
  <meta name='ocr-capabilities' content='ocr_page ocr_carea ocr_par ocr_line ocrx_word'/>
</head>
<body>
  <div class='ocr_page' id='page_1' title='image "./operaomniaexedit04statuoft/operaomniaexedit04statuoft_0148.png"; bbox 0 0 1878 3164; ppageno 0'>
   <div class='ocr_carea' id='block_1_1' title="bbox 291 231 406 275">
    <p class='ocr_par' dir='ltr' id='par_1_1' title="bbox 291 231 406 275">
     <span class='ocr_line' id='line_1_1' title="bbox 291 231 406 275; baseline -0.009 0"><span class='ocrx_word' id='word_1_1' title='bbox 291 231 406 275; x_wconf 76' lang='lat'>1884</span> 
     </span>
    </p>
   </div>
   <div class='ocr_carea' id='block_1_2' title="bbox 291 335 1006 2820">
    <p class='ocr_par' dir='ltr' id='par_1_2' title="bbox 294 335 834 377">
     <span class='ocr_line' id='line_1_2' title="bbox 294 335 834 377; baseline -0.006 -7"><span class='ocrx_word' id='word_1_2' title='bbox 294 337 418 370; x_wconf 84' lang='lat' dir='ltr'>Navim</span> <span class='ocrx_word' id='word_1_3' title='bbox 434 335 500 369; x_wconf 85' lang='lat' dir='ltr'>scis</span> <span class='ocrx_word' id='word_1_4' title='bbox 515 335 671 377; x_wconf 76' lang='lat' dir='ltr'><strong>intelligi.</strong></span> <span class='ocrx_word' id='word_1_5' title='bbox 697 336 834 368; x_wconf 79' lang='lat' dir='ltr'>Gronov.</span> 
     </span>
    </p>

    <p class='ocr_par' dir='ltr' id='par_1_3' title="bbox 291 384 994 519">
     <span class='ocr_line' id='line_1_3' title="bbox 336 384 994 427; baseline -0.003 -9"><span class='ocrx_word' id='word_1_6' title='bbox 336 390 399 419; x_wconf 82' lang='grc'>620</span> <span class='ocrx_word' id='word_1_7' title='bbox 414 387 582 427; x_wconf 79' lang='lat' dir='ltr'>Pr&#39;aesogia</span> <span class='ocrx_word' id='word_1_8' title='bbox 590 385 704 426; x_wconf 80' lang='lat' dir='ltr'>somni]</span> <span class='ocrx_word' id='word_1_9' title='bbox 718 386 881 426; x_wconf 81' lang='lat' dir='ltr'>Superius</span> <span class='ocrx_word' id='word_1_10' title='bbox 893 384 994 425; x_wconf 82' lang='lat' dir='ltr'>dixit,</span> 
     </span>
     <span class='ocr_line' id='line_1_4' title="bbox 293 435 992 477; baseline -0.004 -8"><span class='ocrx_word' id='word_1_11' title='bbox 293 437 390 470; x_wconf 79' lang='lat' dir='ltr'>‘Jam</span> <span class='ocrx_word' id='word_1_12' title='bbox 405 442 500 469; x_wconf 80' lang='lat' dir='ltr'>certa</span> <span class='ocrx_word' id='word_1_13' title='bbox 511 438 676 468; x_wconf 82' lang='lat' dir='ltr'>malorum</span> <span class='ocrx_word' id='word_1_14' title='bbox 689 435 818 467; x_wconf 86' lang='lat' dir='ltr'>Mentis</span> <span class='ocrx_word' id='word_1_15' title='bbox 832 435 874 467; x_wconf 85' lang='lat' dir='ltr'>ab</span> <span class='ocrx_word' id='word_1_16' title='bbox 888 445 992 477; x_wconf 85' lang='lat' dir='ltr'>augu-</span> 
     </span>
     <span class='ocr_line' id='line_1_5' title="bbox 291 486 539 519; baseline -0.004 -1"><span class='ocrx_word' id='word_1_17' title='bbox 291 486 368 518; x_wconf 65' lang='lat'><em>1¹10!</em></span> <span class='ocrx_word' id='word_1_18' title='bbox 391 486 539 519; x_wconf 75' lang='lat' dir='ltr'>Lactant-</span> 
     </span>
    </p>

    <p class='ocr_par' dir='ltr' id='par_1_4' title="bbox 295 534 993 675">
     <span class='ocr_line' id='line_1_6' title="bbox 295 534 992 578; baseline -0.001 -12"><span class='ocrx_word' id='word_1_19' title='bbox 295 551 300 566; x_wconf 90' lang='lat'>.-·</span> <span class='ocrx_word' id='word_1_20' title='bbox 337 538 401 567; x_wconf 85' lang='grc'>627</span> <span class='ocrx_word' id='word_1_21' title='bbox 423 535 613 578; x_wconf 71' lang='lat' dir='ltr'><strong><em>Ambitiosa]</em></strong></span> <span class='ocrx_word' id='word_1_22' title='bbox 645 535 780 567; x_wconf 80' lang='lat' dir='ltr'>Nullius</span> <span class='ocrx_word' id='word_1_23' title='bbox 804 539 900 567; x_wconf 80' lang='lat' dir='ltr'>tanta</span> <span class='ocrx_word' id='word_1_24' title='bbox 926 534 992 567; x_wconf 83' lang='lat' dir='ltr'>fuit</span> 
     </span>
     <span class='ocr_line' id='line_1_7' title="bbox 295 585 993 627; baseline 0 -11"><span class='ocrx_word' id='word_1_25' title='bbox 295 585 479 625; x_wconf 75' lang='lat' dir='ltr'><strong>cupiditas,</strong></span> <span class='ocrx_word' id='word_1_26' title='bbox 512 595 586 627; x_wconf 80' lang='lat' dir='ltr'>quae</span> <span class='ocrx_word' id='word_1_27' title='bbox 613 589 740 617; x_wconf 85' lang='lat' dir='ltr'>tantam</span> <span class='ocrx_word' id='word_1_28' title='bbox 773 585 993 625; x_wconf 74' lang='lat' dir='ltr'>extingueret</span> 
     </span>
     <span class='ocr_line' id='line_1_8' title="bbox 295 634 630 675; baseline 0.003 -10"><span class='ocrx_word' id='word_1_29' title='bbox 295 634 504 675; x_wconf 79' lang='lat' dir='ltr'>religionem.</span> <span class='ocrx_word' id='word_1_30' title='bbox 531 635 630 666; x_wconf 85' lang='lat' dir='ltr'><em>Idem.</em></span> 
     </span>
    </p>

    <p class='ocr_par' dir='ltr' id='par_1_5' title="bbox 295 683 992 773">
     <span class='ocr_line' id='line_1_9' title="bbox 338 683 992 726; baseline 0.002 -12"><span class='ocrx_word' id='word_1_31' title='bbox 338 686 403 714; x_wconf 80' lang='grc'><strong>628</strong></span> <span class='ocrx_word' id='word_1_32' title='bbox 427 684 541 715; x_wconf 77' lang='lat' dir='ltr'>Exolvi</span> <span class='ocrx_word' id='word_1_33' title='bbox 565 683 640 723; x_wconf 80' lang='lat' dir='ltr'>tibi]</span> <span class='ocrx_word' id='word_1_34' title='bbox 664 683 741 714; x_wconf 86' lang='lat' dir='ltr'>Hoc</span> <span class='ocrx_word' id='word_1_35' title='bbox 765 688 818 715; x_wconf 86' lang='lat' dir='ltr'>est</span> <span class='ocrx_word' id='word_1_36' title='bbox 833 684 923 726; x_wconf 84' lang='lat' dir='ltr'>quod</span> <span class='ocrx_word' id='word_1_37' title='bbox 939 694 992 715; x_wconf 90' lang='lat' dir='ltr'>su-</span> 
     </span>
     <span class='ocr_line' id='line_1_10' title="bbox 295 733 906 773; baseline 0.005 -10"><span class='ocrx_word' id='word_1_38' title='bbox 295 733 411 773; x_wconf 75' lang='lat' dir='ltr'>perius</span> <span class='ocrx_word' id='word_1_39' title='bbox 427 733 488 772; x_wconf 84' lang='lat' dir='ltr'>ait,</span> <span class='ocrx_word' id='word_1_40' title='bbox 511 734 520 751; x_wconf 91' lang='lat'>‘</span> <span class='ocrx_word' id='word_1_41' title='bbox 535 733 646 764; x_wconf 80' lang='lat' dir='ltr'>Nosco</span> <span class='ocrx_word' id='word_1_42' title='bbox 662 733 780 765; x_wconf 83' lang='lat' dir='ltr'>Deos.&#39;</span> <span class='ocrx_word' id='word_1_43' title='bbox 809 735 906 766; x_wconf 82' lang='lat' dir='ltr'><strong><em>Idem.</em></strong></span> 
     </span>
    </p>

    <p class='ocr_par' dir='ltr' id='par_1_6' title="bbox 295 783 994 1025">
     <span class='ocr_line' id='line_1_11' title="bbox 337 783 992 825; baseline 0.003 -11"><span class='ocrx_word' id='word_1_44' title='bbox 337 785 399 814; x_wconf 82' lang='grc'>631</span> <span class='ocrx_word' id='word_1_45' title='bbox 426 784 478 814; x_wconf 92' lang='lat' dir='ltr'>Ne</span> <span class='ocrx_word' id='word_1_46' title='bbox 496 783 605 815; x_wconf 76' lang='lat' dir='ltr'>tristes</span> <span class='ocrx_word' id='word_1_47' title='bbox 618 783 772 824; x_wconf 80' lang='lat' dir='ltr'>dominos]</span> <span class='ocrx_word' id='word_1_48' title='bbox 797 784 992 825; x_wconf 80' lang='lat' dir='ltr'><strong>Lycurgum</strong></span> 
     </span>
     <span class='ocr_line' id='line_1_12' title="bbox 295 834 994 876; baseline 0.001 -11"><span class='ocrx_word' id='word_1_49' title='bbox 295 839 334 865; x_wconf 87' lang='lat' dir='ltr'>et</span> <span class='ocrx_word' id='word_1_50' title='bbox 348 834 544 875; x_wconf 81' lang='lat' dir='ltr'>Eurydicen</span> <span class='ocrx_word' id='word_1_51' title='bbox 560 834 742 876; x_wconf 80' lang='lat' dir='ltr'>significat,</span> <span class='ocrx_word' id='word_1_52' title='bbox 758 840 917 876; x_wconf 79' lang='lat' dir='ltr'>parentes</span> <span class='ocrx_word' id='word_1_53' title='bbox 931 834 994 866; x_wconf 77' lang='lat' dir='ltr'>Ar·</span> 
     </span>
     <span class='ocr_line' id='line_1_13' title="bbox 295 884 994 917; baseline 0.003 -2"><span class='ocrx_word' id='word_1_54' title='bbox 295 884 457 916; x_wconf 86' lang='lat' dir='ltr'>chemori.</span> <span class='ocrx_word' id='word_1_55' title='bbox 503 885 668 916; x_wconf 86' lang='lat' dir='ltr'>Dominos</span> <span class='ocrx_word' id='word_1_56' title='bbox 681 894 761 916; x_wconf 84' lang='lat' dir='ltr'>vero</span> <span class='ocrx_word' id='word_1_57' title='bbox 773 885 861 917; x_wconf 86' lang='lat' dir='ltr'>dixit</span> <span class='ocrx_word' id='word_1_58' title='bbox 876 895 994 917; x_wconf 89' lang='lat' dir='ltr'>secun-</span> 
     </span>
     <span class='ocr_line' id='line_1_14' title="bbox 295 933 994 976; baseline 0.004 -12"><span class='ocrx_word' id='word_1_59' title='bbox 295 933 445 975; x_wconf 84' lang='lat' dir='ltr'>dumjus</span> <span class='ocrx_word' id='word_1_60' title='bbox 461 934 624 975; x_wconf 85' lang='lat' dir='ltr'>gentium,</span> <span class='ocrx_word' id='word_1_61' title='bbox 639 934 716 976; x_wconf 86' lang='lat' dir='ltr'>quia</span> <span class='ocrx_word' id='word_1_62' title='bbox 732 934 814 966; x_wconf 84' lang='lat' dir='ltr'>victi</span> <span class='ocrx_word' id='word_1_63' title='bbox 830 935 884 966; x_wconf 87' lang='lat' dir='ltr'>vel</span> <span class='ocrx_word' id='word_1_64' title='bbox 899 936 994 976; x_wconf 73' lang='lat' dir='ltr'>capti</span> 
     </span>
     <span class='ocr_line' id='line_1_15' title="bbox 296 983 972 1025; baseline 0.004 -11"><span class='ocrx_word' id='word_1_65' title='bbox 296 983 481 1015; x_wconf 79' lang='lat' dir='ltr'>servilibus</span> <span class='ocrx_word' id='word_1_66' title='bbox 497 983 707 1025; x_wconf 83' lang='lat' dir='ltr'>deputantur</span> <span class='ocrx_word' id='word_1_67' title='bbox 720 983 851 1016; x_wconf 81' lang='lat' dir='ltr'>officiis.</span> <span class='ocrx_word' id='word_1_68' title='bbox 875 986 972 1018; x_wconf 82' lang='lat' dir='ltr'>Idem.</span> 
     </span>
    </p>

    <p class='ocr_par' dir='ltr' id='par_1_7' title="bbox 297 1034 998 1324">
     <span class='ocr_line' id='line_1_16' title="bbox 297 1034 996 1075; baseline 0.003 -11"><span class='ocrx_word' id='word_1_69' title='bbox 297 1050 302 1064; x_wconf 81' lang='lat'>.-</span> <span class='ocrx_word' id='word_1_70' title='bbox 339 1036 404 1065; x_wconf 77' lang='lat'>634</span> <span class='ocrx_word' id='word_1_71' title='bbox 428 1034 530 1070; x_wconf 77' lang='lat' dir='ltr'>Quam</span> <span class='ocrx_word' id='word_1_72' title='bbox 554 1044 601 1066; x_wconf 88' lang='lat' dir='ltr'>me</span> <span class='ocrx_word' id='word_1_73' title='bbox 624 1034 714 1075; x_wconf 80' lang='lat' dir='ltr'>prius</span> <span class='ocrx_word' id='word_1_74' title='bbox 726 1034 789 1065; x_wconf 84' lang='lat' dir='ltr'>ima</span> <span class='ocrx_word' id='word_1_75' title='bbox 803 1035 859 1066; x_wconf 84' lang='lat' dir='ltr'>sub</span> <span class='ocrx_word' id='word_1_76' title='bbox 874 1035 996 1067; x_wconf 81' lang='lat' dir='ltr'>umbras</span> 
     </span>
     <span class='ocr_line' id='line_1_17' title="bbox 298 1083 995 1128; baseline 0.003 -13"><span class='ocrx_word' id='word_1_77' title='bbox 298 1083 430 1125; x_wconf 84' lang='lat' dir='ltr'>Mergat</span> <span class='ocrx_word' id='word_1_78' title='bbox 452 1085 578 1126; x_wconf 81' lang='lat' dir='ltr'>humus]</span> <span class='ocrx_word' id='word_1_79' title='bbox 602 1086 748 1117; x_wconf 81' lang='lat' dir='ltr'><strong>Veteres</strong></span> <span class='ocrx_word' id='word_1_80' title='bbox 764 1086 904 1117; x_wconf 83' lang='lat' dir='ltr'>melius:</span> <span class='ocrx_word' id='word_1_81' title='bbox 927 1097 995 1128; x_wconf 72' lang='lat' dir='ltr'>quoe</span> 
     </span>
     <span class='ocr_line' id='line_1_18' title="bbox 298 1135 995 1177; baseline 0.003 -12"><span class='ocrx_word' id='word_1_82' title='bbox 298 1143 346 1165; x_wconf 88' lang='lat' dir='ltr'>me</span> <span class='ocrx_word' id='word_1_83' title='bbox 358 1135 471 1175; x_wconf 54' lang='lat' dir='ltr'>prium</span> <span class='ocrx_word' id='word_1_84' title='bbox 487 1135 594 1167; x_wconf 88' lang='lat' dir='ltr'>simile</span> <span class='ocrx_word' id='word_1_85' title='bbox 605 1139 657 1167; x_wconf 89' lang='lat' dir='ltr'>est</span> <span class='ocrx_word' id='word_1_86' title='bbox 669 1135 750 1166; x_wconf 95' lang='lat' dir='ltr'>illud</span> <span class='ocrx_word' id='word_1_87' title='bbox 763 1135 896 1167; x_wconf 88' lang='lat' dir='ltr'>Sinonis</span> <span class='ocrx_word' id='word_1_88' title='bbox 905 1136 995 1177; x_wconf 84' lang='lat' dir='ltr'>apud</span> 
     </span>
     <span class='ocr_line' id='line_1_19' title="bbox 298 1184 998 1227; baseline 0.006 -14"><span class='ocrx_word' id='word_1_89' title='bbox 298 1184 500 1225; x_wconf 85' lang='lat' dir='ltr'>Virgilium:</span> <span class='ocrx_word' id='word_1_90' title='bbox 525 1186 535 1203; x_wconf 90' lang='lat'>‘</span> <span class='ocrx_word' id='word_1_91' title='bbox 552 1184 643 1226; x_wconf 89' lang='lat' dir='ltr'>Heu,</span> <span class='ocrx_word' id='word_1_92' title='bbox 664 1195 739 1227; x_wconf 81' lang='lat' dir='ltr'>quae</span> <span class='ocrx_word' id='word_1_93' title='bbox 767 1195 856 1217; x_wconf 89' lang='lat' dir='ltr'>nunc</span> <span class='ocrx_word' id='word_1_94' title='bbox 881 1186 998 1227; x_wconf 86' lang='lat' dir='ltr'>tellus,</span> 
     </span>
     <span class='ocr_line' id='line_1_20' title="bbox 299 1233 997 1278; baseline 0.006 -14"><span class='ocrx_word' id='word_1_95' title='bbox 299 1233 420 1276; x_wconf 90' lang='lat' dir='ltr'>inquit,</span> <span class='ocrx_word' id='word_1_96' title='bbox 435 1245 511 1277; x_wconf 75' lang='lat' dir='ltr'>quae</span> <span class='ocrx_word' id='word_1_97' title='bbox 527 1245 579 1266; x_wconf 89' lang='lat' dir='ltr'>me</span> <span class='ocrx_word' id='word_1_98' title='bbox 593 1245 732 1278; x_wconf 89' lang='lat' dir='ltr'>aequora</span> <span class='ocrx_word' id='word_1_99' title='bbox 745 1241 886 1277; x_wconf 71' lang='lat' dir='ltr'>possunt</span> <span class='ocrx_word' id='word_1_100' title='bbox 897 1236 997 1269; x_wconf 82' lang='lat' dir='ltr'>Acci-</span> 
     </span>
     <span class='ocr_line' id='line_1_21' title="bbox 298 1283 594 1324; baseline 0.01 -10"><span class='ocrx_word' id='word_1_101' title='bbox 298 1293 379 1324; x_wconf 82' lang='lat' dir='ltr'><strong>pere</strong></span> <span class='ocrx_word' id='word_1_102' title='bbox 396 1283 419 1315; x_wconf 84' lang='lat'>?’</span> <span class='ocrx_word' id='word_1_103' title='bbox 442 1285 594 1317; x_wconf 82' lang='lat' dir='ltr'>Bernart.</span> 
     </span>
    </p>

    <p class='ocr_par' dir='ltr' id='par_1_8' title="bbox 294 1334 997 1419">
     <span class='ocr_line' id='line_1_22' title="bbox 294 1334 997 1377; baseline 0.006 -13"><span class='ocrx_word' id='word_1_104' title='bbox 294 1354 299 1357; x_wconf 95' lang='lat'>-</span> <span class='ocrx_word' id='word_1_105' title='bbox 341 1335 404 1364; x_wconf 81' lang='grc'><strong>635</strong></span> <span class='ocrx_word' id='word_1_106' title='bbox 433 1334 559 1366; x_wconf 78' lang='lat' dir='ltr'>Vultum</span> <span class='ocrx_word' id='word_1_107' title='bbox 571 1335 714 1377; x_wconf 81' lang='lat' dir='ltr'>sordida]</span> <span class='ocrx_word' id='word_1_108' title='bbox 737 1335 916 1368; x_wconf 83' lang='lat' dir='ltr'>Sordidum</span> <span class='ocrx_word' id='word_1_109' title='bbox 940 1337 997 1368; x_wconf 86' lang='lat' dir='ltr'>ha·</span> 
     </span>
     <span class='ocr_line' id='line_1_23' title="bbox 301 1383 708 1419; baseline 0.007 -4"><span class='ocrx_word' id='word_1_110' title='bbox 301 1383 384 1416; x_wconf 85' lang='lat' dir='ltr'>bens</span> <span class='ocrx_word' id='word_1_111' title='bbox 397 1386 537 1418; x_wconf 85' lang='lat' dir='ltr'>vultum.</span> <span class='ocrx_word' id='word_1_112' title='bbox 561 1387 708 1419; x_wconf 80' lang='lat' dir='ltr'>Lactant.</span> 
     </span>
    </p>

    <p class='ocr_par' dir='ltr' id='par_1_9' title="bbox 298 1436 998 1627">
     <span class='ocr_line' id='line_1_24' title="bbox 342 1436 998 1478; baseline 0.006 -13"><span class='ocrx_word' id='word_1_113' title='bbox 342 1437 406 1466; x_wconf 81' lang='grc'>637</span> <span class='ocrx_word' id='word_1_114' title='bbox 429 1436 650 1476; x_wconf 81' lang='lat' dir='ltr'>Moerentibus]</span> <span class='ocrx_word' id='word_1_115' title='bbox 675 1437 764 1470; x_wconf 83' lang='lat' dir='ltr'>Quia</span> <span class='ocrx_word' id='word_1_116' title='bbox 780 1447 882 1469; x_wconf 82' lang='lat' dir='ltr'>causa</span> <span class='ocrx_word' id='word_1_117' title='bbox 898 1438 998 1478; x_wconf 85' lang='lat' dir='ltr'>hujus</span> 
     </span>
     <span class='ocr_line' id='line_1_25' title="bbox 298 1484 998 1529; baseline 0.006 -14"><span class='ocrx_word' id='word_1_118' title='bbox 298 1485 379 1516; x_wconf 87' lang='lat' dir='ltr'>mali</span> <span class='ocrx_word' id='word_1_119' title='bbox 416 1484 537 1525; x_wconf 87' lang='lat' dir='ltr'>Argivi</span> <span class='ocrx_word' id='word_1_120' title='bbox 574 1485 726 1526; x_wconf 85' lang='lat' dir='ltr'>fuerunt,</span> <span class='ocrx_word' id='word_1_121' title='bbox 761 1487 883 1529; x_wconf 87' lang='lat' dir='ltr'>quibus</span> <span class='ocrx_word' id='word_1_122' title='bbox 919 1488 998 1519; x_wconf 90' lang='grc'>1111111</span> 
     </span>
     <span class='ocr_line' id='line_1_26' title="bbox 300 1535 997 1579; baseline 0.006 -14"><span class='ocrx_word' id='word_1_123' title='bbox 300 1535 495 1576; x_wconf 82' lang='lat' dir='ltr'><strong>Hypsipyle</strong></span> <span class='ocrx_word' id='word_1_124' title='bbox 511 1546 615 1577; x_wconf 82' lang='lat' dir='ltr'>aquas</span> <span class='ocrx_word' id='word_1_125' title='bbox 631 1538 794 1578; x_wconf 82' lang='lat' dir='ltr'>ostendit,</span> <span class='ocrx_word' id='word_1_126' title='bbox 814 1537 921 1569; x_wconf 83' lang='lat' dir='ltr'>oblita</span> <span class='ocrx_word' id='word_1_127' title='bbox 937 1547 997 1579; x_wconf 87' lang='lat' dir='ltr'>pu·</span> 
     </span>
     <span class='ocr_line' id='line_1_27' title="bbox 301 1586 846 1627; baseline 0.007 -12"><span class='ocrx_word' id='word_1_128' title='bbox 301 1594 394 1617; x_wconf 84' lang='lat' dir='ltr'>erum</span> <span class='ocrx_word' id='word_1_129' title='bbox 410 1586 569 1627; x_wconf 81' lang='lat' dir='ltr'>exposuit</span> <span class='ocrx_word' id='word_1_130' title='bbox 584 1587 694 1619; x_wconf 86' lang='lat' dir='ltr'>morti.</span> <span class='ocrx_word' id='word_1_131' title='bbox 722 1587 825 1619; x_wconf 82' lang='lat' dir='ltr'>Idem.</span> <span class='ocrx_word' id='word_1_132' title='bbox 843 1590 846 1592; x_wconf 84' lang='lat'>&#39;</span> 
     </span>
    </p>

    <p class='ocr_par' dir='ltr' id='par_1_10' title="bbox 299 1635 1006 2727">
     <span class='ocr_line' id='line_1_28' title="bbox 342 1635 998 1677; baseline 0 -10"><span class='ocrx_word' id='word_1_133' title='bbox 342 1638 406 1667; x_wconf 87' lang='grc'>641</span> <span class='ocrx_word' id='word_1_134' title='bbox 439 1636 579 1667; x_wconf 80' lang='lat' dir='ltr'>Dederat</span> <span class='ocrx_word' id='word_1_135' title='bbox 599 1640 742 1677; x_wconf 79' lang='lat' dir='ltr'>prosecta</span> <span class='ocrx_word' id='word_1_136' title='bbox 771 1636 918 1677; x_wconf 77' lang='lat' dir='ltr'>Tonanti]</span> <span class='ocrx_word' id='word_1_137' title='bbox 945 1635 998 1668; x_wconf 86' lang='lat' dir='ltr'>Ad</span> 
     </span>
     <span class='ocr_line' id='line_1_29' title="bbox 302 1686 1001 1728; baseline 0.004 -13"><span class='ocrx_word' id='word_1_138' title='bbox 302 1694 431 1716; x_wconf 88' lang='lat' dir='ltr'>morem</span> <span class='ocrx_word' id='word_1_139' title='bbox 449 1691 603 1717; x_wconf 84' lang='lat' dir='ltr'>veterum</span> <span class='ocrx_word' id='word_1_140' title='bbox 620 1686 718 1727; x_wconf 81' lang='lat' dir='ltr'>dixit,</span> <span class='ocrx_word' id='word_1_141' title='bbox 732 1686 885 1728; x_wconf 77' lang='grc'>1111101113</span> <span class='ocrx_word' id='word_1_142' title='bbox 901 1690 1001 1718; x_wconf 87' lang='grc'>00013</span> 
     </span>
     <span class='ocr_line' id='line_1_30' title="bbox 300 1735 1000 1777; baseline 0.003 -11"><span class='ocrx_word' id='word_1_143' title='bbox 300 1735 456 1767; x_wconf 80' lang='lat' dir='ltr'>solebant</span> <span class='ocrx_word' id='word_1_144' title='bbox 475 1745 671 1776; x_wconf 87' lang='lat' dir='ltr'>prosecare‚</span> <span class='ocrx_word' id='word_1_145' title='bbox 688 1736 776 1767; x_wconf 86' lang='lat' dir='ltr'>unde</span> <span class='ocrx_word' id='word_1_146' title='bbox 793 1741 827 1768; x_wconf 91' lang='lat' dir='ltr'>et</span> <span class='ocrx_word' id='word_1_147' title='bbox 842 1741 1000 1777; x_wconf 77' lang='lat' dir='ltr'>prosecta</span> 
     </span>
     <span class='ocr_line' id='line_1_31' title="bbox 301 1784 1000 1827; baseline 0 -11"><span class='ocrx_word' id='word_1_148' title='bbox 301 1784 513 1826; x_wconf 79' lang='lat' dir='ltr'>dicebantur,</span> <span class='ocrx_word' id='word_1_149' title='bbox 526 1795 566 1817; x_wconf 89' lang='lat' dir='ltr'>ac</span> <span class='ocrx_word' id='word_1_150' title='bbox 580 1790 711 1827; x_wconf 89' lang='lat' dir='ltr'>partem</span> <span class='ocrx_word' id='word_1_151' title='bbox 720 1786 914 1826; x_wconf 84' lang='lat' dir='ltr'>adolebant,</span> <span class='ocrx_word' id='word_1_152' title='bbox 923 1796 1000 1827; x_wconf 83' lang='lat' dir='ltr'>par-</span> 
     </span>
     <span class='ocr_line' id='line_1_32' title="bbox 301 1835 1000 1868; baseline 0.003 -2"><span class='ocrx_word' id='word_1_153' title='bbox 301 1841 370 1867; x_wconf 85' lang='lat' dir='ltr'>tem</span> <span class='ocrx_word' id='word_1_154' title='bbox 387 1835 634 1868; x_wconf 83' lang='lat' dir='ltr'>consecrabant</span> <span class='ocrx_word' id='word_1_155' title='bbox 647 1841 682 1868; x_wconf 89' lang='lat' dir='ltr'>et</span> <span class='ocrx_word' id='word_1_156' title='bbox 694 1836 930 1868; x_wconf 88' lang='lat' dir='ltr'>sacerdotibus</span> <span class='ocrx_word' id='word_1_157' title='bbox 940 1836 1000 1868; x_wconf 88' lang='lat' dir='ltr'>da-</span> 
     </span>
     <span class='ocr_line' id='line_1_33' title="bbox 300 1885 1000 1928; baseline 0 -10"><span class='ocrx_word' id='word_1_158' title='bbox 300 1885 397 1927; x_wconf 83' lang='lat' dir='ltr'>bant,</span> <span class='ocrx_word' id='word_1_159' title='bbox 417 1892 549 1928; x_wconf 88' lang='lat' dir='ltr'>partem</span> <span class='ocrx_word' id='word_1_160' title='bbox 565 1886 628 1918; x_wconf 83' lang='lat' dir='ltr'>sibi</span> <span class='ocrx_word' id='word_1_161' title='bbox 645 1886 875 1928; x_wconf 82' lang='lat' dir='ltr'>apponebant.</span> <span class='ocrx_word' id='word_1_162' title='bbox 917 1887 1000 1918; x_wconf 88' lang='lat' dir='ltr'>Sue-</span> 
     </span>
     <span class='ocr_line' id='line_1_34' title="bbox 299 1935 999 1978; baseline 0.003 -11"><span class='ocrx_word' id='word_1_163' title='bbox 299 1936 413 1968; x_wconf 84' lang='lat' dir='ltr'>tonius</span> <span class='ocrx_word' id='word_1_164' title='bbox 439 1935 618 1978; x_wconf 82' lang='lat' dir='ltr'>Augusto:</span> <span class='ocrx_word' id='word_1_165' title='bbox 641 1938 651 1954; x_wconf 91' lang='lat'>‘</span> <span class='ocrx_word' id='word_1_166' title='bbox 665 1937 750 1968; x_wconf 90' lang='lat' dir='ltr'>Cum</span> <span class='ocrx_word' id='word_1_167' title='bbox 778 1936 866 1968; x_wconf 84' lang='lat' dir='ltr'>forte</span> <span class='ocrx_word' id='word_1_168' title='bbox 891 1937 999 1970; x_wconf 86' lang='lat' dir='ltr'>Marti</span> 
     </span>
     <span class='ocr_line' id='line_1_35' title="bbox 299 1986 1000 2029; baseline 0.004 -12"><span class='ocrx_word' id='word_1_169' title='bbox 299 1995 371 2018; x_wconf 85' lang='lat' dir='ltr'>rem</span> <span class='ocrx_word' id='word_1_170' title='bbox 387 1986 534 2018; x_wconf 87' lang='lat' dir='ltr'>divinam</span> <span class='ocrx_word' id='word_1_171' title='bbox 546 1986 689 2027; x_wconf 87' lang='lat' dir='ltr'>faceret,</span> <span class='ocrx_word' id='word_1_172' title='bbox 703 1987 864 2019; x_wconf 88' lang='lat' dir='ltr'>nunciata</span> <span class='ocrx_word' id='word_1_173' title='bbox 880 1997 1000 2029; x_wconf 88' lang='lat' dir='ltr'>repen-</span> 
     </span>
     <span class='ocr_line' id='line_1_36' title="bbox 300 2035 1000 2076; baseline 0.004 -9"><span class='ocrx_word' id='word_1_174' title='bbox 300 2039 335 2067; x_wconf 84' lang='lat' dir='ltr'>te</span> <span class='ocrx_word' id='word_1_175' title='bbox 360 2035 466 2071; x_wconf 85' lang='lat' dir='ltr'>hostis</span> <span class='ocrx_word' id='word_1_176' title='bbox 483 2036 688 2076; x_wconf 73' lang='lat' dir='ltr'>incursione,</span> <span class='ocrx_word' id='word_1_177' title='bbox 713 2036 904 2068; x_wconf 77' lang='lat' dir='ltr'>semicruda</span> <span class='ocrx_word' id='word_1_178' title='bbox 918 2042 1000 2070; x_wconf 84' lang='lat' dir='ltr'>exta</span> 
     </span>
     <span class='ocr_line' id='line_1_37' title="bbox 299 2079 999 2128; baseline 0.004 -12"><span class='ocrx_word' id='word_1_179' title='bbox 299 2090 402 2126; x_wconf 81' lang='lat' dir='ltr'>rapta</span> <span class='ocrx_word' id='word_1_180' title='bbox 417 2084 492 2117; x_wconf 88' lang='lat' dir='ltr'>foco</span> <span class='ocrx_word' id='word_1_181' title='bbox 510 2079 695 2126; x_wconf 87' lang='lat' dir='ltr'>prosecuit,</span> <span class='ocrx_word' id='word_1_182' title='bbox 710 2090 813 2128; x_wconf 85' lang='lat' dir='ltr'>atque</span> <span class='ocrx_word' id='word_1_183' title='bbox 839 2087 889 2118; x_wconf 84' lang='lat' dir='ltr'>ita</span> <span class='ocrx_word' id='word_1_184' title='bbox 911 2097 999 2128; x_wconf 85' lang='lat' dir='ltr'>prae-</span> 
     </span>
     <span class='ocr_line' id='line_1_38' title="bbox 299 2135 999 2177; baseline 0.004 -11"><span class='ocrx_word' id='word_1_185' title='bbox 299 2135 382 2167; x_wconf 87' lang='lat' dir='ltr'>lium</span> <span class='ocrx_word' id='word_1_186' title='bbox 411 2136 583 2177; x_wconf 81' lang='lat' dir='ltr'>ingressus</span> <span class='ocrx_word' id='word_1_187' title='bbox 613 2136 724 2167; x_wconf 83' lang='lat' dir='ltr'>victor</span> <span class='ocrx_word' id='word_1_188' title='bbox 759 2136 885 2169; x_wconf 86' lang='lat' dir='ltr'>rediit.’</span> <span class='ocrx_word' id='word_1_189' title='bbox 931 2137 999 2169; x_wconf 89' lang='lat' dir='ltr'>Adi</span> 
     </span>
     <span class='ocr_line' id='line_1_39' title="bbox 300 2185 1000 2220; baseline 0.004 -3"><span class='ocrx_word' id='word_1_190' title='bbox 300 2185 564 2217; x_wconf 87' lang='lat' dir='ltr'>eruditissimum</span> <span class='ocrx_word' id='word_1_191' title='bbox 601 2186 787 2218; x_wconf 90' lang='lat' dir='ltr'>Arnobium</span> <span class='ocrx_word' id='word_1_192' title='bbox 826 2187 1000 2220; x_wconf 85' lang='lat' dir='ltr'>Adversus</span> 
     </span>
     <span class='ocr_line' id='line_1_40' title="bbox 302 2237 1001 2271; baseline 0.004 -3"><span class='ocrx_word' id='word_1_193' title='bbox 302 2237 406 2269; x_wconf 87' lang='lat' dir='ltr'>Gent.</span> <span class='ocrx_word' id='word_1_194' title='bbox 432 2237 491 2269; x_wconf 88' lang='lat' dir='ltr'>lib.</span> <span class='ocrx_word' id='word_1_195' title='bbox 515 2246 555 2268; x_wconf 88' lang='grc'>11.</span> <span class='ocrx_word' id='word_1_196' title='bbox 578 2242 614 2269; x_wconf 86' lang='grc'>01</span> <span class='ocrx_word' id='word_1_197' title='bbox 641 2237 815 2270; x_wconf 78' lang='lat' dir='ltr'>Gallorum</span> <span class='ocrx_word' id='word_1_198' title='bbox 845 2240 1001 2271; x_wconf 84' lang='lat' dir='ltr'>doctissi-</span> 
     </span>
     <span class='ocr_line' id='line_1_41' title="bbox 300 2287 1001 2329; baseline 0.006 -11"><span class='ocrx_word' id='word_1_199' title='bbox 300 2295 391 2319; x_wconf 88' lang='lat' dir='ltr'>mum</span> <span class='ocrx_word' id='word_1_200' title='bbox 405 2287 593 2319; x_wconf 89' lang='lat' dir='ltr'>Adrianum</span> <span class='ocrx_word' id='word_1_201' title='bbox 610 2287 816 2329; x_wconf 81' lang='lat' dir='ltr'>Turnebum,</span> <span class='ocrx_word' id='word_1_202' title='bbox 832 2289 1001 2322; x_wconf 84' lang='lat' dir='ltr'>Adversa-</span> 
     </span>
     <span class='ocr_line' id='line_1_42' title="bbox 303 2337 834 2378; baseline 0.006 -10"><span class='ocrx_word' id='word_1_203' title='bbox 303 2337 430 2369; x_wconf 91' lang='lat' dir='ltr'>riorum</span> <span class='ocrx_word' id='word_1_204' title='bbox 446 2346 506 2369; x_wconf 86' lang='lat' dir='ltr'>xv.</span> <span class='ocrx_word' id='word_1_205' title='bbox 530 2347 607 2378; x_wconf 87' lang='lat' dir='ltr'>cap.</span> <span class='ocrx_word' id='word_1_206' title='bbox 623 2341 656 2370; x_wconf 94' lang='grc'>7.</span> <span class='ocrx_word' id='word_1_207' title='bbox 680 2339 834 2371; x_wconf 54' lang='lat' dir='ltr'>Bernovut</span> 
     </span>
     <span class='ocr_line' id='line_1_43' title="bbox 311 2388 1004 2432; baseline 0.006 -14"><span class='ocrx_word' id='word_1_208' title='bbox 311 2414 314 2419; x_wconf 86' lang='lat'>.</span> <span class='ocrx_word' id='word_1_209' title='bbox 345 2390 407 2419; x_wconf 80' lang='grc'><strong>643</strong></span> <span class='ocrx_word' id='word_1_210' title='bbox 431 2388 545 2419; x_wconf 70' lang='lat' dir='ltr'>Servat</span> <span class='ocrx_word' id='word_1_211' title='bbox 570 2388 610 2420; x_wconf 84' lang='lat' dir='ltr'>ab</span> <span class='ocrx_word' id='word_1_212' title='bbox 637 2389 750 2430; x_wconf 82' lang='lat' dir='ltr'>armis]</span> <span class='ocrx_word' id='word_1_213' title='bbox 782 2390 864 2430; x_wconf 85' lang='grc' dir='ltr'>Η10,</span> <span class='ocrx_word' id='word_1_214' title='bbox 880 2390 1004 2432; x_wconf 87' lang='lat' dir='ltr'>inquit,</span> 
     </span>
     <span class='ocr_line' id='line_1_44' title="bbox 306 2437 1001 2478; baseline 0.007 -10"><span class='ocrx_word' id='word_1_215' title='bbox 306 2437 385 2469; x_wconf 87' lang='lat' dir='ltr'>ideo</span> <span class='ocrx_word' id='word_1_216' title='bbox 401 2447 421 2468; x_wconf 88' lang='lat' dir='ltr'>a</span> <span class='ocrx_word' id='word_1_217' title='bbox 435 2437 598 2469; x_wconf 86' lang='lat' dir='ltr'>Thebano</span> <span class='ocrx_word' id='word_1_218' title='bbox 617 2438 708 2470; x_wconf 89' lang='lat' dir='ltr'>bello</span> <span class='ocrx_word' id='word_1_219' title='bbox 723 2449 758 2469; x_wconf 83' lang='lat' dir='ltr'>se</span> <span class='ocrx_word' id='word_1_220' title='bbox 775 2440 941 2478; x_wconf 86' lang='lat' dir='ltr'>abstinet,</span> <span class='ocrx_word' id='word_1_221' title='bbox 958 2450 1001 2473; x_wconf 85' lang='lat' dir='ltr'>ne</span> 
     </span>
     <span class='ocr_line' id='line_1_45' title="bbox 300 2486 1002 2530; baseline 0.006 -12"><span class='ocrx_word' id='word_1_222' title='bbox 300 2487 463 2528; x_wconf 74' lang='lat' dir='ltr'>Polynici</span> <span class='ocrx_word' id='word_1_223' title='bbox 479 2486 569 2519; x_wconf 82' lang='lat' dir='ltr'>ferat</span> <span class='ocrx_word' id='word_1_224' title='bbox 586 2489 769 2520; x_wconf 74' lang='lat' dir='ltr'>arixilium:</span> <span class='ocrx_word' id='word_1_225' title='bbox 786 2490 867 2530; x_wconf 87' lang='lat' dir='ltr'>quia</span> <span class='ocrx_word' id='word_1_226' title='bbox 882 2500 1002 2522; x_wconf 89' lang='lat' dir='ltr'>consu-</span> 
     </span>
     <span class='ocr_line' id='line_1_46' title="bbox 302 2537 1002 2578; baseline 0.003 -10"><span class='ocrx_word' id='word_1_227' title='bbox 302 2537 388 2568; x_wconf 83' lang='lat' dir='ltr'>lenti</span> <span class='ocrx_word' id='word_1_228' title='bbox 423 2546 623 2578; x_wconf 86' lang='lat' dir='ltr'>responsum</span> <span class='ocrx_word' id='word_1_229' title='bbox 663 2537 776 2570; x_wconf 87' lang='lat' dir='ltr'>fuerat</span> <span class='ocrx_word' id='word_1_230' title='bbox 808 2539 1002 2571; x_wconf 88' lang='lat' dir='ltr'>Thebanum</span> 
     </span>
     <span class='ocr_line' id='line_1_47' title="bbox 302 2586 1003 2629; baseline 0.007 -12"><span class='ocrx_word' id='word_1_231' title='bbox 302 2586 427 2618; x_wconf 85' lang='lat' dir='ltr'>bellum</span> <span class='ocrx_word' id='word_1_232' title='bbox 454 2587 560 2627; x_wconf 84' lang='lat' dir='ltr'>ipsius</span> <span class='ocrx_word' id='word_1_233' title='bbox 589 2588 755 2629; x_wconf 79' lang='lat' dir='ltr'>sanguine</span> <span class='ocrx_word' id='word_1_234' title='bbox 771 2588 1003 2629; x_wconf 85' lang='lat' dir='ltr'>imbuendum,</span> 
     </span>
     <span class='ocr_line' id='line_1_48' title="bbox 303 2636 1006 2678; baseline 0.006 -12"><span class='ocrx_word' id='word_1_235' title='bbox 303 2636 393 2677; x_wconf 92' lang='lat' dir='ltr'>quod</span> <span class='ocrx_word' id='word_1_236' title='bbox 418 2641 530 2667; x_wconf 82' lang='lat' dir='ltr'>tamen</span> <span class='ocrx_word' id='word_1_237' title='bbox 545 2638 716 2678; x_wconf 84' lang='lat' dir='ltr'>contingit</span> <span class='ocrx_word' id='word_1_238' title='bbox 731 2647 792 2678; x_wconf 92' lang='lat' dir='ltr'>per</span> <span class='ocrx_word' id='word_1_239' title='bbox 809 2643 952 2670; x_wconf 86' lang='lat' dir='ltr'>mortem</span> <span class='ocrx_word' id='word_1_240' title='bbox 968 2638 1006 2670; x_wconf 86' lang='lat' dir='ltr'>fi-</span> 
     </span>
     <span class='ocr_line' id='line_1_49' title="bbox 303 2685 964 2727; baseline 0.006 -11"><span class='ocrx_word' id='word_1_241' title='bbox 303 2685 354 2725; x_wconf 87' lang='grc'>111,</span> <span class='ocrx_word' id='word_1_242' title='bbox 368 2694 467 2726; x_wconf 87' lang='lat' dir='ltr'>quem</span> <span class='ocrx_word' id='word_1_243' title='bbox 485 2695 627 2727; x_wconf 84' lang='lat' dir='ltr'>serpens</span> <span class='ocrx_word' id='word_1_244' title='bbox 644 2688 800 2727; x_wconf 82' lang='lat' dir='ltr'>peremit</span> <span class='ocrx_word' id='word_1_245' title='bbox 816 2688 964 2720; x_wconf 77' lang='lat' dir='ltr'>Laetam.</span> 
     </span>
    </p>

    <p class='ocr_par' dir='ltr' id='par_1_11' title="bbox 303 2735 1005 2820">
     <span class='ocr_line' id='line_1_50' title="bbox 345 2735 1005 2778; baseline 0.008 -12"><span class='ocrx_word' id='word_1_246' title='bbox 345 2737 408 2766; x_wconf 83' lang='grc'>647</span> <span class='ocrx_word' id='word_1_247' title='bbox 432 2735 557 2775; x_wconf 75' lang='lat' dir='ltr'>Prima,</span> <span class='ocrx_word' id='word_1_248' title='bbox 572 2735 732 2778; x_wconf 81' lang='lat' dir='ltr'>Lycurge]</span> <span class='ocrx_word' id='word_1_249' title='bbox 748 2737 825 2769; x_wconf 88' lang='lat' dir='ltr'>Hoc</span> <span class='ocrx_word' id='word_1_250' title='bbox 838 2748 937 2771; x_wconf 88' lang='lat' dir='ltr'>versu</span> <span class='ocrx_word' id='word_1_251' title='bbox 956 2742 1005 2771; x_wconf 82' lang='grc'>10-</span> 
     </span>
     <span class='ocr_line' id='line_1_51' title="bbox 303 2785 853 2820; baseline 0.006 -3"><span class='ocrx_word' id='word_1_252' title='bbox 303 2793 376 2819; x_wconf 86' lang='lat' dir='ltr'>nor</span> <span class='ocrx_word' id='word_1_253' title='bbox 382 2785 508 2818; x_wconf 85' lang='lat' dir='ltr'>oraculi</span> <span class='ocrx_word' id='word_1_254' title='bbox 525 2785 732 2818; x_wconf 85' lang='lat' dir='ltr'>continetur.</span> <span class='ocrx_word' id='word_1_255' title='bbox 756 2787 853 2820; x_wconf 83' lang='lat' dir='ltr'>Idem.</span> 
     </span>
    </p>
   </div>
   <div class='ocr_carea' id='block_1_3' title="bbox 687 240 1283 274">
    <p class='ocr_par' dir='ltr' id='par_1_12' title="bbox 687 240 1283 274">
     <span class='ocr_line' id='line_1_52' title="bbox 687 240 1283 274; baseline 0.002 -1"><span class='ocrx_word' id='word_1_256' title='bbox 687 246 690 250; x_wconf 87' lang='lat'>&#39;</span> <span class='ocrx_word' id='word_1_257' title='bbox 755 240 900 273; x_wconf 75' lang='lat' dir='ltr'>NO&#39;PAE</span> <span class='ocrx_word' id='word_1_258' title='bbox 931 240 1197 274; x_wconf 76' lang='lat' dir='ltr'>vARmRuM</span> <span class='ocrx_word' id='word_1_259' title='bbox 1233 243 1283 274; x_wconf 77' lang='grc' dir='ltr'>ΙΝ</span> 
     </span>
    </p>
   </div>
   <div class='ocr_carea' id='block_1_4' title="bbox 1042 331 1746 867">
    <p class='ocr_par' dir='ltr' id='par_1_13' title="bbox 1042 331 1742 424">
     <span class='ocr_line' id='line_1_53' title="bbox 1085 331 1742 377; baseline 0 -9"><span class='ocrx_word' id='word_1_260' title='bbox 1085 338 1148 368; x_wconf 74' lang='grc'><strong>649</strong></span> <span class='ocrx_word' id='word_1_261' title='bbox 1170 336 1294 368; x_wconf 75' lang='lat' dir='ltr'>Invidet</span> <span class='ocrx_word' id='word_1_262' title='bbox 1316 335 1430 377; x_wconf 80' lang='lat' dir='ltr'>armis]</span> <span class='ocrx_word' id='word_1_263' title='bbox 1458 334 1559 370; x_wconf 85' lang='lat' dir='ltr'>Quod</span> <span class='ocrx_word' id='word_1_264' title='bbox 1581 336 1653 368; x_wconf 83' lang='lat' dir='ltr'>non</span> <span class='ocrx_word' id='word_1_265' title='bbox 1675 331 1742 369; x_wconf 80' lang='lat' dir='ltr'>iret</span> 
     </span>
     <span class='ocr_line' id='line_1_54' title="bbox 1042 385 1737 424; baseline 0.001 -7"><span class='ocrx_word' id='word_1_266' title='bbox 1042 385 1084 417; x_wconf 85' lang='grc'>311</span> <span class='ocrx_word' id='word_1_267' title='bbox 1101 385 1238 418; x_wconf 88' lang='lat' dir='ltr'>bellum.</span> <span class='ocrx_word' id='word_1_268' title='bbox 1259 387 1358 418; x_wconf 87' lang='lat' dir='ltr'>Idem.</span> <span class='ocrx_word' id='word_1_269' title='bbox 1644 418 1647 424; x_wconf 77' lang='grc'>,</span> <span class='ocrx_word' id='word_1_270' title='bbox 1729 395 1737 413; x_wconf 64' lang='lat'><em>0</em></span> 
     </span>
    </p>

    <p class='ocr_par' dir='ltr' id='par_1_14' title="bbox 1042 436 1743 569">
     <span class='ocr_line' id='line_1_55' title="bbox 1085 436 1743 479; baseline -0.002 -11"><span class='ocrx_word' id='word_1_271' title='bbox 1085 439 1148 468; x_wconf 80' lang='lat'>650</span> <span class='ocrx_word' id='word_1_272' title='bbox 1174 437 1337 478; x_wconf 77' lang='lat' dir='ltr'>Thoantis]</span> <span class='ocrx_word' id='word_1_273' title='bbox 1356 436 1564 479; x_wconf 77' lang='lat' dir='ltr'>Hypsipyle,</span> <span class='ocrx_word' id='word_1_274' title='bbox 1580 439 1743 478; x_wconf 71' lang='lat' dir='ltr'>patrony-</span> 
     </span>
     <span class='ocr_line' id='line_1_56' title="bbox 1043 485 1743 529; baseline 0 -13"><span class='ocrx_word' id='word_1_275' title='bbox 1043 485 1166 518; x_wconf 87' lang='lat' dir='ltr'>micum</span> <span class='ocrx_word' id='word_1_276' title='bbox 1183 496 1203 517; x_wconf 82' lang='grc'>3</span> <span class='ocrx_word' id='word_1_277' title='bbox 1216 487 1369 518; x_wconf 82' lang='lat' dir='ltr'>Thoante</span> <span class='ocrx_word' id='word_1_278' title='bbox 1386 491 1503 529; x_wconf 82' lang='lat' dir='ltr'>patre:</span> <span class='ocrx_word' id='word_1_279' title='bbox 1529 485 1743 524; x_wconf 63' lang='lat' dir='ltr'>acceutnrtn</span> 
     </span>
     <span class='ocr_line' id='line_1_57' title="bbox 1042 534 1736 569; baseline 0.004 -3"><span class='ocrx_word' id='word_1_280' title='bbox 1042 534 1110 567; x_wconf 86' lang='lat' dir='ltr'>fine</span> <span class='ocrx_word' id='word_1_281' title='bbox 1125 540 1187 568; x_wconf 82' lang='lat' dir='ltr'>est.</span> <span class='ocrx_word' id='word_1_282' title='bbox 1217 536 1315 569; x_wconf 83' lang='lat' dir='ltr'>Idem.</span> <span class='ocrx_word' id='word_1_283' title='bbox 1712 547 1713 550; x_wconf 50' lang='lat'>¹</span> <span class='ocrx_word' id='word_1_284' title='bbox 1731 553 1736 559; x_wconf 87' lang='lat'><strong>·</strong></span> 
     </span>
    </p>

    <p class='ocr_par' dir='ltr' id='par_1_15' title="bbox 1043 583 1746 867">
     <span class='ocr_line' id='line_1_58' title="bbox 1085 583 1744 627; baseline 0 -11"><span class='ocrx_word' id='word_1_285' title='bbox 1085 587 1149 617; x_wconf 83' lang='grc'><strong>654</strong></span> <span class='ocrx_word' id='word_1_286' title='bbox 1174 586 1331 618; x_wconf 78' lang='lat' dir='ltr'>Lacrimas</span> <span class='ocrx_word' id='word_1_287' title='bbox 1354 585 1506 627; x_wconf 74' lang='lat' dir='ltr'>resorbet]</span> <span class='ocrx_word' id='word_1_288' title='bbox 1536 586 1666 618; x_wconf 80' lang='lat' dir='ltr'>Tantus</span> <span class='ocrx_word' id='word_1_289' title='bbox 1689 583 1744 617; x_wconf 80' lang='lat' dir='ltr'>fu·</span> 
     </span>
     <span class='ocr_line' id='line_1_59' title="bbox 1044 634 1744 676; baseline -0.001 -10"><span class='ocrx_word' id='word_1_290' title='bbox 1044 644 1100 666; x_wconf 90' lang='lat' dir='ltr'>ror</span> <span class='ocrx_word' id='word_1_291' title='bbox 1115 644 1190 666; x_wconf 87' lang='lat' dir='ltr'>eum</span> <span class='ocrx_word' id='word_1_292' title='bbox 1208 635 1375 675; x_wconf 76' lang='lat' dir='ltr'>incendit,</span> <span class='ocrx_word' id='word_1_293' title='bbox 1393 641 1431 667; x_wconf 88' lang='lat' dir='ltr'>ut</span> <span class='ocrx_word' id='word_1_294' title='bbox 1449 635 1522 676; x_wconf 85' lang='lat' dir='ltr'>jam</span> <span class='ocrx_word' id='word_1_295' title='bbox 1552 634 1744 676; x_wconf 69' lang='lat' dir='ltr'>proditurus</span> 
     </span>
     <span class='ocr_line' id='line_1_60' title="bbox 1044 683 1746 727; baseline -0.001 -11"><span class='ocrx_word' id='word_1_296' title='bbox 1044 686 1208 727; x_wconf 74' lang='lat' dir='ltr'>lacrymas</span> <span class='ocrx_word' id='word_1_297' title='bbox 1230 685 1405 717; x_wconf 82' lang='lat' dir='ltr'>iracundia</span> <span class='ocrx_word' id='word_1_298' title='bbox 1427 685 1618 725; x_wconf 79' lang='lat' dir='ltr'>resorbeat,</span> <span class='ocrx_word' id='word_1_299' title='bbox 1638 683 1673 716; x_wconf 87' lang='lat' dir='ltr'>id</span> <span class='ocrx_word' id='word_1_300' title='bbox 1690 687 1746 716; x_wconf 79' lang='lat' dir='ltr'>es&#39;t</span> 
     </span>
     <span class='ocr_line' id='line_1_61' title="bbox 1043 733 1743 774; baseline -0.001 -8"><span class='ocrx_word' id='word_1_301' title='bbox 1043 735 1286 767; x_wconf 86' lang='lat' dir='ltr'>retrosorbeat.</span> <span class='ocrx_word' id='word_1_302' title='bbox 1315 736 1380 767; x_wconf 73' lang='lat' dir='ltr'>Vct.</span> <span class='ocrx_word' id='word_1_303' title='bbox 1396 735 1500 767; x_wconf 81' lang='lat' dir='ltr'>schol.</span> <span class='ocrx_word' id='word_1_304' title='bbox 1545 734 1602 766; x_wconf 84' lang='lat' dir='ltr'>Im</span> <span class='ocrx_word' id='word_1_305' title='bbox 1615 733 1743 774; x_wconf 69' lang='lat' dir='ltr'>Patris]</span> 
     </span>
     <span class='ocr_line' id='line_1_62' title="bbox 1045 783 1745 826; baseline -0.001 -10"><span class='ocrx_word' id='word_1_306' title='bbox 1045 785 1230 826; x_wconf 81' lang='lat' dir='ltr'>Lacrymas</span> <span class='ocrx_word' id='word_1_307' title='bbox 1252 785 1395 816; x_wconf 80' lang='lat' dir='ltr'>hominis</span> <span class='ocrx_word' id='word_1_308' title='bbox 1422 783 1579 816; x_wconf 80' lang='lat' dir='ltr'>resorbet</span> <span class='ocrx_word' id='word_1_309' title='bbox 1601 784 1652 816; x_wconf 76' lang='lat' dir='ltr'>ira</span> <span class='ocrx_word' id='word_1_310' title='bbox 1675 783 1745 816; x_wconf 76' lang='lat' dir='ltr'>Pa-</span> 
     </span>
     <span class='ocr_line' id='line_1_63' title="bbox 1045 832 1745 867; baseline -0.003 -1"><span class='ocrx_word' id='word_1_311' title='bbox 1045 834 1118 867; x_wconf 89' lang='lat' dir='ltr'>tris.</span> <span class='ocrx_word' id='word_1_312' title='bbox 1148 835 1187 867; x_wconf 87' lang='lat' dir='ltr'>V.</span> <span class='ocrx_word' id='word_1_313' title='bbox 1203 835 1240 866; x_wconf 82' lang='lat' dir='ltr'>S.</span> <span class='ocrx_word' id='word_1_314' title='bbox 1300 835 1471 866; x_wconf 81' lang='lat' dir='ltr'>Paternus</span> <span class='ocrx_word' id='word_1_315' title='bbox 1500 832 1646 866; x_wconf 78' lang='lat' dir='ltr'>affectus</span> <span class='ocrx_word' id='word_1_316' title='bbox 1675 843 1745 865; x_wconf 90' lang='lat' dir='ltr'>om·</span> 
     </span>
    </p>
   </div>
   <div class='ocr_carea' id='block_1_5' title="bbox 1044 883 1751 1676">
    <p class='ocr_par' dir='ltr' id='par_1_16' title="bbox 1044 883 1747 967">
     <span class='ocr_line' id='line_1_64' title="bbox 1044 883 1747 926; baseline 0 -10"><span class='ocrx_word' id='word_1_317' title='bbox 1044 885 1099 916; x_wconf 87' lang='grc'>1113</span> <span class='ocrx_word' id='word_1_318' title='bbox 1127 885 1272 917; x_wconf 88' lang='lat' dir='ltr'>humana</span> <span class='ocrx_word' id='word_1_319' title='bbox 1304 884 1497 917; x_wconf 82' lang='lat' dir='ltr'>accidentia</span> <span class='ocrx_word' id='word_1_320' title='bbox 1525 888 1678 926; x_wconf 77' lang='lat' dir='ltr'>superat.</span> <span class='ocrx_word' id='word_1_321' title='bbox 1707 883 1747 916; x_wconf 83' lang='lat' dir='ltr'>V.</span> 
     </span>
     <span class='ocr_line' id='line_1_65' title="bbox 1045 935 1151 967; baseline 0 0"><span class='ocrx_word' id='word_1_322' title='bbox 1045 935 1151 967; x_wconf 81' lang='lat' dir='ltr'>Schol.</span> 
     </span>
    </p>

    <p class='ocr_par' dir='ltr' id='par_1_17' title="bbox 1044 983 1746 1124">
     <span class='ocr_line' id='line_1_66' title="bbox 1086 983 1746 1025; baseline -0.005 -8"><span class='ocrx_word' id='word_1_323' title='bbox 1086 989 1150 1018; x_wconf 81' lang='lat'>659</span> <span class='ocrx_word' id='word_1_324' title='bbox 1179 985 1346 1016; x_wconf 73' lang='lat' dir='ltr'>Mendacio</span> <span class='ocrx_word' id='word_1_325' title='bbox 1360 983 1457 1025; x_wconf 81' lang='lat' dir='ltr'>sacri]</span> <span class='ocrx_word' id='word_1_326' title='bbox 1479 983 1631 1025; x_wconf 80' lang='lat' dir='ltr'>Propter</span> <span class='ocrx_word' id='word_1_327' title='bbox 1647 983 1746 1015; x_wconf 83' lang='lat' dir='ltr'>Libe&#39;·</span> 
     </span>
     <span class='ocr_line' id='line_1_67' title="bbox 1044 1031 1746 1076; baseline -0.003 -10"><span class='ocrx_word' id='word_1_328' title='bbox 1044 1044 1117 1066; x_wconf 90' lang='lat' dir='ltr'>rum</span> <span class='ocrx_word' id='word_1_329' title='bbox 1137 1032 1270 1076; x_wconf 84' lang='lat' dir='ltr'>patrem</span> <span class='ocrx_word' id='word_1_330' title='bbox 1293 1034 1469 1074; x_wconf 79' lang='lat' dir='ltr'>Thoantis,</span> <span class='ocrx_word' id='word_1_331' title='bbox 1489 1033 1587 1074; x_wconf 83' lang='lat' dir='ltr'>cujus</span> <span class='ocrx_word' id='word_1_332' title='bbox 1610 1032 1680 1064; x_wconf 80' lang='lat' dir='ltr'>filia</span> <span class='ocrx_word' id='word_1_333' title='bbox 1695 1031 1746 1064; x_wconf 73' lang='lat' dir='ltr'>di-</span> 
     </span>
     <span class='ocr_line' id='line_1_68' title="bbox 1045 1082 1739 1124; baseline -0.006 -9"><span class='ocrx_word' id='word_1_334' title='bbox 1045 1084 1134 1116; x_wconf 89' lang='lat' dir='ltr'>citur</span> <span class='ocrx_word' id='word_1_335' title='bbox 1148 1083 1254 1115; x_wconf 84' lang='lat' dir='ltr'>fuisse</span> <span class='ocrx_word' id='word_1_336' title='bbox 1271 1082 1478 1124; x_wconf 86' lang='lat' dir='ltr'>Hypsipyle.</span> <span class='ocrx_word' id='word_1_337' title='bbox 1501 1082 1651 1114; x_wconf 67' lang='lat' dir='ltr'>Laetam.</span> <span class='ocrx_word' id='word_1_338' title='bbox 1736 1106 1739 1110; x_wconf 95' lang='lat'>.</span> 
     </span>
    </p>

    <p class='ocr_par' dir='ltr' id='par_1_18' title="bbox 1046 1131 1749 1575">
     <span class='ocr_line' id='line_1_69' title="bbox 1087 1131 1747 1174; baseline 0 -9"><span class='ocrx_word' id='word_1_339' title='bbox 1087 1136 1152 1166; x_wconf 83' lang='lat'>662</span> <span class='ocrx_word' id='word_1_340' title='bbox 1177 1133 1350 1165; x_wconf 83' lang='lat' dir='ltr'>Proturbat</span> <span class='ocrx_word' id='word_1_341' title='bbox 1371 1132 1513 1174; x_wconf 77' lang='lat' dir='ltr'>pectora]</span> <span class='ocrx_word' id='word_1_342' title='bbox 1542 1131 1584 1163; x_wconf 90' lang='lat' dir='ltr'>In</span> <span class='ocrx_word' id='word_1_343' title='bbox 1617 1131 1747 1173; x_wconf 80' lang='lat' dir='ltr'>optimo</span> 
     </span>
     <span class='ocr_line' id='line_1_70' title="bbox 1046 1181 1747 1225; baseline -0.004 -10"><span class='ocrx_word' id='word_1_344' title='bbox 1046 1183 1134 1215; x_wconf 90' lang='lat' dir='ltr'>libro</span> <span class='ocrx_word' id='word_1_345' title='bbox 1160 1187 1214 1215; x_wconf 87' lang='lat' dir='ltr'>est</span> <span class='ocrx_word' id='word_1_346' title='bbox 1233 1182 1492 1225; x_wconf 78' lang='lat' dir='ltr'>protental.1d</span> <span class='ocrx_word' id='word_1_347' title='bbox 1518 1181 1647 1213; x_wconf 87' lang='lat' dir='ltr'>dictum</span> <span class='ocrx_word' id='word_1_348' title='bbox 1664 1188 1747 1224; x_wconf 83' lang='lat' dir='ltr'>puto</span> 
     </span>
     <span class='ocr_line' id='line_1_71' title="bbox 1046 1231 1746 1275; baseline -0.003 -11"><span class='ocrx_word' id='word_1_349' title='bbox 1046 1244 1085 1265; x_wconf 81' lang='lat' dir='ltr'>ea</span> <span class='ocrx_word' id='word_1_350' title='bbox 1102 1234 1146 1270; x_wconf 89' lang='lat' dir='ltr'>vi,</span> <span class='ocrx_word' id='word_1_351' title='bbox 1161 1243 1227 1275; x_wconf 91' lang='lat' dir='ltr'>qua</span> <span class='ocrx_word' id='word_1_352' title='bbox 1242 1233 1377 1274; x_wconf 86' lang='lat' dir='ltr'>accepit</span> <span class='ocrx_word' id='word_1_353' title='bbox 1392 1235 1489 1263; x_wconf 87' lang='lat' dir='ltr'>vetus</span> <span class='ocrx_word' id='word_1_354' title='bbox 1507 1231 1650 1263; x_wconf 82' lang='lat' dir='ltr'>Glossa:</span> <span class='ocrx_word' id='word_1_355' title='bbox 1677 1235 1746 1263; x_wconf 66' lang='grc'>1113,-</span> 
     </span>
     <span class='ocr_line' id='line_1_72' title="bbox 1047 1273 1749 1324; baseline -0.004 -8"><span class='ocrx_word' id='word_1_356' title='bbox 1047 1284 1138 1324; x_wconf 77' lang='lat' dir='ltr'>tinet,</span> <span class='ocrx_word' id='word_1_357' title='bbox 1165 1286 1333 1315; x_wconf 72' lang='lat' dir='ltr'>sustentat.</span> <span class='ocrx_word' id='word_1_358' title='bbox 1382 1283 1456 1314; x_wconf 89' lang='lat' dir='ltr'>Nou</span> <span class='ocrx_word' id='word_1_359' title='bbox 1488 1281 1622 1314; x_wconf 81' lang='lat' dir='ltr'>inscite.</span> <span class='ocrx_word' id='word_1_360' title='bbox 1674 1273 1749 1314; x_wconf 72' lang='lat' dir='ltr'>Et&#39;si</span> 
     </span>
     <span class='ocr_line' id='line_1_73' title="bbox 1047 1332 1746 1373; baseline -0.001 -7"><span class='ocrx_word' id='word_1_361' title='bbox 1047 1335 1136 1366; x_wconf 88' lang='lat' dir='ltr'>enim</span> <span class='ocrx_word' id='word_1_362' title='bbox 1152 1343 1217 1365; x_wconf 88' lang='lat' dir='ltr'>non</span> <span class='ocrx_word' id='word_1_363' title='bbox 1228 1332 1362 1373; x_wconf 86' lang='lat' dir='ltr'>fortior,</span> <span class='ocrx_word' id='word_1_364' title='bbox 1373 1332 1618 1365; x_wconf 76' lang='lat' dir='ltr'>consideratior</span> <span class='ocrx_word' id='word_1_365' title='bbox 1631 1337 1746 1365; x_wconf 85' lang='lat' dir='ltr'>tamen</span> 
     </span>
     <span class='ocr_line' id='line_1_74' title="bbox 1049 1383 1746 1425; baseline -0.001 -10"><span class='ocrx_word' id='word_1_366' title='bbox 1049 1385 1222 1425; x_wconf 84' lang='lat' dir='ltr'>Capaneo.</span> <span class='ocrx_word' id='word_1_367' title='bbox 1233 1383 1373 1424; x_wconf 79' lang='lat' dir='ltr'>Tydeus</span> <span class='ocrx_word' id='word_1_368' title='bbox 1390 1383 1575 1414; x_wconf 83' lang='lat' dir='ltr'>inducitur.</span> <span class='ocrx_word' id='word_1_369' title='bbox 1620 1383 1665 1414; x_wconf 85' lang='lat' dir='ltr'>Et</span> <span class='ocrx_word' id='word_1_370' title='bbox 1683 1383 1746 1415; x_wconf 82' lang='lat' dir='ltr'>Ca·</span> 
     </span>
     <span class='ocr_line' id='line_1_75' title="bbox 1048 1432 1748 1475; baseline 0 -9"><span class='ocrx_word' id='word_1_371' title='bbox 1048 1443 1157 1475; x_wconf 90' lang='lat' dir='ltr'>paneo</span> <span class='ocrx_word' id='word_1_372' title='bbox 1192 1434 1326 1474; x_wconf 83' lang='lat' dir='ltr'>dignior</span> <span class='ocrx_word' id='word_1_373' title='bbox 1363 1432 1575 1474; x_wconf 86' lang='lat' dir='ltr'>proturbatio</span> <span class='ocrx_word' id='word_1_374' title='bbox 1603 1433 1748 1466; x_wconf 73' lang='lat' dir='ltr'>hominis</span> 
     </span>
     <span class='ocr_line' id='line_1_76' title="bbox 1047 1484 1749 1526; baseline 0 -10"><span class='ocrx_word' id='word_1_375' title='bbox 1047 1485 1199 1524; x_wconf 86' lang='lat' dir='ltr'>inermis,</span> <span class='ocrx_word' id='word_1_376' title='bbox 1211 1484 1414 1525; x_wconf 83' lang='lat' dir='ltr'>mancipium</span> <span class='ocrx_word' id='word_1_377' title='bbox 1430 1493 1526 1515; x_wconf 88' lang='lat' dir='ltr'>sunm</span> <span class='ocrx_word' id='word_1_378' title='bbox 1542 1493 1749 1526; x_wconf 79' lang='lat' dir='ltr'>perseqnen-</span> 
     </span>
     <span class='ocr_line' id='line_1_77' title="bbox 1049 1533 1704 1575; baseline 0 -9"><span class='ocrx_word' id='word_1_379' title='bbox 1049 1535 1106 1575; x_wconf 88' lang='lat' dir='ltr'>tis,</span> <span class='ocrx_word' id='word_1_380' title='bbox 1121 1534 1323 1566; x_wconf 82' lang='lat' dir='ltr'>sustentatio</span> <span class='ocrx_word' id='word_1_381' title='bbox 1340 1542 1420 1565; x_wconf 90' lang='lat' dir='ltr'>vero</span> <span class='ocrx_word' id='word_1_382' title='bbox 1434 1533 1564 1574; x_wconf 87' lang='lat' dir='ltr'>Tydeo.</span> <span class='ocrx_word' id='word_1_383' title='bbox 1587 1534 1704 1566; x_wconf 74' lang='lat' dir='ltr'>Barth.</span> 
     </span>
    </p>

    <p class='ocr_par' dir='ltr' id='par_1_19' title="bbox 1049 1582 1751 1676">
     <span class='ocr_line' id='line_1_78' title="bbox 1091 1582 1751 1626; baseline 0.002 -10"><span class='ocrx_word' id='word_1_384' title='bbox 1091 1588 1153 1616; x_wconf 80' lang='lat'>663</span> <span class='ocrx_word' id='word_1_385' title='bbox 1189 1584 1390 1626; x_wconf 77' lang='lat' dir='ltr'>Insrendens]</span> <span class='ocrx_word' id='word_1_386' title='bbox 1422 1582 1644 1616; x_wconf 83' lang='lat' dir='ltr'>‘Infrendere</span> <span class='ocrx_word' id='word_1_387' title='bbox 1660 1583 1670 1598; x_wconf 90' lang='lat'>’</span> <span class='ocrx_word' id='word_1_388' title='bbox 1697 1590 1751 1617; x_wconf 86' lang='lat' dir='ltr'>est</span> 
     </span>
     <span class='ocr_line' id='line_1_79' title="bbox 1049 1635 1749 1676; baseline 0 -8"><span class='ocrx_word' id='word_1_389' title='bbox 1049 1636 1172 1668; x_wconf 85' lang='lat' dir='ltr'>dentes</span> <span class='ocrx_word' id='word_1_390' title='bbox 1203 1635 1360 1666; x_wconf 87' lang='lat' dir='ltr'>dentibus</span> <span class='ocrx_word' id='word_1_391' title='bbox 1392 1639 1544 1676; x_wconf 79' lang='grc'>1111111010.</span> <span class='ocrx_word' id='word_1_392' title='bbox 1588 1635 1637 1666; x_wconf 91' lang='lat' dir='ltr'>Ut</span> <span class='ocrx_word' id='word_1_393' title='bbox 1654 1635 1749 1676; x_wconf 79' lang='lat' dir='ltr'>Virg-</span> 
     </span>
    </p>
   </div>
   <div class='ocr_carea' id='block_1_6' title="bbox 1049 1683 1810 1723">
    <p class='ocr_par' dir='ltr' id='par_1_20' title="bbox 1049 1683 1810 1723">
     <span class='ocr_line' id='line_1_80' title="bbox 1049 1683 1810 1723; baseline 0.001 -7"><span class='ocrx_word' id='word_1_394' title='bbox 1049 1683 1473 1717; x_wconf 65' lang='lat' dir='ltr'>‘Dentibusinfrendensl</span> <span class='ocrx_word' id='word_1_395' title='bbox 1496 1683 1652 1717; x_wconf 79' lang='lat' dir='ltr'>Infantes</span> <span class='ocrx_word' id='word_1_396' title='bbox 1661 1686 1749 1717; x_wconf 86' lang='grc'>0111111</span> <span class='ocrx_word' id='word_1_397' title='bbox 1804 1721 1810 1723; x_wconf 26' lang='grc' dir='ltr'><strong><em>Δ</em></strong></span> 
     </span>
    </p>
   </div>
   <div class='ocr_carea' id='block_1_7' title="bbox 1050 1732 1757 2829">
    <p class='ocr_par' dir='ltr' id='par_1_21' title="bbox 1050 1732 1750 1817">
     <span class='ocr_line' id='line_1_81' title="bbox 1050 1732 1750 1768; baseline 0.001 -2"><span class='ocrx_word' id='word_1_398' title='bbox 1050 1734 1123 1766; x_wconf 88' lang='lat' dir='ltr'>sine</span> <span class='ocrx_word' id='word_1_399' title='bbox 1151 1734 1351 1766; x_wconf 65' lang='grc' dir='ltr'>(1011111105ι</span> <span class='ocrx_word' id='word_1_400' title='bbox 1366 1732 1557 1766; x_wconf 88' lang='lat' dir='ltr'>infrendes&#39;</span> <span class='ocrx_word' id='word_1_401' title='bbox 1579 1734 1750 1768; x_wconf 79' lang='lat' dir='ltr'>dicuntur.</span> 
     </span>
     <span class='ocr_line' id='line_1_82' title="bbox 1050 1785 1196 1817; baseline -0.007 0"><span class='ocrx_word' id='word_1_402' title='bbox 1050 1785 1196 1817; x_wconf 73' lang='lat' dir='ltr'>Laetam.</span> 
     </span>
    </p>

    <p class='ocr_par' dir='ltr' id='par_1_22' title="bbox 1051 1808 1753 2128">
     <span class='ocr_line' id='line_1_83' title="bbox 1091 1808 1753 1877; baseline 0.003 -10"><span class='ocrx_word' id='word_1_403' title='bbox 1091 1838 1154 1867; x_wconf 87' lang='grc'>665</span> <span class='ocrx_word' id='word_1_404' title='bbox 1167 1835 1324 1876; x_wconf 76' lang='lat' dir='ltr'>Rectaque</span> <span class='ocrx_word' id='word_1_405' title='bbox 1335 1835 1564 1876; x_wconf 75' lang='lat' dir='ltr'>Erymanthius</span> <span class='ocrx_word' id='word_1_406' title='bbox 1573 1834 1662 1877; x_wconf 73' lang='lat' dir='ltr'>ense]</span> <span class='ocrx_word' id='word_1_407' title='bbox 1671 1808 1753 1869; x_wconf 79' lang='lat' dir='ltr'>Qui-</span> 
     </span>
     <span class='ocr_line' id='line_1_84' title="bbox 1051 1884 1752 1928; baseline 0.003 -12"><span class='ocrx_word' id='word_1_408' title='bbox 1051 1884 1128 1916; x_wconf 86' lang='lat' dir='ltr'>dam</span> <span class='ocrx_word' id='word_1_409' title='bbox 1165 1888 1325 1926; x_wconf 83' lang='lat' dir='ltr'>rectorque</span> <span class='ocrx_word' id='word_1_410' title='bbox 1360 1886 1587 1927; x_wconf 75' lang='lat' dir='ltr'>Erymanthius</span> <span class='ocrx_word' id='word_1_411' title='bbox 1621 1886 1752 1928; x_wconf 77' lang='lat' dir='ltr'>legunt,</span> 
     </span>
     <span class='ocr_line' id='line_1_85' title="bbox 1052 1936 1749 1979; baseline 0 -11"><span class='ocrx_word' id='word_1_412' title='bbox 1052 1936 1111 1969; x_wconf 86' lang='lat' dir='ltr'>sed</span> <span class='ocrx_word' id='word_1_413' title='bbox 1125 1937 1224 1969; x_wconf 81' lang='lat' dir='ltr'>male.</span> <span class='ocrx_word' id='word_1_414' title='bbox 1267 1937 1526 1978; x_wconf 83' lang='lat' dir='ltr'>Erymanthium</span> <span class='ocrx_word' id='word_1_415' title='bbox 1554 1947 1635 1979; x_wconf 82' lang='lat' dir='ltr'>ergo</span> <span class='ocrx_word' id='word_1_416' title='bbox 1663 1937 1749 1969; x_wconf 86' lang='lat' dir='ltr'>Par-</span> 
     </span>
     <span class='ocr_line' id='line_1_86' title="bbox 1051 1987 1750 2028; baseline 0.001 -10"><span class='ocrx_word' id='word_1_417' title='bbox 1051 1987 1256 2028; x_wconf 87' lang='lat' dir='ltr'>thenopeum</span> <span class='ocrx_word' id='word_1_418' title='bbox 1272 1987 1369 2027; x_wconf 87' lang='lat' dir='ltr'>dicit,</span> <span class='ocrx_word' id='word_1_419' title='bbox 1382 1987 1424 2018; x_wconf 85' lang='lat' dir='ltr'>ab</span> <span class='ocrx_word' id='word_1_420' title='bbox 1435 1987 1645 2028; x_wconf 83' lang='lat' dir='ltr'>Erymantho</span> <span class='ocrx_word' id='word_1_421' title='bbox 1658 1997 1750 2020; x_wconf 89' lang='lat' dir='ltr'>mon·</span> 
     </span>
     <span class='ocr_line' id='line_1_87' title="bbox 1051 2036 1752 2079; baseline 0.004 -12"><span class='ocrx_word' id='word_1_422' title='bbox 1051 2041 1086 2067; x_wconf 88' lang='lat' dir='ltr'>te</span> <span class='ocrx_word' id='word_1_423' title='bbox 1117 2036 1287 2068; x_wconf 85' lang='lat' dir='ltr'>Arcadiae.</span> <span class='ocrx_word' id='word_1_424' title='bbox 1333 2037 1428 2069; x_wconf 82' lang='lat' dir='ltr'>Recto</span> <span class='ocrx_word' id='word_1_425' title='bbox 1461 2038 1546 2079; x_wconf 72' lang='lat' dir='ltr'>ense]</span> <span class='ocrx_word' id='word_1_426' title='bbox 1581 2038 1752 2070; x_wconf 83' lang='lat' dir='ltr'>Protenso</span> 
     </span>
     <span class='ocr_line' id='line_1_88' title="bbox 1051 2086 1300 2128; baseline 0 -10"><span class='ocrx_word' id='word_1_427' title='bbox 1051 2086 1176 2128; x_wconf 79' lang='lat' dir='ltr'>gladio.</span> <span class='ocrx_word' id='word_1_428' title='bbox 1199 2087 1300 2119; x_wconf 83' lang='lat' dir='ltr'>Idem.</span> 
     </span>
    </p>

    <p class='ocr_par' dir='ltr' id='par_1_23' title="bbox 1052 2137 1757 2829">
     <span class='ocr_line' id='line_1_89' title="bbox 1094 2137 1751 2179; baseline -0.002 -9"><span class='ocrx_word' id='word_1_429' title='bbox 1094 2141 1158 2170; x_wconf 89' lang='grc'>666</span> <span class='ocrx_word' id='word_1_430' title='bbox 1181 2138 1425 2179; x_wconf 83' lang='lat' dir='ltr'>Perstringunt]</span> <span class='ocrx_word' id='word_1_431' title='bbox 1458 2137 1660 2172; x_wconf 73' lang='lat' dir='ltr'>obcaecant.</span> <span class='ocrx_word' id='word_1_432' title='bbox 1686 2139 1751 2171; x_wconf 85' lang='lat' dir='ltr'>Lu-</span> 
     </span>
     <span class='ocr_line' id='line_1_90' title="bbox 1052 2186 1755 2230; baseline 0.001 -10"><span class='ocrx_word' id='word_1_433' title='bbox 1052 2198 1128 2221; x_wconf 85' lang='lat' dir='ltr'>can.</span> <span class='ocrx_word' id='word_1_434' title='bbox 1154 2190 1165 2206; x_wconf 83' lang='lat'><strong><em>⁴</em></strong></span> <span class='ocrx_word' id='word_1_435' title='bbox 1184 2188 1334 2230; x_wconf 85' lang='lat' dir='ltr'>Obliqua</span> <span class='ocrx_word' id='word_1_436' title='bbox 1367 2189 1600 2230; x_wconf 82' lang='lat' dir='ltr'>perstringens</span> <span class='ocrx_word' id='word_1_437' title='bbox 1625 2186 1755 2221; x_wconf 65' lang='lat' dir='ltr'>lumina</span> 
     </span>
     <span class='ocr_line' id='line_1_91' title="bbox 1052 2238 1752 2276; baseline -0.001 -5"><span class='ocrx_word' id='word_1_438' title='bbox 1052 2238 1218 2271; x_wconf 61' lang='lat' dir='ltr'>flamma?</span> <span class='ocrx_word' id='word_1_439' title='bbox 1241 2239 1275 2269; x_wconf 89' lang='lat' dir='ltr'>id</span> <span class='ocrx_word' id='word_1_440' title='bbox 1292 2243 1358 2276; x_wconf 86' lang='lat' dir='ltr'>est,</span> <span class='ocrx_word' id='word_1_441' title='bbox 1374 2242 1433 2270; x_wconf 88' lang='lat' dir='ltr'>aut</span> <span class='ocrx_word' id='word_1_442' title='bbox 1444 2248 1609 2270; x_wconf 79' lang='lat' dir='ltr'>armorum</span> <span class='ocrx_word' id='word_1_443' title='bbox 1625 2239 1752 2271; x_wconf 74' lang='lat' dir='ltr'>lumine</span> 
     </span>
     <span class='ocr_line' id='line_1_92' title="bbox 1052 2287 1750 2328; baseline 0 -8"><span class='ocrx_word' id='word_1_444' title='bbox 1052 2289 1244 2328; x_wconf 83' lang='lat' dir='ltr'>obcaecant,</span> <span class='ocrx_word' id='word_1_445' title='bbox 1263 2292 1322 2321; x_wconf 82' lang='lat' dir='ltr'>aut</span> <span class='ocrx_word' id='word_1_446' title='bbox 1337 2288 1425 2320; x_wconf 84' lang='lat' dir='ltr'>limis</span> <span class='ocrx_word' id='word_1_447' title='bbox 1441 2287 1547 2320; x_wconf 88' lang='lat' dir='ltr'>oculis</span> <span class='ocrx_word' id='word_1_448' title='bbox 1563 2287 1750 2320; x_wconf 86' lang='lat' dir='ltr'>intuentur.</span> 
     </span>
     <span class='ocr_line' id='line_1_93' title="bbox 1052 2338 1734 2370; baseline 0.004 -1"><span class='ocrx_word' id='word_1_449' title='bbox 1052 2338 1151 2370; x_wconf 86' lang='lat' dir='ltr'>Idem.</span> <span class='ocrx_word' id='word_1_450' title='bbox 1730 2358 1734 2364; x_wconf 89' lang='lat'>·</span> 
     </span>
     <span class='ocr_line' id='line_1_94' title="bbox 1105 2387 1755 2429; baseline 0.005 -10"><span class='ocrx_word' id='word_1_451' title='bbox 1105 2391 1169 2420; x_wconf 87' lang='grc'>668</span> <span class='ocrx_word' id='word_1_452' title='bbox 1195 2388 1386 2419; x_wconf 79' lang='lat' dir='ltr'>commercia</span> <span class='ocrx_word' id='word_1_453' title='bbox 1400 2388 1491 2429; x_wconf 68' lang='lat' dir='ltr'>vita]</span> <span class='ocrx_word' id='word_1_454' title='bbox 1521 2387 1589 2420; x_wconf 86' lang='lat' dir='ltr'>Alii</span> <span class='ocrx_word' id='word_1_455' title='bbox 1602 2388 1692 2421; x_wconf 73' lang='lat' dir='ltr'>vittae</span> <span class='ocrx_word' id='word_1_456' title='bbox 1706 2389 1755 2422; x_wconf 90' lang='grc'>10·</span> 
     </span>
     <span class='ocr_line' id='line_1_95' title="bbox 1054 2438 1755 2481; baseline 0.003 -12"><span class='ocrx_word' id='word_1_457' title='bbox 1054 2444 1137 2480; x_wconf 85' lang='lat' dir='ltr'>gunt</span> <span class='ocrx_word' id='word_1_458' title='bbox 1152 2449 1161 2477; x_wconf 89' lang='grc'>;</span> <span class='ocrx_word' id='word_1_459' title='bbox 1187 2447 1270 2478; x_wconf 90' lang='lat' dir='ltr'>ergo</span> <span class='ocrx_word' id='word_1_460' title='bbox 1288 2438 1315 2468; x_wconf 86' lang='lat' dir='ltr'>si</span> <span class='ocrx_word' id='word_1_461' title='bbox 1329 2438 1418 2479; x_wconf 66' lang='lat' dir='ltr'>vite,</span> <span class='ocrx_word' id='word_1_462' title='bbox 1431 2438 1510 2479; x_wconf 82' lang='lat' dir='ltr'>quia</span> <span class='ocrx_word' id='word_1_463' title='bbox 1523 2446 1639 2470; x_wconf 88' lang='lat' dir='ltr'>omnes</span> <span class='ocrx_word' id='word_1_464' title='bbox 1654 2438 1755 2481; x_wconf 79' lang='lat' dir='ltr'>Argi-</span> 
     </span>
     <span class='ocr_line' id='line_1_96' title="bbox 1054 2488 1753 2529; baseline 0.004 -10"><span class='ocrx_word' id='word_1_465' title='bbox 1054 2489 1085 2519; x_wconf 93' lang='lat' dir='ltr'>vi</span> <span class='ocrx_word' id='word_1_466' title='bbox 1102 2493 1213 2526; x_wconf 83' lang='lat' dir='ltr'>erant,</span> <span class='ocrx_word' id='word_1_467' title='bbox 1237 2488 1309 2519; x_wconf 88' lang='lat' dir='ltr'>sive</span> <span class='ocrx_word' id='word_1_468' title='bbox 1338 2488 1418 2529; x_wconf 83' lang='lat' dir='ltr'>quia</span> <span class='ocrx_word' id='word_1_469' title='bbox 1444 2489 1647 2521; x_wconf 82' lang='lat' dir='ltr'>commercia</span> <span class='ocrx_word' id='word_1_470' title='bbox 1671 2490 1753 2522; x_wconf 84' lang='lat' dir='ltr'>vitae</span> 
     </span>
     <span class='ocr_line' id='line_1_97' title="bbox 1054 2538 1755 2572; baseline 0.003 -2"><span class='ocrx_word' id='word_1_471' title='bbox 1054 2538 1247 2570; x_wconf 85' lang='lat' dir='ltr'>communia</span> <span class='ocrx_word' id='word_1_472' title='bbox 1265 2542 1344 2569; x_wconf 84' lang='lat' dir='ltr'>sunt</span> <span class='ocrx_word' id='word_1_473' title='bbox 1362 2539 1530 2570; x_wconf 88' lang='lat' dir='ltr'>irruentes</span> <span class='ocrx_word' id='word_1_474' title='bbox 1546 2548 1646 2570; x_wconf 82' lang='lat' dir='ltr'>casus</span> <span class='ocrx_word' id='word_1_475' title='bbox 1662 2540 1755 2572; x_wconf 83' lang='lat' dir='ltr'>exci-</span> 
     </span>
     <span class='ocr_line' id='line_1_98' title="bbox 1054 2587 1754 2629; baseline 0.003 -9"><span class='ocrx_word' id='word_1_476' title='bbox 1054 2598 1150 2629; x_wconf 85' lang='lat' dir='ltr'>pere.</span> <span class='ocrx_word' id='word_1_477' title='bbox 1195 2587 1232 2619; x_wconf 90' lang='lat' dir='ltr'>Si</span> <span class='ocrx_word' id='word_1_478' title='bbox 1258 2588 1360 2627; x_wconf 75' lang='lat' dir='ltr'>eittoe,</span> <span class='ocrx_word' id='word_1_479' title='bbox 1385 2587 1464 2629; x_wconf 89' lang='lat' dir='ltr'>quia</span> <span class='ocrx_word' id='word_1_480' title='bbox 1491 2588 1649 2621; x_wconf 77' lang='lat' dir='ltr'>sacerdos</span> <span class='ocrx_word' id='word_1_481' title='bbox 1678 2595 1754 2623; x_wconf 86' lang='lat' dir='ltr'>erat</span> 
     </span>
     <span class='ocr_line' id='line_1_99' title="bbox 1057 2637 1757 2679; baseline 0.004 -9"><span class='ocrx_word' id='word_1_482' title='bbox 1057 2638 1238 2679; x_wconf 88' lang='lat' dir='ltr'>Apollinis.</span> <span class='ocrx_word' id='word_1_483' title='bbox 1275 2637 1375 2670; x_wconf 85' lang='lat' dir='ltr'>Idem.</span> <span class='ocrx_word' id='word_1_484' title='bbox 1429 2638 1551 2669; x_wconf 78' lang='lat' dir='ltr'>Veritas</span> <span class='ocrx_word' id='word_1_485' title='bbox 1575 2641 1757 2673; x_wconf 78' lang='lat' dir='ltr'>commercia</span> 
     </span>
     <span class='ocr_line' id='line_1_100' title="bbox 1056 2687 1756 2729; baseline 0.006 -9"><span class='ocrx_word' id='word_1_486' title='bbox 1056 2688 1161 2729; x_wconf 79' lang='lat' dir='ltr'>vittoe]</span> <span class='ocrx_word' id='word_1_487' title='bbox 1185 2687 1239 2720; x_wconf 85' lang='lat' dir='ltr'>Ad</span> <span class='ocrx_word' id='word_1_488' title='bbox 1265 2688 1352 2720; x_wconf 90' lang='grc'>113110</span> <span class='ocrx_word' id='word_1_489' title='bbox 1374 2689 1594 2722; x_wconf 82' lang='lat' dir='ltr'>certissimam</span> <span class='ocrx_word' id='word_1_490' title='bbox 1620 2700 1756 2724; x_wconf 85' lang='lat' dir='ltr'>correc-</span> 
     </span>
     <span class='ocr_line' id='line_1_101' title="bbox 1055 2738 1754 2779; baseline 0.004 -9"><span class='ocrx_word' id='word_1_491' title='bbox 1055 2740 1183 2771; x_wconf 89' lang='lat' dir='ltr'>tionem</span> <span class='ocrx_word' id='word_1_492' title='bbox 1195 2738 1403 2779; x_wconf 80' lang='lat' dir='ltr'>praeiverunt</span> <span class='ocrx_word' id='word_1_493' title='bbox 1415 2738 1493 2770; x_wconf 90' lang='lat' dir='ltr'>libri</span> <span class='ocrx_word' id='word_1_494' title='bbox 1502 2745 1648 2772; x_wconf 86' lang='lat' dir='ltr'>veteres.</span> <span class='ocrx_word' id='word_1_495' title='bbox 1671 2741 1754 2773; x_wconf 87' lang='lat' dir='ltr'>Vul-</span> 
     </span>
     <span class='ocr_line' id='line_1_102' title="bbox 1057 2786 1755 2829; baseline 0.007 -11"><span class='ocrx_word' id='word_1_496' title='bbox 1057 2798 1098 2829; x_wconf 85' lang='lat' dir='ltr'>go</span> <span class='ocrx_word' id='word_1_497' title='bbox 1115 2788 1241 2828; x_wconf 86' lang='lat' dir='ltr'>legitur</span> <span class='ocrx_word' id='word_1_498' title='bbox 1255 2787 1435 2820; x_wconf 77' lang='lat' dir='ltr'>commercia</span> <span class='ocrx_word' id='word_1_499' title='bbox 1456 2788 1531 2822; x_wconf 79' lang='lat' dir='ltr'>vitoe</span> <span class='ocrx_word' id='word_1_500' title='bbox 1553 2786 1755 2823; x_wconf 72' lang='lat' dir='ltr'>translatitio</span> 
     </span>
    </p>
   </div>
  </div>
 </body>
</html>
