1878 3164
266 249 380 293 1974

310 355 373 387 425
397 352 698 396 Inoamquesugam]
713 355 802 388 Quia
813 364 889 386 cum
902 354 966 385 Ino

269 413 307 438 se
321 403 559 446 praecipitaret
582 405 615 436 iu
638 414 753 446 mare,
767 404 890 436 meruit
906 413 966 434 nu-

267 465 346 488 men
370 456 456 488 fieri.
506 456 685 497 Vestrique]
721 455 777 488 Ad
802 455 965 487 incutien-

268 507 344 539 dam
368 506 634 538 misericordiam
657 506 822 545 hostibus,
842 514 903 546 per
918 504 966 535 in-

260 554 410 588 -fantiam
432 555 576 587 numinis
600 555 746 596 adjurat,
769 559 807 586 ut
823 554 966 586 Parthe-

268 607 381 647 nopaei
400 605 557 647 pueritiae
576 609 787 646 parceretur.
810 604 908 636 Idem.

311 659 375 688 427
407 656 475 687 Hic
502 655 610 697 poter]
644 655 748 696 Apud
779 664 849 687 vos,
871 655 968 686 Idem.

272 706 420 738 Pulveris
433 706 577 747 haustus]
593 705 742 745 Minimi,
757 706 966 747 paucissimi.

276 756 347 787 Vet.
362 755 466 800 Schoi.

311 808 378 838 428
400 800 544 837 Ja'centis
566 804 695 845 Vultus]
717 805 807 838 Quia
831 804 968 836 dixerat

268 856 364 887 illum
391 855 546 896 superius
562 855 719 896 supinum
739 855 840 894 trahi,
855 865 969 896 quem-

268 904 451 936 admodum
462 905 572 936 solent
582 904 743 945 jacentes
758 906 968 946 supplicare.

272 954 421 986 Laetam.

312 1008 376 1038 430
392 1005 490 1037 Immo
500 1005 547 1037 ait
559 1005 729 1047 Amphion]
744 1004 864 1038 Adhuc
875 1006 969 1046 igno-

269 1055 359 1087 ravit
374 1054 543 1097 Amphion
560 1057 732 1087 extinctos
746 1055 866 1097 vigiles
881 1065 969 1088 suos.

271 1104 370 1137 Idem.

312 1157 376 1186 437
405 1155 449 1187 Ut
469 1155 603 1197 afflictos
624 1154 780 1187 turbarem
794 1165 851 1196 ego
863 1156 971 1196 prodi-

269 1206 321 1235 tor
336 1204 457 1245 Argos]
479 1206 638 1241 Veteres,
659 1215 722 1237 nec
747 1205 867 1237 dubito
889 1206 970 1247 quin

270 1254 448 1295 sincerius,
478 1258 636 1296 turparem
664 1266 732 1295 ego.
793 1256 971 1295 Lucretius

270 1305 357 1336 libro
379 1314 405 1337 1.
439 1304 590 1337 ‘Aulide
621 1315 686 1347 quo
714 1310 817 1346 pacto
844 1306 970 1337 Triviai

269 1354 412 1396 virginis
441 1366 532 1388 aram
555 1356 766 1397 Iphianassai
791 1359 971 1397 turparunt

271 1406 434 1447 sanguine
475 1405 566 1438 foede
599 1407 775 1438 Ductores
814 1406 969 1436 Danaum

270 1455 425 1487 delecti!
481 1457 594 1487 Vetus
624 1455 737 1487 Poe'ta
774 1455 864 1496 apud
896 1456 969 1488 Cic.

269 1505 374 1537 Tusc.
388 1506 520 1539 Quaest.
530 1506 589 1538 lib.
606 1515 632 1538 1.
647 1509 656 1524 ‘
673 1506 762 1538 Haec
777 1506 890 1537 omnia
903 1506 968 1538 vidi

270 1554 483 1596 inflammari,
501 1556 640 1587 Priamo
662 1556 695 1587 vi
719 1555 823 1587 vitam
839 1556 972 1597 evitari,

270 1605 369 1637 Jovis
385 1615 474 1637 aram
497 1606 660 1646 sanguine
685 1604 838 1647 turpari?
873 1606 972 1637 Taci-

270 1659 324 1687 tus
339 1655 474 1687 Histor.
490 1665 525 1688 v.
547 1656 557 1673 ‘
574 1655 643 1687 Sue
659 1655 832 1687 abstinent
846 1664 972 1686 memo-

270 1705 322 1736 ria
346 1705 451 1737 cladis
476 1706 564 1747 quod
588 1706 680 1747 ipsos
710 1704 842 1737 scabies
866 1714 971 1746 quon-

272 1755 350 1787 dam
367 1755 590 1796 turpaverat!
616 1756 764 1787 Bernart.

314 1808 378 1837 438
403 1805 464 1837 Nil
491 1805 620 1837 emimus
649 1805 746 1845 tanti]
774 1804 972 1836 Proditione

270 1856 394 1888 civium
410 1865 559 1888 meorum
576 1865 639 1887 nec
654 1855 756 1887 vitam
773 1852 896 1895 meam,
908 1864 972 1886 nec

271 1906 527 1947 Parthenopaeo
545 1905 728 1947 quaerimus
750 1906 971 1946 sepulturam.

271 1955 421 1988 Laetam.

314 2009 379 2038 446
403 2007 559 2038 Memores
569 2005 752 2047 superabitis
763 2005 872 2046 annos]
893 2006 972 2037 Vir-

270 2057 356 2089 tutis
376 2062 498 2089 vestrae
523 2058 632 2098 gloria
658 2062 848 2098 temporum
865 2057 971 2098 longi-

272 2106 356 2138 tudo
372 2107 538 2139 vincetur.
560 2107 659 2138 Idem.

314 2159 378 2188 448
410 2156 583 2196 Admittat]
626 2156 811 2197 Suscipiet,
845 2157 878 2187 id
909 2161 972 2194 est,

272 2206 459 2248 participes
476 2216 545 2238 suae
563 2207 679 2246 gloriae
691 2207 808 2239 faciet.
831 2208 930 2240 Idem.

315 2258 379 2288 450
411 2256 543 2297 Dolum]
587 2258 775 2298 Raptorum
803 2258 972 2298 regiorum

272 2306 489 2339 cadaverum.
543 2306 632 2338 Nam
672 2307 801 2338 caedem
839 2317 971 2339 suorum

271 2356 420 2388 nondum
435 2356 621 2388 resciverat
639 2355 822 2397 Amphion,
844 2362 881 2388 ut
904 2358 973 2388 cla-

272 2416 346 2438 rum
361 2406 491 2437 faciunt
507 2405 698 2447 sequentia.
728 2406 798 2438 Vet.
814 2406 917 2438 Schol.

313 2458 378 2487 452
401 2455 579 2495 Abscissos]
602 2455 726 2496 Capita
741 2456 921 2496 Dymantis
936 2461 972 2489 et

273 2505 414 2546 Hoplei.
441 2505 479 2537 V.
495 2504 531 2537 S.
577 2504 706 2536 Omnes
729 2505 885 2538 meliores
905 2507 971 2539 Co·

273 2555 379 2596 dices,
393 2554 446 2586 hic
463 2559 499 2586 et
517 2554 613 2594 alibi,
633 2564 700 2586 uno
724 2555 867 2595 sigmate
892 2557 972 2589 scri-

271 2605 357 2637 bunt
382 2604 469 2635 hanc
492 2613 623 2635 vocem.
659 2603 668 2621 ‘
684 2603 830 2635 Scissus’
856 2610 970 2637 tamen

271 2654 398 2694 ubique
413 2653 550 2694 legitur,
566 2662 631 2683 non
648 2653 659 2670 ‘
675 2653 808 2685 scisus.’
830 2654 948 2686 Barth.

313 2706 378 2736 456
402 2703 503 2735 Arma
531 2703 653 2744 rubere]
690 2703 862 2745 Sanguine
893 2715 970 2746 per-

271 2755 342 2787 fusa
358 2755 549 2787 rubescere.
571 2754 719 2786 Lactant.

315 2797 378 2836 463
404 2805 491 2846 Opus
515 2803 675 2845 arcanum]
698 2805 797 2838 Quod
813 2805 969 2847 perfece-

731 255 871 292 NOTAE
905 259 1171 291 VARlORUM
1206 259 1254 291 IN

1018 357 1070 385 rat
1088 353 1121 384 in
1138 352 1280 386 insidiis.
1305 354 1404 387 Idem.
1663 367 1666 370 ⁴

1058 406 1123 435 470
1148 404 1212 440 Qui
1227 406 1357 446 tremor]
1384 403 1462 436 Tali
1477 406 1625 436 tremore
1641 408 1718 446 per-

1018 453 1130 485 culsus
1147 459 1213 493 est,
1231 454 1341 496 qualis
1363 455 1449 487 solet
1469 454 1630 487 invadere
1651 453 1716 487 fula

1018 503 1172 536 minatos.
1216 505 1350 546 Illicita]
1377 504 1409 537 A
1432 506 1619 546 longinquo
1645 503 1718 546 epi·

1018 553 1135 586 theton
1147 554 1265 595 traxit,
1275 564 1315 586 eo
1328 554 1416 596 qnod
1430 564 1495 587 non
1506 554 1611 587 liceat
1621 553 1717 595 tangi

1017 603 1105 643 loca,
1114 603 1171 634 ubi
1179 603 1320 644 jaceant
1334 603 1519 637 fulminati.
1542 604 1641 637 Idem.

1059 655 1123 684 473
1148 652 1221 693 Ipse
1246 654 1330 685 ultro
1355 655 1507 687 convertit
1534 651 1643 696 equus]
1664 654 1719 687 Ex

1019 702 1087 734 fide
1118 703 1280 735 librorum
1310 704 1360 736 sio
1385 704 1441 736 edi
1468 705 1570 738 volui.
1612 704 1719 746 Vulg.

1018 753 1288 794 interpolatitie:
1316 754 1472 786 convertit
1497 755 1593 796 equis.
1632 754 1719 786 Ber·

1018 807 1109 834 nart.
1163 803 1297 836 Retorto
1330 804 1471 846 pulvere]
1505 804 1610 836 Retro
1638 813 1719 837 con-

1019 857 1130 885 torto:
1154 863 1230 886 nam
1258 855 1372 895 pulvis
1396 855 1467 887 illic
1494 848 1638 897 erigitur
1653 863 1719 898 quo

1018 904 1182 936 homines.
1207 904 1355 937 Laetam.

1060 957 1124 986 477
1139 954 1306 995 Congerie]
1317 954 1495 996 Sanguinis
1503 953 1720 987 collectione.

1021 1004 1315 1046 Semianimumque]
1336 1004 1628 1037 Semianimorum.
1652 1003 1705 1037 Id.

1063 1057 1127 1087 478
1151 1055 1320 1096 Extrahit]
1342 1054 1516 1087 Imminnit
1539 1054 1721 1087 cadavera.

1021 1106 1120 1138 Idem.

1063 1158 1128 1187 479
1151 1155 1287 1197 Impedit
1311 1155 1402 1197 axes]
1435 1154 1467 1188 A
1490 1164 1588 1188 cursu
1611 1159 1719 1189 retar-

1021 1204 1092 1236 dat.
1115 1204 1213 1236 Idem.

1063 1257 1125 1286 483
1150 1255 1290 1287 Detitm't
1304 1255 1421 1297 virtus]
1446 1255 1561 1288 Nocte
1582 1265 1645 1297 per
1669 1255 1718 1288 in-

1021 1304 1123 1335 sidias
1142 1314 1307 1345 pugnans.
1333 1305 1431 1337 Idem.

1062 1356 1126 1385 484
1150 1354 1296 1395 Pulvere]
1320 1355 1528 1387 certamine.
1551 1355 1652 1387 Idem.

1062 1406 1124 1435 485
1152 1403 1235 1434 Sunt
1264 1407 1295 1435 et
1318 1403 1411 1445 mihi]
1451 1405 1549 1438 Sicut
1574 1405 1722 1437 Thioda-

1020 1453 1135 1485 mauti.
1179 1453 1319 1485 Provida
1341 1454 1478 1496 dextr-ce]
1507 1454 1586 1487 Non
1607 1455 1719 1486 avium

1021 1508 1080 1534 aut
1097 1504 1246 1546 Deorum
1261 1515 1268 1534 :
1294 1509 1332 1536 ut
1347 1505 1530 1546 Virgilius:
1554 1506 1565 1524 ⁴
1582 1506 1719 1538 Dextra

1021 1553 1101 1584 mihi
1119 1554 1224 1592 Deus,
1248 1559 1284 1586 et
1309 1555 1412 1587 telum
1428 1556 1519 1597 quod
1536 1556 1664 1588 missile
1679 1555 1719 1603 li-

1021 1602 1109 1635 bro.’
1133 1604 1230 1636 Idem.

1063 1656 1128 1685 486
1160 1654 1322 1686 Hor-rendi
1350 1654 1496 1696 furores]
1532 1654 1720 1688 'timendus

1021 1713 1116 1735 meus
1132 1703 1225 1735 furor
1241 1709 1386 1745 propter
1397 1705 1555 1736 virtutem
1572 1710 1608 1737 et
1623 1706 1721 1738 stric-

1021 1759 1092 1785 tum
1111 1754 1273 1794 gladium,
1292 1763 1356 1785 nou
1372 1753 1449 1785 illos
1464 1753 1639 1787 foemineos
1654 1765 1722 1787 mo-

1022 1808 1087 1840 tus,
1103 1803 1223 1844 quibus
1239 1802 1363 1844 Apollo
1378 1803 1656 1837 Thiodamantem
1673 1805 1721 1837 in-

1021 1853 1149 1885 stabat.
1179 1853 1217 1885 V.
1231 1853 1335 1885 Schol.

1062 1905 1124 1935 487
1147 1902 1276 1944 Atacer]
1302 1904 1443 1936 Paulum
1456 1904 1606 1938 erectior
1619 1915 1720 1949 quam

1020 1959 1112 1994 ante,
1127 1955 1171 1986 ob
1187 1964 1378 1987 successum
1394 1956 1604 1991 insidiarum.
1633 1957 1672 1990 V.
1684 1957 1720 1992 S.

1063 2008 1127 2037 488
1149 2006 1373 2047 Argolicusque
1401 2007 1514 2049 gener]
1547 2007 1719 2050 Princeps

1015 2056 1086 2097 jam
1110 2055 1329 2098 Argivorum,
1357 2063 1433 2098 post
1450 2057 1582 2090 obitum
1599 2058 1722 2100 Tydei,

1023 2106 1214 2146 Polynices,
1228 2106 1365 2138 minime
1381 2107 1470 2138 enim
1485 2106 1655 2140 Thebanis
1670 2108 1721 2140 fa-

1022 2155 1136 2187 vebat.
1163 2156 1195 2187 V.
1209 2155 1316 2188 Schol.
1349 2155 1483 2188 Tristior
1492 2157 1611 2199 augur]
1627 2159 1722 2191 Quo—

1022 2206 1110 2237 niam
1136 2205 1282 2247 prodere
1311 2215 1379 2238 non
1402 2210 1540 2247 poterat
1569 2206 1719 2241 futuram

1023 2257 1265 2289 calamitatem.
1288 2257 1438 2290 Luctant.

1063 2309 1126 2339 491
1150 2307 1281 2348 specula
1299 2307 1337 2338 ab
1353 2307 1433 2349 alta]
1456 2308 1720 2351 Foemininoge-

1022 2365 1103 2387 nere
1119 2356 1220 2387 dixit.
1241 2356 1339 2388 Idem.

1063 2408 1126 2437 493
1148 2406 1211 2437 Est
1224 2406 1278 2437 ubi
1296 2407 1353 2437 dat
1371 2406 1455 2438 vires
1474 2406 1590 2439 nimius
1611 2408 1720 2451 timor]

1020 2455 1244 2487 Verissimum
1260 2460 1328 2488 est:
1346 2460 1395 2498 et,
1411 2461 1448 2489 ut
1460 2458 1587 2490 ocellus
1602 2459 1720 2492 Histo-

1022 2505 1169 2538 ricornm
1195 2506 1334 2538 Curtius
1365 2506 1496 2549 inquit:
1520 2508 1718 2550 ‘Ignaviam

1022 2565 1155 2598 quoque
1191 2556 1378 2588 necessitas
1419 2557 1524 2595 acuit,
1561 2563 1597 2591 et
1625 2569 1719 2602 saepe

1021 2605 1215 2647 desperatio
1235 2605 1309 2647 spei
1333 2615 1437 2638 causa
1452 2606 1528 2640 est!
1570 2608 1721 2643 Imbibet

1020 2655 1154 2695 victor;
1176 2658 1212 2685 et
1236 2655 1264 2686 si
1289 2654 1353 2686 sibi
1374 2655 1510 2697 suisque
1527 2659 1718 2692 consultum

1019 2705 1114 2744 velit,
1143 2713 1313 2745 nunquam
1342 2713 1438 2746 spem
1468 2714 1601 2738 omnem
1628 2708 1719 2742 bosti

1019 2753 1207 2786 abscindet.
1231 2753 1331 2786 Bern.

1062 2807 1124 2836 495
1148 2804 1266 2836 Audax
1291 2804 1405 2837 animis
1430 2805 1589 2848 Spartam
1602 2807 1720 2847 Juven-
