1878 3164
434 232 476 263 P.
507 231 700 263 PAPINU
733 231 898 264 STA‘rn
935 231 1138 263 aenum..
1172 232 1268 263 mu.
1290 232 1324 263 1.

139 322 176 356 id
203 327 269 364 est,
295 323 431 357 vittata.
476 324 700 368 Eodemque:
726 326 736 343 ‘
758 325 848 367 pari-

137 377 262 417 terque
275 373 343 407 levi
365 374 546 416 Cytisorus
561 375 597 407 in
617 375 739 408 hasta.'
763 376 847 407 Gro-

146 500 148 502 -
180 479 246 511 560
267 475 318 510 At
345 477 472 520 moeni]
504 477 676 520 Proponit
711 478 747 510 in
782 479 848 511 hac

139 532 264 571 quarta
291 531 392 571 parte
423 528 527 570 hujus
561 529 640 561 libri
677 528 847 572 quomodo

138 576 207 612 fuit
221 577 383 620 cognitus
397 577 564 621 Achilles,
580 583 616 612 et
638 579 748 622 primo
769 589 847 621 pro-

139 628 240 671 ponit
256 637 334 661 eum
355 629 545 671 cognitum,
559 629 686 662 deinde
707 640 846 673 quomo-

139 677 268 715 ‹to-fait
280 680 452 722 cognitus.
473 681 609 724 Procul]
633 681 664 714 A
682 683 758 714 loco
778 682 846 714 isto

139 730 201 764 ubi
215 735 315 765 erant
329 730 460 764 Graeci.
482 732 666 765 Maiarum.

180 784 247 815 562
269 782 405 816 Conscia
445 783 555 825 culpae,
589 783 661 825 ξω]
697 783 847 816 Verissi-

138 842 231 868 mum
245 832 389 875 dictum,
401 837 439 866 et
453 833 587 867 facilius
601 833 772 867 flammam
787 844 847 866 ore

139 884 398 926 compresseris,
422 895 522 927 qnam
548 890 735 918 accusante
765 895 846 918 con-

137 934 286 968 scientia
306 944 464 968 -sccurns
495 936 562 968 sis:
597 936 772 968 enimvero
807 940 847 969 ut

138 984 319 1027 eleganter
347 985 632 1027 prudentissimus
661 986 846 1019 historicus

138 1034 264 1078 inquit,
280 1037 291 1054 ‘
306 1035 395 1068 Snus
409 1037 534 1080 cuique
554 1037 687 1069 animus
702 1047 746 1069 ex
764 1047 846 1069 con-

139 1086 286 1119 scientia
323 1096 421 1128 spem
458 1087 619 1129 praebet‚’
650 1088 846 1130 planeque:

140 1139 151 1154 ¹
168 1135 312 1170 Conscia
325 1136 422 1170 mens
438 1143 476 1170 ut
491 1138 618 1181 cuique
639 1148 700 1171 sua
716 1144 783 1178 est,
798 1139 848 1171 ita

138 1188 294 1230 eoncipit
303 1189 395 1222 intra
401 1189 546 1222 Pectora
559 1199 621 1231 pro
629 1188 722 1222 facto
733 1199 848 1231 spem-

140 1247 208 1281 que
242 1243 440 1282 metumque
466 1241 552 1273 sno.'
595 1241 693 1273 Nihil
730 1241 848 1283 itaque

139 1291 330 1324 consultius
341 1301 443 1334 quam
451 1292 541 1325 serio
550 1291 615 1324 sibi
626 1292 848 1334 persuadere,

137 1342 149 1359 ⁴
165 1341 250 1375 licet
273 1351 391 1375 omnes
415 1343 513 1376 Deos
535 1343 759 1386 hominesque
791 1353 847 1375 ce-

138 1391 211 1424 lare
227 1393 406 1434 possimus,
426 1394 510 1426 nihil
536 1398 649 1426 tamen
664 1403 783 1434 avare,
795 1395 847 1426 ni-

138 1441 189 1474 hii
207 1441 349 1484 injuste,
365 1443 450 1476 nihil
466 1443 660 1486 libidinose,
685 1444 770 1475 nihil
798 1444 848 1476 in-

139 1492 360 1526 continenter
371 1503 447 1526 esse
456 1492 665 1527 faciendum.
675 1493 846 1526 ’Bernart.

144 1569 146 1572 .
182 1546 246 1576 565
269 1543 474 1587 Exolvitque]
489 1545 607 1587 ,Rupit
632 1545 797 1586 pudorem
812 1545 847 1576 in

140 1593 289 1631 Achille,
318 1594 355 1627 id
384 1600 451 1634 est,
480 1599 659 1638 postquam
691 1595 776 1627 fecit
809 1599 848 1627 ut

140 1644 292 1678 Achilles
303 1644 471 1687 pudorem
485 1645 688 1688 deponeret.
706 1646 848 1687 Rudem]

141 1695 279 1728 Novum
305 1700 344 1728 et
364 1695 525 1739 primunr,
551 1705 652 1737 quem
682 1699 786 1726 antea
813 1695 847 1726 in

139 1746 235 1778 nulla
247 1746 316 1777 alia
329 1745 472 1777 muliere
487 1745 660 1778 amiserat.
684 1746 837 1779 Britann.

142 1814 146 1827 ι,
181 1799 248 1828 506
271 1796 442 1838 Comitem]
463 1796 692 1837 Deidamiam.
716 1796 816 1828 Idem.

181 1849 248 1880 ⁶69
266 1845 428 1887 Παιανιέι]
451 1845 698 1888 Respiciendo.
721 1848 847 1880 Matar.

181 1899 244 1929 5⁷1
269 1895 389 1938 Sertis]
409 1896 580 1930 Jaciendo
604 1896 641 1928 in
663 1906 739 1929 eam
755 1901 847 1929 serta

139 1950 176 1980 et
190 1946 357 1980 canistros
370 1950 406 1979 et
416 1947 564 1988 thyrsos,
579 1947 705 1980 leviter
718 1952 845 1980 tamen.

182 2050 247 2080 577
272 2048 484 2090 Quovmice]
507 2048 660 2081 Subaudi
676 2049 732 2091 sit,
744 2049 779 2081 id
792 2053 847 2082 est

140 2097 247 2130 discit
259 2097 422 2136 libenter,
438 2098 587 2131 docente
603 2098 753 2141 Achille,
768 2109 846 2131 can-

141 2152 218 2181 tare
245 2148 288 2180 ad
313 2149 423 2190 lyram
450 2149 558 2191 qualis
585 2150 631 2182 sit
655 2149 794 2191 Peleus,
811 2154 847 2182 et

140 2198 248 2242 qualis
271 2197 436 2231 Achilles·
479 2200 569 2232 Nam
592 2199 667 2240 ipse
690 2209 727 2232 se
748 2200 848 2232 simu·

139 2249 238 2282 labat
247 2257 400 2281 sororem
411 2248 567 2283 Achillis.
590 2250 718 2293 Pelion]
743 2251 847 2284 Mons

140 2299 338 2332 Thessaliae.
361 2299 518 2333 Βήωππ.

183 2352 248 2382 580
271 2349 348 2391 Ima
361 2349 492 2391 quoque]
517 2350 620 2383 Nunc
647 2355 770 2384 contra
794 2362 846 2384 os-

140 2400 254 2434 tendit
269 2410 289 2433 a
305 2400 490 2434 Deidamia
502 2400 675 2434 Achillem
699 2403 848 2435 instruc·

141 2457 215 2486 tum
229 2451 274 2485 ad
288 2461 395 2494 opera
414 2453 516 2485 mulie
522 2453 605 2486 bria.
634 2453 763 2486 anidos
773 2464 847 2496 pro-

130 2503 239 2546 ferre]
262 2503 306 2536 Id
328 2508 384 2536 est
403 2507 498 2536 artus
521 2503 738 2545 praevalidos,
759 2514 849 2546 prae-

141 2554 344 2596 positionem
375 2554 467 2586 enim
502 2553 694 2587 detractam
721 2555 848 2588 nomini

142 2602 278 2636 addidit
292 2604 411 2636 verbo.
435 2604 534 2636 Idem.

184 2656 248 2686 583
270 2654 406 2697 Sonam]
428 2656 530 2690 Quod
546 2655 623 2697 viri,
639 2665 707 2688 non
733 2656 850 2690 mulie-

142 2703 189 2737 ris
206 2710 299 2738 esset
310 2716 389 2740 vox.
413 2707 555 2749 Pondus]
569 2707 668 2739 vires
680 2718 690 2746 ;
706 2717 783 2739 nam
797 2707 848 2739 iu·

142 2755 293 2795 terdurn,
305 2756 387 2789 dnm
402 2757 557 2790 Achilles
570 2767 644 2791 eam
661 2758 849 2799 stringeret

142 2807 385 2851 amplexando,
400 2808 582 2843 videbatur
602 2809 731 2843 sentire
758 2809 847 2843 vires

1489 222 1604 265 2031

896 334 965 357 non
981 325 1178 358 muliebres.
1202 327 1382 359 Matar-ane.
1481 352 1484 355 .

941 378 1005 408 584
1028 375 1147 419 Fugit]
1168 377 1258 411 Quia
1273 377 1390 410 abdita
1403 377 1510 409 solum
1527 386 1605 409 cum

898 426 1083 461 Deidamia
1103 428 1294 469 quaerebat.
1314 427 1408 469 Sese]
1431 427 1607 460 Deidami-

897 487 951 510 am
967 477 1107 509 nimium
1122 478 1352 519 respiciendo.
1375 479 1475 511 Idem.
1534 484 1537 485 ’

940 530 1004 560 585
1049 527 1307 570 Intempestivus]
1344 529 1446 563 Quod
1492 527 1608 561 medio

897 587 1055 611 sermone
1082 579 1283 620 suspiraret,
1304 579 1396 622 quod
1421 590 1464 611 ex
1490 588 1608 611 amore

897 634 985 671 erat,
1003 630 1077 662 haec
1092 630 1207 662 omnia
1223 630 1381 662 miratur.
1402 631 1504 663 Idem.

907 704 909 706 -
939 683 1004 713 686
1020 675 1178 722 'Aperit-e]
1200 681 1385 713 Volentem
1411 691 1488 714 eam
1512 690 1605 715 com·

897 732 1061 774 primere.
1084 732 1187 764 Idem.

939 785 1003 815 587
1025 783 1188 824 Levitate]
1211 783 1404 815 Nesciebat
1432 783 1523 825 quod
1553 783 1608 816 fa-

897 842 978 865 cere
1001 833 1118 874 vellet,
1134 838 1252 865 tamen
1277 833 1435 875 fugiebat
1459 834 1605 876 quadam

897 882 1041 915 lascivia
1068 884 1237 925 puellari:
1262 889 1300 916 et
1325 885 1389 917 hoc
1411 885 1514 917 modo
1530 895 1608 927 pro-

897 932 993 965 hibet
1009 932 1124 966 fateri.
1149 934 1248 967 Idem.

939 985 1002 1015 593
1026 983 1131 1016 Lucus
1153 985 1330 1027 Agenorei]
1356 987 1539 1020 Describit
1557 987 1607 1019 lo-

897 1042 974 1065 cum
1002 1034 1036 1065 in
1058 1044 1126 1077 quo
1154 1036 1300 1077 primum
1328 1036 1512 1070 Deidamia
1537 1042 1607 1070 stu-

898 1093 996 1126 prum
1007 1091 1062 1118 est
1074 1095 1188 1127 passa.
1216 1087 1336 1128 Orgia]
1348 1087 1540 1135 Sacrificio,
1553 1098 1607 1120 or-

897 1136 953 1175 gia
966 1136 1106 1177 Graece‚
1126 1138 1248 1170 Latine
1268 1139 1464 1171 cerimoniae
1487 1139 1608 1172 dicun-

899 1190 967 1218 tur.
992 1186 1114 1219 Bacchi
1130 1189 1300 1230 Agenorii]
1324 1189 1367 1221 Id
1383 1194 1438 1222 est
1452 1190 1608 1222 Thebani

898 1246 941 1268 ex
952 1238 1120 1278 sanguiue
1132 1238 1305 1280 Agenoris
1316 1251 1327 1280 ς
1349 1249 1428 1272 nam
1440 1240 1607 1273 Cadmum

897 1286 1070 1329 Agenoris
1087 1289 1230 1322 tradunt
1246 1300 1289 1321 ex
1304 1290 1483 1323 l’hoenicia
1499 1292 1542 1323 ad
1559 1291 1609 1324 in-

897 1338 1132 1380 vestigandam
1143 1341 1319 1382 Europam
1331 1350 1483 1374 sororem
1495 1352 1515 1374 a
1527 1352 1608 1385 rege

898 1389 1038 1421 missum
1063 1399 1104 1422 ea
1125 1390 1218 1432 lege,
1232 1395 1272 1423 ut
1296 1395 1356 1423 aut
1373 1392 1540 1433 virginem
1555 1403 1609 1425 se-

898 1449 975 1472 cum
1008 1440 1203 1482 reduceret,
1234 1447 1295 1474 ant
1330 1443 1365 1474 in
1394 1443 1608 1477 Plioeniciam

897 1500 965 1522 non
981 1491 1122 1528 rediret,
1137 1496 1174 1524 et
1189 1501 1266 1524 cum
1282 1493 1412 1525 diutius
1427 1495 1609 1535 quaesitam

898 1540 1066 1581 virginem
1083 1551 1149 1574 non
1173 1542 1344 1575 inveniret
1360 1546 1392 1576 in
1409 1545 1547 1579 Boeotia
1564 1557 1609 1579 ae-

898 1590 1048 1623 dificatis
1070 1591 1202 1624 Thebis
1227 1595 1469 1637 permansisse,
1486 1597 1544 1628 ubi
1565 1607 1607 1628 ex

898 1641 1087 1675 Hermione
1103 1653 1223 1685 uxore,
1241 1644 1384 1677 Veneris
1400 1646 1485 1688 filia,
1496 1648 1611 1680 Seme-

897 1693 976 1732 lem‚
990 1693 1148 1734 Inonem,
1160 1694 1370 1736 AutonoeIni,
1386 1695 1554 1739 Agavem,
1568 1709 1610 1730 ac

899 1743 1109 1784 Polydorum
1128 1746 1325 1786 progenuit.
1371 1747 1525 1780 Quarum
1546 1749 1608 1781 Se-

898 1793 1034 1830 melem,
1057 1804 1134 1826 cum
1156 1795 1298 1838 Jupiter
1328 1797 1395 1828 Dei
1426 1799 1608 1840 majestate

898 1849 1074 1886 assumpta
1094 1855 1173 1877 cum
1199 1846 1384 1879 tonitribus
1413 1853 1450 1879 et
1473 1847 1609 1890 fulgure

898 1893 1151 1936 descendisset,
1189 1897 1366 1937 gravidam
1406 1897 1513 1938 fecit;
1551 1900 1608 1932 illa

898 1955 1098 1988 praegnaus,
1112 1957 1191 1980 cum
1207 1958 1318 1990 neque
1334 1948 1479 1991 fulguris
1494 1960 1607 1993 neque

899 1999 1050 2031 tonitrus
1066 2000 1135 2032 vim
1159 1999 1252 2032 ferre
1276 2007 1409 2042 posset,
1426 2002 1520 2035 edito
1545 2013 1608 2045 per

898 2048 1057 2082 abortum
1081 2049 1152 2082 filio
1174 2051 1253 2093 igne
1278 2052 1464 2093 expiravit.
1507 2053 1608 2094 Jupi-

898 2102 954 2131 ter
989 2098 1156 2132 infantem
1187 2100 1243 2143 (ut
1281 2101 1387 2134 tradit
1417 2102 1608 2144 Diodorus)

896 2151 1055 2192 nymphis
1080 2152 1295 2184 educandum
1318 2153 1410 2185 misit
1435 2163 1497 2195 per
1511 2155 1606 2186 Mer-

897 2202 1031 2234 curium
1056 2203 1198 2244 Nysam,
1214 2203 1301 2244 quod
1327 2208 1463 2235 antrum
1487 2206 1610 2236 estin-

897 2256 953 2283 ter
976 2251 1193 2284 Phoeniciam
1220 2258 1257 2285 et
1285 2254 1416 2294 Nilum,
1441 2254 1533 2286 unde
1564 2256 1607 2287 ab

896 2302 987 2336 Jove
1003 2303 1170 2345 Nysaque
1185 2303 1378 2345 appellatus
1394 2309 1447 2336 est
1471 2305 1605 2347 Diony-

897 2354 978 2386 sius.
1001 2353 1162 2393 Agenorei
1186 2354 1291 2395 igitur
1315 2354 1395 2396 quia
1411 2364 1453 2386 ex
1476 2355 1607 2387 Cadmo

897 2404 1069 2445 Agenoris
1106 2404 1178 2436 filio
1207 2405 1374 2446 originem
1404 2405 1513 2446 ducit,
1547 2407 1606 2448 qui

897 2455 1033 2488 Thebas
1047 2465 1091 2488 ex
1107 2455 1238 2488 oraculi
1260 2465 1425 2497 responso
1441 2455 1607 2489 condidit.

897 2506 1052 2539 Britann.

940 2559 1003 2588 595
1028 2556 1218 2597 Trieterica]
1255 2557 1362 2589 Sacra
1389 2562 1488 2589 erant
1517 2558 1605 2590 Bac-

898 2605 965 2644 chi,
982 2606 1032 2638 ita
1058 2606 1290 2643 denominata,
1307 2606 1398 2648 quod
1422 2617 1498 2639 cum
1517 2608 1605 2639 Bac-

898 2658 982 2690 chus
1005 2659 1039 2690 in
1058 2658 1192 2691 Indiam
1215 2668 1293 2690 cum
1315 2658 1471 2691 exercitu
1497 2663 1607 2692 trans-

899 2708 994 2749 isset,
1022 2709 1168 2741 triennio
1193 2714 1272 2751 post
1295 2709 1411 2741 multis
1427 2718 1504 2741 cum
1529 2719 1607 2750 spo·

899 2758 953 2790 liis
974 2758 1008 2790 in
1024 2759 1196 2791 Boeotiam
1218 2759 1330 2800 rediit,
1346 2759 1473 2800 primus
1500 2760 1607 2791 omnin

901 2818 956 2842 um
998 2809 1212 2852 triumphans
1255 2809 1441 2852 elephanto
1484 2809 1606 2844 Indico
