1878 3164
295 255 407 302 1798

295 362 381 396 lenis
396 361 542 394 afflatus.
585 360 639 394 De
653 359 779 402 ‘virgae
802 360 992 393 Mercuria-

295 412 355 446 lis'
392 415 569 454 potestate
605 410 812 452 peculiarem
842 411 994 443 Tractat.

295 464 378 496 satis
393 460 624 503 mysterioden
640 460 759 492 damus
780 460 815 491 in
831 460 995 502 supersti-

297 513 428 544 tionum
443 519 565 552 magno
581 510 711 542 Comm.
734 509 852 543 Barth.

340 563 382 593 71
407 561 504 592 Forte
517 559 600 600 dies]
622 559 663 590 Id
679 563 745 598 est,
759 559 883 600 primus
900 563 995 590 nata-

297 614 340 645 lis
354 611 471 645 Liberi
493 621 560 653 quo
583 610 762 642 fulminata
777 614 830 641 est
851 610 996 649 Semele,

299 667 335 697 et
355 667 478 696 execto
501 666 600 694 utero
623 661 726 692 Liber
745 660 842 693 Jovis
863 659 996 692 foemori

298 714 447 746 insertus
469 717 532 744 est.
555 711 723 743 secundus
739 711 826 742 enim
842 711 915 742 dies
938 719 996 741 na-

300 769 380 801 talis
397 763 553 805 Dionysii
575 762 632 794 ille
654 761 794 801 dicitur,
810 771 878 802 quo
894 770 996 793 exac-

300 818 346 850 tis
373 814 546 848 mensibus
575 811 719 852 legitimi
741 815 872 851 partus,
899 810 998 843 Jovis

300 871 354 900 est
369 865 559 908 productus
575 873 618 895 ex
642 861 783 893 foemore
795 872 805 892 ι
831 869 930 902 quem
946 861 996 892 di-

301 927 354 950 em
368 915 495 948 homini
511 914 600 946 scire
611 912 662 944 fas
678 921 746 943 uon
761 915 826 943 est.
851 911 918 945 Qui
934 912 998 943 Di·

302 967 500 1011 thyrambus
517 965 596 996 ideo
611 963 751 999 dicitur,
761 961 796 993 id
811 966 864 993 est
879 962 930 993 bis
943 971 1000 1003 ge-

301 1019 405 1051 nitus.
428 1017 579 1048 Laetam.

343 1072 387 1102 72
408 1067 505 1108 Evie]
529 1065 754 1098 Notissimum
769 1061 898 1094 Bacchi
920 1061 1000 1102 Epi-

304 1121 436 1153 theton.
479 1116 527 1149 At
549 1116 583 1148 in
614 1114 761 1147 omnium
784 1113 913 1153 optimo
942 1120 1000 1142 ex-

302 1168 445 1211 emplari
467 1166 606 1198 disertis
622 1163 730 1196 literis
745 1163 909 1204 scriptum
925 1165 998 1194 est:

304 1220 436 1253 Euchie.
459 1217 500 1250 Id
511 1226 590 1248 sane
606 1216 709 1248 etiam
725 1222 911 1255 cognomen
928 1212 1001 1253 ejus

304 1274 493 1313 agnoscunt
509 1267 614 1300 docti.
660 1267 706 1298 Et
723 1267 756 1298 in
779 1264 896 1297 multis
919 1263 1001 1295 locis

303 1321 508 1362 scriptorum
539 1329 560 1350 a
595 1316 823 1350 communiore
850 1315 909 1347 illo
937 1314 1001 1345 hoc

305 1375 505 1413 corruptum
543 1374 647 1409 atque
690 1367 867 1408 expulsum
904 1369 1002 1407 puto.

303 1423 384 1455 vid.
400 1422 489 1454 Hor.
503 1431 543 1453 n.
559 1420 628 1452 Od.
646 1422 699 1452 ll.
722 1419 839 1450 Barth.

347 1477 390 1507 74
412 1473 587 1505 Insomnem
606 1469 691 1510 ludo]
725 1469 851 1510 Tangit
877 1468 1003 1499 iterum

304 1534 373 1557 non
399 1523 504 1555 dubie
527 1530 656 1554 morem
671 1519 831 1561 priscum,
846 1527 913 1560 quo
929 1527 1005 1559 per-

304 1573 467 1616 vigilandi
480 1573 585 1604 honos
600 1571 686 1603 Deis
703 1569 828 1611 passim
843 1567 1004 1600 tributus.

306 1625 397 1657 Vide
410 1625 547 1656 Lucret.
560 1622 582 1653 l.
597 1630 634 1653 v.
655 1621 807 1652 Bernart.

349 1677 392 1706 78
414 1675 552 1714 AEraque
570 1669 724 1710 taurinos]
761 1669 849 1700 Nam
872 1672 1005 1709 tympa-

304 1724 373 1764 nis,
393 1733 467 1765 quae
490 1725 568 1754 suut
590 1729 636 1753 ex
658 1719 792 1752 taurina
814 1719 917 1760 pelle,
932 1719 1006 1759 plus

310 1777 433 1806 sonant
461 1771 616 1813 cymbala
638 1780 715 1812 quae
738 1773 818 1801 sunt
846 1778 888 1800 ex
918 1779 1007 1810 aere3

308 1823 461 1856 acutiore
478 1821 570 1854 enim
592 1825 671 1853 sunt
692 1820 842 1853 tinnitu:
879 1823 918 1851 ut
940 1824 1008 1861 est,

306 1875 494 1916 ‘tympana
530 1881 590 1904 vos
630 1871 811 1913 buxusque
856 1869 1007 1903 vocant!

311 1925 459 1957 Luceant.

353 1978 396 2007 80
419 1973 545 2006 Baccho
559 1972 698 2014 meliore]
731 1971 812 2004 Non
841 1971 890 2003 sic
920 1972 1009 2004 irato

308 2026 458 2066 Baccho,
481 2029 519 2056 ut
534 2034 609 2056 cum
627 2022 746 2064 Agave
762 2022 889 2054 occidit
903 2021 1009 2054 filium

309 2077 448 2109 furens:
483 2075 537 2106 vel
553 2073 706 2113 meliore,
727 2075 766 2104 ut
792 2073 820 2104 si
846 2081 912 2113 qua
928 2072 1012 2104 deli-

310 2127 435 2170 querit,
459 2127 601 2167 propter
624 2123 713 2155 diem
739 2122 813 2164 ipse
836 2122 940 2154 Liber
961 2122 1010 2163 ig-

308 2182 441 2211 noscat.
470 2176 654 2218 Cythaeron
668 2183 764 2206 mons
779 2174 939 2215 Boeotiae,
953 2174 1011 2206 ubi

310 2228 427 2262 Liberi
441 2227 548 2269 patris
559 2235 655 2258 sacra
666 2224 878 2257 celebrantes
888 2228 1012 2256 matres

310 2278 506 2311 Pentheum
522 2276 779 2317 discerpserunt
794 2285 803 2307 :
826 2284 916 2308 nunc
929 2284 1012 2317 ergo

308 2339 402 2362 sanas
416 2327 500 2360 dicit
514 2326 586 2358 sine
608 2325 735 2357 furore.
759 2325 858 2357 Idem.

357 2383 398 2411 85
422 2379 467 2410 Et
489 2376 627 2418 Ogygii]
651 2375 730 2408 Non
759 2373 870 2415 fugiet
893 2374 1012 2407 vitium

312 2433 485 2462 attentum
500 2427 679 2458 lectorem.
710 2424 795 2456 Mss.
816 2424 856 2456 ab
873 2425 1013 2466 Ogygii:

312 2480 376 2522 ego
404 2479 509 2511 ausim
535 2480 702 2518 praestare
728 2484 847 2507 verum
869 2484 957 2516 esse,
980 2479 1015 2507 at

315 2529 448 2572 Ogygii.
491 2527 656 2567 Thraces,
686 2526 810 2568 inquit,
833 2526 868 2558 in
884 2525 1014 2560 deliciis

311 2580 442 2611 habent
479 2576 713 2609 semianimum
750 2585 869 2616 pecus,
903 2577 1012 2609 leonis

312 2623 654 2669 faucibus-ereptum,
669 2631 703 2658 et
717 2627 874 2659 haustum
891 2627 1010 2659 lactis:
1026 2646 1033 2649 -

312 2680 372 2712 ubi
403 2687 484 2710 vero
507 2678 583 2710 vino
609 2676 738 2709 madidi
760 2682 848 2714 sunt,
877 2681 947 2709 tum
970 2677 1012 2709 ad

314 2726 395 2762 saxa
410 2733 446 2760 et
462 2737 554 2759 arma
570 2730 747 2768 proruunt.
773 2727 927 2760 Bernart.

300 2794 302 2797 ·
319 2782 324 2786 “
357 2783 400 2813 89
424 2779 499 2811 Nox
510 2777 562 2818 ea]
587 2777 684 2818 Talis,
699 2781 848 2818 excepta
860 2787 936 2810 cum
954 2772 1012 2819 μοι’

315 2832 413 2873 culis,
427 2830 597 2863 Thracum
623 2833 729 2868 more,
751 2837 876 2869 pugna.
922 2827 1011 2861 Nam

756 266 901 299 NOTAE
935 266 1198 299 VARIORUM
1233 266 1285 298 m

1044 360 1164 392 melior
1178 361 1258 402 illis,
1271 370 1340 393 non
1354 370 1429 393 cnm
1445 370 1538 394 saevo
1549 370 1611 395 suo
1624 361 1745 404 odor-4

1046 411 1200 443 Bacchus
1215 410 1384 444 adfuerat.
1415 411 1548 444 Votum
1567 413 1746 454 Cyllenius]

1046 461 1136 492 Mira
1151 461 1286 492 omnino
1301 471 1368 494 res.
1411 462 1457 493 Et
1468 461 1542 502 jum
1555 466 1636 495 ente
1650 462 1746 496 More

1046 510 1176 542 curium
1207 510 1372 543 intulerat
1403 511 1477 543 sedi
1501 520 1572 544 suoe
1602 512 1747 546 calesti»

1047 560 1137 593 Quid
1159 560 1249 592 enim
1276 561 1343 593 ista
1365 560 1430 594 sibi
1454 561 1596 594 volunt?
1637 561 1746 597 ‘lude

1047 619 1109 650 per
1128 609 1326 651 Arcturum,
1347 610 1562 653 mediisque:
1582 613 1648 644 &12-
1691 611 1748 645 An

1046 660 1056 676 ‘
1070 668 1132 700 per
1145 659 1259 692 sidera
1269 659 1278 674 '
1300 660 1390 701 petit
1401 665 1509 693 terre·
1519 660 1639 694 inferis
1649 662 1750 695 altio*

1047 717 1103 740 res
1130 709 1212 750 ipsis
1248 709 1443 742 sideribus?
1488 710 1611 752 Nngae.
1654 711 1749 754 Ergo

1048 759 1234 792 comitatur
1247 759 1377 802 Loium,
1391 764 1427 792 et
1438 763 1553 793 tamen
1564 761 1654 794 istuc
1664 761 1750 804 abit,

1048 809 1083 841 in
1096 819 1191 842 suum
1204 810 1336 842 locum?
1379 810 1478 843 Nihil
1499 810 1592 844 allud
1613 811 1680 844 ist·
1698 811 1748 845 lo·

1049 863 1211 901 quuntur,
1238 869 1337 901 quam
1367 860 1582 893 divinitatem
1607 861 1751 894 Numinl

1049 911 1184 943 occulte
1198 916 1352 944 astruere
1374 911 1524 944 voluisse
1538 911 1697 954 Potitum,
1713 915 1752 944 ot

1050 959 1169 992 adesse
1186 961 1285 1001 Laio,
1298 965 1332 994 et
1348 971 1409 994 sne
1429 962 1529 994 simul
1543 962 1647 996 sideri
1658 971 1750 1006 pru-

1051 1019 1124 1042 esse
1137 1015 1355 1044 statuentem.
1377 1012 1494 1045 Barth.

1092 1063 1133 1093 9⁵
1153 1062 1272 1103 Opacos
1284 1062 1508 1105 finitimis-m]
1523 1064 1654 1097 Caecos.
1675 1063 1749 1098 (2ae-

1051 1120 1130 1143 cum
1159 1112 1326 1144 Tiresiam
1354 1113 1486 1146 inducit
1513 1114 1627 1147 multis
1656 1112 1753 1147 nubi.

1053 1162 1182 1194 Lutatii
1197 1163 1301 1195 verbs
1313 1163 1474 1196 mendosa
1488 1169 1580 1206 sunt,
1595 1163 1686 1207 qnod
1701 1162 1751 1197 vi-

1052 1221 1125 1244 sum
1155 1216 1192 1244 et
1225 1213 1451 1254 praestantiss.
1486 1213 1751 1256 Lindenbmgioa

1053 1264 1132 1296 Non
1162 1264 1306 1296 verebor
1334 1264 1466 1305 integra
1489 1264 1622 1298 Lutatii
1646 1265 1753 1298 varias

1053 1314 1236 1354 ascribere,
1246 1319 1284 1346 ut
1295 1323 1334 1346 ea
1342 1314 1479 1356 quidem
1488 1314 1755 1357 redintegranda

1052 1373 1118 1404 ope
1132 1362 1330 1405 Apollodor.
1344 1364 1403 1396 lib.
1415 1372 1472 1396 m.
1492 1369 1529 1396 et
1549 1363 1752 1396 Scholiasta!

1053 1415 1174 1456 scripti
1187 1414 1365 1447 existimo:
1390 1414 1526 1448 Tiresia·
1541 1411 1754 1457 Eoerifllim]

1054 1465 1191 1497 Genere
1204 1465 1396 1505 Thebanus,
1420 1469 1540 1498 vatent
1563 1466 1622 1508 qni
1641 1464 1754 1498 fertur

1053 1515 1088 1547 in
1103 1514 1279 1548 foeminam
1295 1524 1425 1557 versus,
1438 1524 1516 1548 cum
1531 1514 1755 1558 disceptanti-

1051 1566 1115 1598 bus
1138 1566 1226 1600 Jove
1253 1571 1289 1598 et
1309 1566 1458 1607 Junone,
1480 1569 1594 1598 utrum
1616 1574 1689 1598 mas
1711 1573 1755 1598 un

1053 1615 1194 1649 foemina
1215 1617 1379 1659 majorem
1408 1616 1555 1649 sentiret
1578 1615 1671 1649 uoltu
1697 1625 1755 1648 vo-

1053 1667 1236 1707 luptatem,
1265 1675 1385 1698 novem
1422 1665 1576 1707 partibus
1604 1665 1756 1699 libidinis

1055 1716 1142 1748 dixit
1162 1715 1333 1748 foeminam
1356 1715 1475 1757 potiri,
1489 1719 1526 1748 et
1539 1724 1608 1747 nna
1622 1716 1753 1749 virum:

1056 1767 1101 1799 ob
1123 1764 1380 1810 quod‘caecatus
1394 1770 1450 1798 est
1465 1775 1485 1798 a
1497 1766 1647 1799 Junone.
1691 1767 1756 1799 Est

1056 1821 1093 1849 et
1109 1817 1176 1849 alia
1192 1817 1268 1849 talis
1283 1815 1409 1849 fabula.
1453 1817 1495 1849 In
1511 1821 1626 1850 monte
1641 1817 1757 1860 Cyne-

1056 1867 1113 1899 nio
1141 1867 1291 1899 Tiresias
1314 1866 1478 1899 dracones
1503 1866 1666 1900 coeuntes
1688 1868 1756 1899 cnl-

1059 1928 1153 1952 casse
1170 1919 1295 1951 dicitur
1310 1929 1319 1951 ε
1343 1919 1387 1951 ob
1402 1919 1437 1951 id
1452 1919 1487 1951 in
1502 1920 1654 1952 mulieris
1668 1915 1757 1962 tigri-¹

1059 1979 1130 2002 ram
1146 1979 1274 2011 versus,
1293 1973 1331 2001 ut
1347 1969 1451 2001 Ovid.
1478 1969 1606 2002 refert=
1629 1969 1757 2004 deinde

1059 2019 1206 2051 monitus
1233 2018 1382 2051 sortibus
1410 2018 1445 2050 in
1475 2019 1620 2052 eundem
1643 2020 1756 2053 locum

1059 2071 1164 2103 rediit
1185 2073 1221 2102 et
1245 2069 1279 2101 in
1303 2069 1448 2110 figuram
1472 2070 1662 2111 pristinem.
1705 2071 1758 2103 Eo

1060 2125 1229 2162 tempore,
1244 2124 1284 2152 ut
1299 2119 1456 2161 diximus,
1480 2121 1570 2153 inter
1583 2121 1706 2155 Jovem
1721 2124 1759 2154 et

1060 2171 1229 2204 Junonem
1255 2169 1322 2202 fuit
1342 2170 1502 2211 certatio,
1527 2171 1560 2202 in
1587 2180 1654 2213 quo
1673 2180 1758 2203 sexu

1061 2227 1151 2255 esset
1166 2222 1276 2263 major
1287 2220 1406 2262 libido,
1415 2221 1547 2254 Tiresia
1557 2221 1688 2263 jndice,
1700 2222 1759 2265 qui

1061 2278 1227 2315 expertus
1258 2271 1371 2304 fuerat
1402 2276 1587 2314 utrumque
1612 2279 1758 2305 sexum:

1062 2335 1138 2358 cum
1153 2325 1175 2358 J
1179 2324 1232 2356 ovi
1249 2322 1448 2363 indicasset,
1467 2322 1526 2354 illa
1540 2322 1626 2354 irata
1640 2322 1760 2355 manns

1062 2375 1096 2408 ei
1119 2373 1307 2416 superjecit
1326 2379 1362 2404 et
1374 2371 1577 2404 excaecavit,
1619 2371 1762 2415 Jupiter

1040 2443 1045 2449 -
1062 2425 1158 2462 fecit,
1183 2429 1221 2456 ut
1246 2427 1380 2464 septem
1405 2426 1524 2454 aetates
1538 2421 1686 2463 viveret,
1702 2432 1760 2455 va·-

1063 2481 1183 2517 tesque
1199 2477 1326 2516 praeter
1339 2476 1472 2505 ceteros
1487 2472 1651 2504 mortales
1665 2471 1763 2505 veia-

1063 2526 1217 2559 cissimus
1230 2523 1429 2556 haberetur.
1452 2522 1567 2555 Bar-tle.
1758 2522 1762 2526 '

1107 2578 1169 2608 108
1186 2575 1287 2607 Novis
1296 2571 1471 2616 (sicfamu)
1481 2572 1634 2614 superbie]
1648 2570 1762 2615 Script-

1063 2627 1108 2659 ti:
1131 2625 1301 2664 scitfama.
1324 2623 1448 2664 Neque
1464 2623 1661 2665 aliterlegit
1675 2624 1762 2656 Laos

1063 2677 1203 2716 tantius,
1230 2674 1288 2716 qui
1310 2673 1485 2714 explicat:
1507 2673 1518 2691 ‘
1532 2673 1638 2704 Fama
1660 2674 1706 2705 de
1720 2683 1761 2707 eu

1060 2725 1230 2768 loquitur:
1255 2723 1321 2760 vel,
1349 2726 1466 2754 notum
1490 2725 1545 2753 est
1567 2722 1659 2764 qnod
1684 2723 1763 2756 dico

1062 2774 1237 2808 omnibus.’
1282 2772 1478 2814 Eodemque
1500 2771 1602 2804 modo
1618 2781 1638 2804 e
1655 2773 1762 2815 serip-

1062 2826 1107 2860 tis
1132 2824 1344 2867 reposuimus
1370 2822 1428 2855 lib.
1444 2829 1480 2855 v,
1504 2824 1585 2855 466.
1606 2823 1764 2856 seit-cum
