1878 3164
474 240 514 270 P.
546 237 737 269 PAPlNu
771 234 937 267 STATli
972 234 1120 265 SYLV.
1155 234 1252 264 [AB.
1278 233 1323 264 V.
1352 222 1395 264 2.

197 334 279 367 Min
294 332 461 374 trabeque
487 330 594 363 Remi.
650 329 734 362 Vid.
757 329 850 370 Lips.
870 327 905 359 in

199 383 328 416 Annal.
358 391 415 415 m.
445 386 482 414 et
511 381 690 414 Demster.
718 380 761 412 ad
790 379 904 412 Rosia.

198 433 319 476 Antiq.
342 433 366 466 1.
380 442 406 465 1.
421 441 452 465 e.
467 434 496 464 l.
513 436 549 463 et
565 431 589 463 1.
605 439 642 463 x.
663 428 815 462 Turneb.
831 428 903 461 Ad-

195 487 288 516 ὀτι
299 481 360 515 lib.
369 490 440 514 xn.
455 489 486 512 e.
499 483 534 514 6.
571 481 642 513 Nec
651 489 789 522 paupere
802 478 904 521 clavo]

194 532 237 564 id
253 537 320 574 est,
342 530 434 564 {ilius
451 531 596 573 alicujus
613 530 728 562 militis
744 529 901 570 manipu-

192 582 299 615 laris:
321 591 398 614 nam
412 581 533 622 caligae
550 580 686 613 habitus
704 585 782 611 sunt
798 579 902 610 mani-

193 631 376 675 pularium.
413 631 480 663 Hae
495 634 610 663 autem
625 630 735 662 clavis
750 628 902 669 figeban-

191 686 270 716 tur:
293 681 384 715 unde
406 681 494 713 clavi
513 679 667 721 caligarii
684 689 703 711 a
720 679 835 711 Plinio
851 678 901 710 di·

191 737 331 773 cuntur,
352 735 389 764 et
411 741 475 764 nos
496 731 567 763 illie
588 730 825 772 exposuimus,
849 738 900 761 os-

191 782 356 815 tenderet
372 786 425 814 tot
441 780 534 813 milia
549 782 739 813 clavorum.
755 779 877 812 Domit.

191 846 194 847 ⁷
233 834 276 866 8⁴
299 832 460 864 Emeritos
482 830 643 873 parentes]
667 830 737 864 Qui
760 829 900 861 aleban-

192 887 252 915 tur
265 882 402 924 publice
418 881 463 914 ob
481 881 646 922 plurimas
661 880 695 911 in
713 879 900 922 juventute

190 933 397 976 promeritas
413 933 557 975 palmas.
582 932 701 964 Barth.

231 987 276 1017 28
300 984 486 1026 Primaque]
519 983 662 1016 Lunatis
693 983 832 1023 calceis,
862 981 896 1014 id

191 1039 260 1077 est,
274 1035 479 1068 habentibus
494 1035 645 1077 speciem
660 1033 781 1066 mediae
797 1035 900 1075 lunae,

187 1085 374 1118 utebantur
381 1085 526 1117 nobiles.
569 1085 633 1117 Vel
646 1085 737 1127 quod
755 1083 798 1116 id.
806 1089 898 1116 esset

187 1135 354 1170 indicium
372 1135 500 1168 animas
520 1134 704 1177 aliquando
724 1133 898 1166 habitatu-

188 1184 245 1221 'rns
272 1187 307 1219 in
339 1187 471 1219 circulo
500 1187 604 1227 lunae,
627 1185 717 1228 quod
745 1186 896 1218 nonnulli

187 1241 369 1278 putarunt,
382 1240 420 1268 ut
434 1235 558 1268 Castor
570 1235 691 1267 tradit.
725 1234 790 1267 ‚vei
804 1235 894 1277 quod

186 1285 352 1318 indicium
379 1289 473 1318 esset
501 1284 699 1326 fragilitatis
725 1284 895 1317 humanm.

185 1335 252 1368 Vel
277 1336 370 1378 quod
394 1336 442 1368 sit
467 1334 657 1378 parendum
683 1334 895 1376 magistrati-

184 1385 262 1427 bus,
274 1385 560 1430 quemadmodum
577 1386 657 1417 luna
673 1385 895 1427 subsequitur

184 1433 401 1481 splendorem
418 1438 513 1479 solis,
528 1442 565 1469 et
580 1437 660 1469 inde
677 1437 782 1478 lucet,
806 1441 844 1468 ut
859 1437 893 1468 in

183 1488 439 1522 commentariis
458 1489 584 1522 Juveu.
611 1488 833 1520 recitavimus
850 1497 893 1520 ex

183 1538 433 1581 questionibus
461 1537 654 1570 Plutarchi.
710 1538 777 1569 Vel
801 1538 892 1579 quod

183 1587 351 1625 Arcades.
365 1588 423 1630 qui
437 1597 474 1620 se
490 1598 511 1620 a
524 1589 606 1620 luna
619 1587 785 1620 oriundos
800 1587 892 1620 dice-

184 1637 285 1679 bant,
299 1638 426 1671 talibus
441 1642 621 1670 uterentur
644 1637 784 1675 calceis,
809 1647 894 1679 quos

184 1688 412 1722 imitabantur
431 1687 578 1721 Romani
594 1687 652 1730 qui
668 1697 705 1720 se
720 1688 764 1720 ab
780 1689 892 1720 Evan-

181 1739 246 1773 dro
266 1738 404 1773 Arcade
428 1739 592 1772 oriundos
619 1739 891 1773 arbitrabantur.

182 1790 309 1823 Domit.

223 1843 268 1874 20
291 1841 406 1884 Tyrios
431 1851 473 1874 ex
494 1850 592 1883 more,
613 1840 686 1883 ξω]
708 1839 829 1882 Tyrios
844 1841 890 1873 si-

180 1900 244 1924 nus
269 1895 306 1924 et
328 1891 481 1924 tunicam
507 1895 687 1932 potentem
712 1890 748 1922 ἐκ
768 1896 889 1933 παραλ-

179 1940 283 1981 λήλου
298 1941 410 1982 dixit3
431 1942 517 1975 nihil
532 1942 623 1974 enim
638 1941 809 1984 significat
823 1943 889 1975 nisi

180 1992 332 2025 tunicam
362 1991 511 2025 latIelavi
542 2001 763 2034 purpuream,
787 2002 888 2034 quam

178 2043 229 2076 ait
243 2043 442 2086 Crispinum
457 2051 601 2086 puerum
618 2043 803 2084 sumpsisse
818 2053 887 2076 una

180 2103 258 2126 cum
281 2094 438 2137 patriciis
459 2094 658 2137 lunatisque
681 2094 822 2135 calceis,
843 2104 886 2127 ex

178 2144 287 2176 more.
346 2144 434 2178 Quae
466 2143 536 2175 duo
572 2147 749 2185 postrema
779 2144 887 2177 verba

178 2193 385 2227 confirmare
408 2193 571 2226 videntur
584 2193 733 2226 Marsilii
747 2199 886 2227 senten·

179 2245 264 2278 tiam
280 2245 437 2287 negantis
453 2254 540 2286 opus
564 2243 672 2276 fuisse
692 2244 811 2276 liberis
824 2245 885 2278 Se·

178 2300 338 2328 natorum
354 2294 570 2336 indulgentia
586 2294 750 2336 principis
766 2295 810 2327 ad
826 2296 886 2338 jus

177 2345 347 2379 laticlavi
361 2345 601 2377 obtinendum.
640 2343 728 2376 vide
742 2344 885 2379 Sueton.

176 2407 210 2430 r..
225 2399 280 2430 38.
302 2395 464 2438 Augusto
491 2399 529 2427 et
553 2394 700 2427 Casaub.
717 2393 778 2428 ibi.
804 2397 884 2428 Cru-

177 2457 260 2480 cens.

177 2507 197 2520 -·
219 2500 262 2530 ³2
280 2497 432 2530 Protinus
444 2494 643 2537 ingrediens]
666 2495 760 2529 Hinc
776 2497 883 2540 conji-

177 2557 257 2580 cere
279 2552 334 2581 est
355 2548 519 2580 Vectium
543 2547 715 2581 Bolanum
736 2548 885 2590 Crispini

174 2603 356 2641 parentem
374 2596 520 2638 ὁμήλικα,
539 2606 689 2638 cooeoum,
706 2607 815 2640 prope
831 2598 884 2631 fu-

176 2650 245 2683 isse
277 2651 439 2691 Neronis,
469 2650 525 2693 qui
557 2649 615 2681 vix
644 2651 883 2692 septendecim

177 2710 284 2733 annos
301 2710 461 2743 egressus
487 2704 577 2742 erat,
603 2705 744 2733 anctore
757 2701 883 2734 Tacito

172 2751 260 2784 'xtu.
295 2751 421 2785 Annal.
453 2760 530 2783 cum
571 2760 635 2792 per
664 2750 754 2783 bona
782 2751 883 2785 initia

176 2800 366 2836 Domitium
409 2801 641 2835 Corbulonem
688 2801 880 2836 retinendae

1549 221 1665 264 1753

957 325 1134 359 Armeniae
1149 326 1353 369 praeposuit·
1376 326 1504 358 Mareu.

1000 381 1041 410 35
1069 377 1218 419 Corbulo]
1241 376 1405 409 Armenia
1422 386 1498 408 cum
1517 375 1580 407 sub
1595 377 1663 419 Ty-

956 428 1069 461 ridate
1091 437 1175 470 rege
1196 438 1216 460 a
1238 428 1379 460 Nerone
1401 426 1579 466 deficeret,
1600 436 1664 468 per

955 479 1148 511 Domitium
1174 478 1406 510 Corbulonem
1434 476 1467 508 in
1497 476 1661 509 ditionem

956 529 1062 562 venit.
1088 529 1213 561 Domit.
1239 527 1339 560 Conf.
1353 527 1468 560 Tacit.

997 583 1039 613 43
1057 579 1178 612 Metam·
1191 579 1335 611 Bolanus
1350 578 1459 619 agros]
1484 578 1494 596 ‘
1508 578 1665 620 Metari‚’

953 630 1108 662 dividere
1133 629 1202 661 suis
1228 628 1352 660 finibus
1379 632 1415 660 et
1441 628 1554 668 metis,
1582 638 1662 670 pro-

954 680 1066 722 prium
1081 683 1272 711 castrorum
1291 678 1445 710 verbum.
1473 678 1660 720 'Vc-getius:

952 731 963 750 ‘
981 731 1173 762 Metatores
1202 728 1259 770 qui
1283 728 1522 770 praecedentes
1547 730 1659 762 locum

953 780 1076 812 castris
1092 779 1254 820 idoneum
1276 777 1430 820 eligunt!
1450 803 1458 811 .
1475 779 1659 812 Tertullia-

951 841 1015 863 nus
1031 830 1234 871 metaphora
1249 830 1337 860 scita
1354 829 1516 861 adversus
1533 830 1660 862 Valen-

952 881 1122 912 tinianos:
1160 879 1171 897 ‘
1198 878 1346 910 Inferius
1378 878 1472 910 illum
1509 882 1660 912 metatur

951 931 1174 963 medietatem
1204 927 1417 961 Achamoth?
1475 928 1573 960 Idem
1613 929 1658 962 de

951 981 1083 1014 Pallio:
1108 982 1118 998 ‘
1134 980 1265 1012 Nostra
1279 983 1374 1010 certe
1389 979 1532 1010 metatio
1548 977 1657 1020 (quod

949 1029 1145 1064 clausis'vel
1161 1029 1195 1061 in
1214 1022 1324 1061 totum
1337 1027 1533 1060 Homericis
1548 1029 1657 1061 oculis

948 1080 1076 1124 liquet)
1097 1085 1208 1112 totum
1237 1077 1440 1111 versiforme
1463 1077 1542 1110 est-³
1571 1079 1655 1111 Ber-

947 1136 1033 1165 nart.
1077 1131 1214 1173 Aperire
1227 1130 1396 1170 maligma,
1407 1128 1479 1171 ξω]
1494 1129 1572 1162 Hoc
1587 1139 1655 1163 non

947 1183 1097 1215 alienum
1133 1185 1188 1213 est
1219 1191 1239 1212 a
1265 1181 1276 1199 ‘
1295 1178 1559 1212 collucatione:'
1594 1181 1654 1213 sed

946 1235 956 1252 ‘
973 1230 1165 1265 eollucare’
1192 1229 1332 1272 proprie
1357 1235 1494 1261 veteres
1512 1227 1654 1262 Romani

945 1283 1124 1323 dicebant,
1146 1275 1258 1314 ramos
1290 1279 1446 1322 profanae
1471 1280 1576 1322 sylvae
1603 1281 1655 1312 lu-

943 1335 1027 1368 mini
1041 1335 1174 1376 viaeque
1185 1331 1375 1365 officientes
1389 1332 1564 1364 decidere.
1595 1332 1654 1364 So·

944 1386 1059 1428 phoci.
1086 1385 1166 1425 ξύλα
1193 1384 1331 1426 θραῦσαι.
1377 1382 1556 1424 Maligna]
1579 1383 1653 1414 Ob-

944 1446 1072 1477 scuras,
1094 1440 1272 1478 angustas.
1320 1434 1421 1466 Maro
1445 1432 1579 1465 AEneid.
1600 1441 1653 1464 vt.

943 1487 954 1505 ‘
983 1486 1095 1520 Quale
1125 1495 1189 1528 per
1229 1485 1396 1517 incertam
1427 1484 1558 1515 Lunam
1588 1483 1652 1515 sub

943 1537 1019 1569 luce
1035 1537 1185 1577 maligna
1208 1536 1272 1567 Est
1287 1534 1356 1566 iter
1371 1534 1405 1566 in
1422 1533 1550 1576 sylvis:
1592 1533 1652 1566 Ve-

939 1598 1026 1629 pres,
1041 1592 1170 1627 sentes,
1184 1584 1289 1623 βάτοι.
1313 1584 1439 1617 Morell.
1651 1625 1654 1628 .

985 1641 1028 1671 48
1050 1637 1107 1670 Sic
1120 1636 1407 1679 PhrygesJJasou
1423 1644 1501 1667 cum
1519 1636 1572 1667 18.
1590 1643 1651 1667 na-

941 1689 1040 1721 vibus
1070 1688 1115 1720 ad
1144 1688 1283 1730 Trojam
1319 1686 1494 1728 navigavit
1523 1686 1652 1718 comite

941 1739 1119 1779 Hercule3
1168 1738 1320 1779 vicitque
1367 1735 1648 1769 Laomedontem.

940 1789 991 1822 Ut
1021 1799 1103 1822 vero
1133 1788 1307 1821 Homerus
1335 1787 1454 1827 tradit,
1478 1787 1649 1820 Hercules

938 1841 1019 1873 illac
1034 1839 1222 1882 navigavit,
1239 1838 1397 1880 quoniam
1414 1848 1490 1870 cum
1507 1837 1649 1871 liberas·

939 1895 993 1923 set
1006 1890 1198 1922 Hesionem
1209 1889 1314 1921 filiam
1327 1887 1574 1920 Laomedontis
1589 1897 1649 1920 ex-

939 1941 1087 1982 positam
1111 1945 1278 1979 monstro,
1303 1944 1405 1981 pater
1431 1948 1538 1980 equos
1562 1949 1647 1981 quos

937 1991 1143 2033 promiserat
1157 1994 1192 2022 et
1208 1990 1357 2031 puellam
1372 1998 1439 2020 non
1453 1988 1571 2022 dabat.
1585 1999 1646 2030 gu-

938 2042 1104 2074 bernator
1119 2040 1215 2073 navis
1227 2039 1293 2072 fuit
1304 2040 1448 2072 Oicleus
1459 2039 1549 2072 filius
1562 2039 1645 2072 Am-

936 2093 1079 2134 phiarai.
1126 2092 1227 2124 Misit
1242 2091 1378 2132 legatos
1390 2101 1435 2123 ex
1448 2091 1567 2123 littore
1583 2091 1649 2127 oi·‚

935 2144 1045 2175 cleum
1066 2147 1103 2175 et
1123 2142 1343 2174 Telamonem
1365 2140 1408 2172 ad
1430 2141 1644 2173 Laomedon·

935 2199 1004 2226 tem
1021 2203 1030 2225 :
1056 2199 1241 2235 utrumque
1257 2192 1405 2224 detrusit
1418 2192 1450 2223 in
1467 2202 1644 2225 carcerem

935 2244 1144 2276 Laomedon.
1204 2242 1363 2275 Priamus
1400 2243 1643 2275 Laomedontis

934 2295 1024 2328 filius
1045 2295 1135 2337 patri
1151 2293 1322 2327 consuluit
1337 2297 1376 2325 ut
1391 2298 1548 2326 servaret
1564 2303 1644 2336 pro-

934 2346 1050 2378 missa.
1066 2345 1156 2388 quod
1173 2354 1251 2388 cum
1267 2348 1424 2386 negaret,
1438 2344 1526 2377 duos
1541 2354 1642 2378 enses

935 2396 1054 2429 attulit
1082 2394 1284 2434 Telamoni;
1308 2395 1366 2437 qui
1395 2394 1542 2428 effracto
1567 2406 1642 2429 car-

934 2458 1015 2481 cere
1038 2447 1081 2480 ad
1103 2447 1199 2479 littus
1216 2446 1259 2479 ad
1275 2446 1462 2479 Herculem
1479 2449 1642 2486 accurrit,

933 2499 1161 2540 injuriamque
1191 2496 1354 2528 narravit.
1401 2496 1542 2528 Exarsit
1569 2497 1640 2530 bel-

934 2549 1018 2590 lum,
1032 2546 1194 2580 occubuit
1210 2546 1364 2578 Oicleus.
1395 2546 1557 2578 Telamon
1574 2548 1641 2589 pri·

933 2609 1007 2631 mus
1022 2607 1134 2629 muros
1149 2595 1326 2629 ascendit:
1355 2601 1542 2637 propterea
1563 2603 1641 2639 post

933 2649 1112 2682 victoriam
1129 2647 1172 2679 ab
1188 2646 1342 2678 Hercule
1367 2651 1550 2678 coronatus
1572 2653 1640 2690 est,

931 2704 969 2733 et
990 2699 1137 2732 donatus
1161 2696 1314 2729 Hesione
1338 2696 1465 2738 puella.
1510 2697 1640 2731 Quam.

931 2750 996 2792 vis,
1020 2748 1132 2792 inquit
1156 2747 1337 2789 Papinius,
1370 2746 1542 2779 Hercules
1567 2749 1638 2782 illic

931 2804 1115 2844 pugnaret,
1125 2803 1241 2832 tamen
1252 2798 1404 2840 Phryges
1420 2798 1525 2831 etiam
1542 2799 1641 2833 time·
