1878 3164
0 0 45 171 s

0 167 11 191 r,

0 199 5 236 l

0 279 8 418 ξ

417 244 458 275 Ρ.
492 242 691 275 ΡΑΡΙΝΙΙ,
719 242 888 274 8’1’ΛΤΙΙ.
919 242 1069 273 ΤΗΕΒ.
1096 241 1197 274 mn.
1235 242 1343 272 vul.

127 335 328 380 jaculantis.
355 337 456 369 Idem.

177 390 243 421 ⁷26
266 386 335 420 Per
349 386 520 429 oppositos]
544 387 631 420 Eum
657 386 843 419 intuentes.

178 490 245 522 728
266 488 361 522 Perit
376 487 557 531 expressus]
581 488 711 520 Lucan.
732 486 742 504 ‘
754 487 843 519 Hos-

134 539 230 578 tilem
259 539 340 572 dum
367 539 509 572 torserit
545 542 649 571 exeat
685 537 843 570 hastam.¹

139 589 242 623 Iden.

177 642 244 673 729
266 639 350 677 Quis
360 641 470 683 ardor]
491 639 708 676 Exclamatio
721 648 783 681 per
794 638 845 670 in-

135 691 401 734 tei-positionem
430 697 468 724 et
502 700 574 722 rem
610 700 766 731 maguam
794 687 843 721 fa-

136 742 246 781 ciens,
272 747 311 774 ut
337 741 444 774 babet
462 741 544 774 Vet.
559 741 738 773 Scholiast.
785 740 844 771 Sic

134 792 224 826 libro
239 801 307 825 vn.
327 785 446 824 ‘'olim
470 796 518 832 te,
544 792 708 834 Cyrrhaee
733 796 846 832 pater,

134 844 295 886 peritura
309 842 488 874 sedentem
501 841 556 874 Ad
567 842 655 884 juga
665 841 756 884 (quis
769 846 846 873 tan-

135 893 341 926 tusmiseris
355 892 481 936 bonor)
502 895 568 924 a'xe
584 891 746 925 trementi
762 891 844 923 Sen-

136 943 269 977 simus!

178 997 246 1028 732
267 994 386 1027 Latera
415 994 603 1027 inclinantia
625 992 752 1035 parma]
787 992 843 1025 Ad

128 1054 265 1088 „motem
296 1045 444 1091 priscum
471 1045 571 1078 dixit.
613 1045 728 1076 Duces
752 1044 843 1076 enim

135 1096 171 1129 in
185 1096 305 1141 praelio
321 1096 505 1128 morientes
521 1095 554 1127 iu
570 1095 693 1136 clypeo
710 1099 844 1126 veteres

136 1147 322 1190 ponebant.
365 1147 487 1188 virgil.
503 1155 541 1178 x.
569 1147 580 1165 ⁸
594 1145 643 1178 At
658 1146 741 1178 socii
759 1146 844 1177 mul·

136 1201 175 1230 to
201 1197 330 1242 gemitu
355 1197 608 1239 lachrymisque
641 1196 844 1238 Impositum

137 1253 237 1282 sento
261 1247 419 1281 referunt
439 1248 602 1281 Pallanta
623 1247 845 1290 frequentes-‘⁹

138 1298 240 1332 Idem
267 1307 322 1331 xx.
345 1298 419 1331 ‘At
443 1299 594 1331 Lausum
618 1298 704 1330 socii
727 1299 845 1329 exani·

138 1347 230 1382 mt'tm
244 1358 349 1391 supet·
375 1359 469 1382 arma
483 1349 668 1383 ferebant.'
711 1348 843 1381 Statius

137 1400 215 1443 ipse
225 1401 289 1433 boc
299 1401 409 1433 libro:
432 1403 442 1419 ⁸
460 1401 588 1433 Fertur
603 1401 689 1440 Atys
703 1409 844 1431 servans

138 1451 288 1484 animum
303 1452 376 1494 jam
393 1452 559 1494 sanguine
575 1451 680 1491 nullo,
695 1449 758 1481 Cui
776 1458 846 1480 ma-

138 1504 204 1534 nus
219 1502 256 1534 in
272 1503 387 1545 plaga,
402 1502 579 1544 dependet
594 1500 759 1542 languida
774 1509 848 1530 cer-

139 1553 199 1585 vix
214 1553 377 1586 Exterior
401 1551 548 1594 clypeo!
591 1551 756 1583 Pertinet
778 1550 846 1581 huc

139 1603 327 1636 animosum
335 1603 419 1635 illud
429 1603 611 1644 Spartanae
619 1600 768 1633 mulieris
776 1599 848 1631 dic-

141 1660 310 1695 tum,cum
321 1652 391 1686 filio
403 1654 562 1695 clypeum
571 1650 746 1684 traderet:
759 1651 769 1667 ‘
779 1649 849 1681 Aut

139 1713 218 1737 cum
246 1699 321 1744 illo,
350 1707 410 1736 aut
439 1704 474 1734 in
505 1702 587 1735 illo.’
631 1702 753 1734 Mensz
776 1701 847 1732 Fac

139 1754 270 1787 redeas
292 1763 359 1786 non
391 1753 516 1785 amisso
544 1753 678 1795 clypeo,
701 1756 763 1783 aut
788 1750 847 1782 ho-

138 1806 239 1841 neste
252 1803 459 1837 occumbens
471 1803 504 1835 in
517 1813 558 1836 eo
571 1802 743 1835 referatis.
762 1801 846 1832 Ber-

138 1859 225 1888 nm.

182 1903 248 1939 787
271 1907 347 1939 Nem
370 1916 441 1939 ossa
463 1906 589 1952 precor]
623 1898 704 1937 Non
730 1911 848 1946 quaero

141 1962 182 1990 ut
193 1957 346 1990 membra
362 1967 438 1989 mea
453 1957 620 1989 ho‘norent
636 1955 779 1996 patriani
796 1962 849 1984 se-

143 2003 336 2050 pulturam:
354 2017 421 2040 non
437 2013 478 2040 ut
493 2016 570 2040 ossa
585 2006 716 2038 tumulo
731 2005 849 2036 liuma-

142 2063 182 2090 ta
191 2062 383 2091 serventur.
407 2058 477 2091 odi
493 2058 583 2090 enim
600 2065 742 2097 corpus,
758 2053 848 2096 quod

141 2101 301 2152 spiritum
314 2107 460 2140 virorum
473 2107 613 2140 fortium
626 2105 849 2149 pugnantium

143 2157 287 2191 deserit.
308 2159 457 2192 lactant.

188 2211 254 2241 742
277 2208 424 2250 queuie]
444 2209 524 2241 Scio
554 2208 645 2239 enim
672 2216 727 2238 me
752 2210 850 2239 certa

142 2259 180 2292 in
191 2259 434 2301 Menalippum
450 2260 520 2291 tela
533 2259 684 2291 torsisse.
706 2258 806 2290 Idem.

186 2312 251 2343 ¹148
273 2310 384 2352 Atrei]
410 2310 541 2352 Argivi.
563 2310 666 2341 Idem.
712 2342 716 2345 ,

186 2363 252 2394 744
275 2361 508 2403 Hippomedon]
531 2360 680 2392 Maritus
696 2358 850 2400 Nealcis‚

146 2411 287 2445 Adrasti
303 2411 403 2445 filius.
423 2412 525 2443 Idem.

187 2464 251 2495 '1⁴5
280 2460 399 2503 Arcas]
429 2461 519 2495 Quia
548 2460 670 2502 Tydeo
699 2459 851 2491 obeunte

143 2513 234 2546 bunc
249 2512 408 2554 primum,
421 2511 713 2553 Partlienopaeum
729 2519 851 2542 secun-

146 2563 227 2596 dnm
242 2562 348 2595 fuisse
363 2562 556 2595 constabat.
579 2562 678 2594 Idem.

187 2616 255 2647 '14⁹
279 2614 425 2647 Vulneris
452 2613 552 2656 unda]
574 2612 723 2655 Copioso
747 2609 854 2644 fluxu.

1487 230 1604 274 1949

897 335 1018 376 virgil.
1044 335 1103 368 lib.
1132 344 1186 369 ix.
1208 334 1363 368 ‘Reddit
1391 343 1516 376 specus
1539 337 1606 367 atri

897 387 1047 419 vulneris
1071 387 1194 419 undam
1220 387 1459 427 Spumantem,
1477 388 1514 416 et
1536 384 1606 417 fixo

895 435 1024 469 ferrum
1040 437 1074 468 in
1104 437 1265 478 pulmone
1289 434 1462 477 tepescit:
1506 434 1606 466 Idem

897 487 1150 529 elegantissime
1177 487 1221 519 de
1246 486 1340 518 fumo
1364 486 1424 518 lib.
1453 494 1537 518 vm.
1571 485 1607 517 in

898 538 1040 570 historia
1057 538 1141 570 Caci
1156 549 1164 568 :
1194 539 1204 555 ‘
1218 548 1286 579 qua
1302 537 1466 579 plurimus
1481 535 1605 567 undam

899 589 1026 620 Fumus
1040 588 1122 630 agit,
1145 587 1336 630 nebulaque
1349 588 1468 630 ingens
1480 597 1606 629 specus

900 642 1026 670 aestuat
1043 638 1142 670 atra-⁹
1168 638 1282 670 Barth.

941 691 1004 721 75ι
1031 688 1264 730 Clamntibus]
1278 688 1366 727 Cum
1381 686 1607 720 admiratione

898 738 1103 772 faventibus.
1125 740 1275 772 Luceant.

941 795 1005 824 752
1033 791 1189 833 Vultuque
1211 789 1362 831 occurrit]
1383 789 1474 823 Quia
1496 793 1613 821 reten-

900 847 955 874 tus
971 842 1111 874 vulnere
1133 847 1209 873 toto
1227 851 1296 873 non
1321 841 1434 883 potuit
1458 849 1605 882 corpore

899 892 1084 925 sublevari.
1110 892 1208 923 Idem.

939 945 1003 974 754
1026 942 1218 982 Agnovitin
1239 941 1310 983 illo]
1331 942 1413 973 Tam
1437 941 1532 973 illum
1550 950 1608 973 ex·

897 994 1067 1035 pin-antem
1087 993 1245 1032 animam,
1261 1002 1363 1034 quam
1381 1002 1431 1024 se.
1454 992 1554 1023 Idem.

942 1047 1004 1076 755
1038 1043 1155 1084 Porgi]
1185 1043 1338 1085 Porrigi,
1363 1047 1506 1084 propter
1531 1052 1607 1074 ver-

898 1104 983 1126 sum.
1005 1094 1043 1127 V.
1060 1094 1163 1126 Schol.
1185 1093 1380 1135 virgil-lib.
1394 1101 1482 1125 vm.
1506 1093 1607 1125 ‘Cin-

900 1144 973 1186 gite
987 1143 1110 1176 fronde
1126 1153 1252 1182 comas,
1271 1148 1306 1174 et
1330 1143 1455 1184 pocula
1468 1143 1606 1184 porgite

901 1193 1056 1227 dextris!
1101 1194 1217 1226 Valer.
1245 1194 1358 1225 Flacc.
1387 1192 1456 1224 fine
1479 1193 1540 1224 lib.
1564 1201 1608 1225 ιι.

900 1244 1036 1287 ‘Atque
1060 1255 1102 1277 ea
1129 1245 1239 1286 prima
1259 1244 1339 1276 duci
1361 1253 1508 1285 porgens
1524 1243 1608 1276 Car-

900 1296 1013 1327 chesia
1029 1294 1162 1328 Graio-⁹
1207 1295 1354 1335 Papinio
1380 1304 1482 1335 supra
1503 1295 1606 1326 etiam

898 1347 908 1364 ‘
924 1345 1043 1386 μοι-κί’
1066 1352 1265 1387 usurpatum
1288 1345 1350 1376 lib.
1367 1354 1408 1376 n.
1432 1345 1557 1377 Silvar.
1573 1344 1608 1387 in

900 1397 1066 1438 Epir-edio
1083 1396 1219 1429 Glauci.
1241 1395 1361 1427 Barth.

942 1452 1007 1481 756
1045 1447 1178 1488 Gliscit]
1206 1446 1396 1479 Irasceudo
1431 1446 1466 1478 in
1496 1447 1607 1489 majus

901 1499 1112 1532 accenditur.
1135 1499 1286 1530 Lactant.

943 1553 1008 1582 757
1031 1548 1226 1581 Dubitantia
1241 1547 1327 1591 figi]
1355 1547 1446 1580 Quia
1456 1547 1520 1588 his,
1535 1547 1609 1590 qui·

902 1603 965 1635 bus
993 1612 1083 1634 mors
1111 1611 1233 1633 recens
1255 1604 1318 1641 est,
1338 1600 1429 1632 oculi
1447 1599 1610 1632 videntur

903 1663 1028 1685 errare.
1056 1653 1156 1684 Idem.

945 1706 1008 1735 763
1027 1703 1096 1734 Nec
1110 1701 1236 1733 comites
1250 1700 1376 1740 auferre
1388 1701 1510 1743 valent]
1529 1700 1608 1732 Non

903 1755 1020 1786 valent
1034 1753 1155 1795 Tydeo
1171 1756 1277 1794 caput
1293 1752 1414 1783 tollere
1437 1751 1610 1794 Menalip-

903 1805 952 1847 pi.
977 1805 1077 1836 Idem.

943 1858 1007 1888 767
1023 1854 1151 1896 Ecysos]
1164 1853 1303 1885 Fluvios
1318 1857 1383 1885 est.
1398 1853 1498 1885 Idem.
1534 1853 1608 1885 Ilis-

901 1906 968 1947 sos]
996 1906 1066 1938 Seu
1091 1905 1205 1944 Elisos,
1233 1910 1269 1935 et
1296 1904 1462 1946 Elysium,
1487 1902 1610 1935 fluvius

903 1962 958 1988 est
984 1956 1171 1987 Beatorum
1189 1956 1355 1994 locorum,
1377 1963 1477 1995 quem
1494 1954 1609 1985 inson-

903 2013 972 2040 tem
995 2010 1107 2043 vocat,
1131 2016 1173 2037 eo
1197 2005 1286 2047 quod
1317 2005 1469 2036 insontes
1490 2003 1612 2046 faciat,

904 2060 968 2091 hoc
981 2064 1034 2090 est
1050 2057 1224 2099 purificet,
1246 2061 1284 2088 et
1298 2055 1485 2097 opponitur
1500 2056 1611 2098 Stygi‚

903 2118 1001 2150 aquae
1030 2106 1203 2143 infernali,
1229 2116 1292 2147 per
1317 2115 1418 2146 quam
1445 2106 1491 2137 dii
1513 2106 1611 2147 jura-

903 2159 998 2190 bant.
1028 2158 1171 2189 Dicitur
1187 2156 1312 2188 Graece
1327 2155 1467 2193 ἠλύσιον,
1478 2155 1541 2187 ἀπὸ
1555 2157 1612 2193 τῆς

903 2207 1036 2249 λύσεως,
1053 2218 1073 2240 a
1088 2207 1274 2245 solutione,
1296 2207 1377 2248 quia
1392 2206 1512 2237 animae
1531 2204 1612 2248 post

901 2260 1103 2292 solutionem
1121 2257 1245 2288 vinculi
1256 2256 1412 2297 corporei
1423 2255 1613 2289 deveniunt

901 2310 944 2342 ad
975 2317 1115 2349 campos
1144 2307 1216 2339 hos.
1269 2306 1391 2347 Virgil-
1421 2306 1552 2338 AEneid.
1578 2315 1613 2340 v.

904 2359 986 2391 ‘sed
1018 2367 1152 2390 amoena
1179 2357 1313 2398 piorum
1337 2356 1504 2395 Concilia,
1531 2357 1613 2397 Ely-

903 2411 1059 2450 siumque
1073 2407 1176 2440 colo.’
1201 2408 1247 2439 Et
1259 2407 1441 2448 Georg.n.
1463 2408 1611 2440 ‘Quam-

906 2461 957 2493 vis
981 2461 1119 2501 Elysios
1133 2459 1275 2491 miretur
1291 2457 1428 2490 Graecia
1445 2458 1612 2499 cmupos!

907 2511 1059 2552 Lampas]
1096 2509 1236 2542 Scelera
1259 2508 1349 2541 enim
1374 2509 1446 2540 visa
1468 2515 1526 2541 aut
1542 2509 1614 2551 igni

908 2567 967 2594 aut
982 2570 1071 2603 aqua
1087 2563 1292 2603 purgantur.
1314 2559 1462 2592 Laetam.
