1878 3164
273 218 292 258 1
301 215 386 259 888

274 330 408 354 menam
438 331 563 363 genere
588 321 802 362 conjunctus,
828 322 893 354 hoc
917 331 971 353 or-

275 373 374 405 dine:
399 371 538 413 Pelopis
558 376 594 403 et
617 372 858 412 Hippodamiae
878 371 972 403 Lisi-

275 423 352 455 dice
376 421 459 454 filia.
503 422 670 454 Lisidices
694 421 868 454 Alcmena.
913 422 979 454 Jo--

275 473 393 511 vis-et
418 471 592 504 Alcmenae
623 472 802 505 Hercules.
853 473 973 504 Prima

275 531 358 563 ergo
388 523 610 554 certaminum
642 532 769 564 genera
786 524 872 555 ·haec
900 522 973 555 fue·

276 577 368 611 runt,
385 583 461 614 quae
478 583 539 614 per
555 573 706 605 ordinem
721 574 786 605 hoc
800 574 876 605 loco
892 572 973 614 poe-

277 626 316 652 ta
340 621 521 656 describit,
565 622 728 663 Olympia
753 623 787 654 in
809 622 972 654 honorem

276 670 430 712 Pelopis,
452 673 548 713 cujus
573 672 721 704 victores
747 673 896 704 oleastro
919 682 976 703 co·

276 726 451 753 tonantur.
496 721 624 762 Pythia
643 722 677 753 in
691 722 853 754 honorem
869 722 974 762 Apol·

276 772 365 810 linis,
378 773 474 813 cujus
487 772 635 804 victores
646 774 742 804 lauro
755 777 973 804 coronantur.

278 821 423 853 Isthmia
439 822 472 852 in
493 822 655 854 bonorem
677 822 895 861 Palaemonis,
916 832 974 853 cu·

271 872 330 913 jus
345 871 490 903 victores
506 871 588 912 pinu
603 877 819 904 coronantur.
844 872 975 904 Nemea

277 921 311 952 in
327 921 488 952 honorem
500 921 814 963 Archemori,cujns
829 921 976 954 victores

277 970 357 1011 apio
371 975 586 1002 coronantur.
609 970 734 1011 Apium
748 976 860 1003 antem
877 971 978 1012 dixit,

279 1021 359 1063 quia
387 1020 556 1053 Hercules
586 1021 709 1061 Pelopi
745 1021 778 1052 in
814 1021 975 1052 bonorem

278 1071 585 1112 consanguinitatis
601 1071 633 1102 id
651 1071 818 1103 exhibuit.
865 1072 976 1103 Certa-

277 1121 323 1152 vit
339 1120 498 1160 honorem]
533 1121 573 1151 In
596 1120 756 1152 honorem
773 1121 879 1162 ipsius
889 1131 977 1153 -con-

280 1171 441 1201 secravit.
462 1170 658 1201 Lactantius.

321 1223 341 1251 7
366 1220 451 1252 Fero
474 1219 573 1260 oliva]
604 1220 674 1251 Pro
690 1220 836 1253 oleastro
853 1221 977 1262 posuit,

280 1270 360 1313 quia
388 1271 535 1302 victores
563 1270 667 1312 ipsius
691 1271 883 1303 certaminis
912 1268 977 1304 hac

278 1319 399 1353 fronde
416 1327 642 1363 coronantur:
666 1331 841 1362 possumus
855 1327 889 1353 et
904 1323 913 1339 ‘
927 1322 976 1354 fe-

280 1373 371 1406 ram’
409 1383 472 1415 pro
501 1372 609 1405 feraci
638 1375 843 1416 intelligere.
876 1377 976 1408 Idem.

267 1425 410 1462 ,Crinem
425 1424 554 1455 detorsit
572 1424 683 1465 Oliva]
703 1425 834 1466 Scripti
850 1426 976 1458 codicis

279 1484 457 1510 consensu,
473 1475 588 1506 crinem
598 1471 727 1506 detersit
742 1469 836 1507 oliva
845 1486 858 1514 ;
881 1476 977 1518 quid-

279 1525 314 1556 ni
332 1524 450 1556 recte?
472 1523 554 1555 illud
577 1530 656 1565 apte
677 1525 791 1565 etiam,
814 1526 903 1566 quod
919 1526 977 1558 oli-

281 1583 357 1605 vam
388 1574 573 1615 exprimit;
609 1584 686 1606 nam
717 1575 759 1607 de
795 1576 978 1618 Olympico

281 1625 465 1656 certamine
482 1624 565 1665 agit,
580 1625 612 1655 in
635 1634 702 1666 quo
717 1625 872 1657 Oleastri
887 1625 979 1658 fron-

279 1674 379 1706 dibus
400 1669 546 1706 victores
558 1676 732 1715 coronati3
748 1676 849 1708 sicuti
865 1677 898 1708 in
911 1677 979 1717 Py-

281 1724 358 1756 thiis
373 1725 458 1756 mala
471 1734 515 1756 ex
531 1723 610 1756 fano
627 1724 806 1766 Apollinis,
820 1728 884 1758 &c-
909 1727 979 1758 No-

278 1775 419 1807 tandum
436 1775 539 1806 etiam
553 1785 619 1807 non
633 1781 702 1807 tam
727 1776 817 1816 ipsos
832 1777 979 1808 victores

247 1830 249 1833 “
281 1835 381 1867 qnam
420 1827 567 1867 patriam
603 1827 738 1858 illorum
772 1831 978 1859 coronatam.

281 1876 429 1915 Plinius,
454 1876 513 1907 lib.
541 1883 618 1908 xvi.
644 1884 719 1918 cap.
748 1877 790 1908 de
814 1877 977 1909 Coronis:

280 1928 290 1944 ‘
305 1927 496 1958 Novissime
511 1932 548 1958 et
563 1927 597 1958 in
614 1927 719 1958 sacris
736 1927 977 1959 certaminibus

282 1981 469 2018 usurpatae,
498 1977 532 2007 in
562 1977 684 2018 quibus
714 1977 882 2019 hodieque
912 1987 978 2008 nou

281 2026 404 2058 victori
421 2027 517 2066 dant,
532 2027 590 2058 sed
608 2027 752 2068 patriam
769 2027 812 2058 ab
828 2037 867 2058 eo
883 2036 979 2059 coro-

280 2078 353 2108 nari
371 2076 634 2117 pronuntiatur.'
657 2078 808 2108 Bernart.

323 2131 343 2159 8
371 2127 547 2160 Celebravit
569 2127 667 2159 libera
692 2127 789 2168 nexu]
823 2127 979 2169 Pythone

281 2179 370 2210 enim
382 2177 578 2217 interfecto,
589 2177 708 2210 Achaei
721 2187 861 2218 agonem
877 2178 980 2219 Apol-

281 2229 341 2260 lini
379 2229 616 2265 instituerunt,
651 2238 752 2270 quem
791 2229 981 2271 Pythias-um

282 2279 552 2311 nominaverunt.
574 2279 722 2311 Lac-tant.

326 2331 366 2360 10
389 2329 470 2359 Mox
484 2328 599 2360 circam
618 2328 739 2370 tristes]
776 2327 832 2360 Sic
857 2338 980 2360 vocan-

281 2383 350 2410 tur.
394 2379 538 2410 Isthmia
563 2379 782 2410 celebrantur
804 2379 894 2419 apud
917 2379 981 2410 Co-

281 2428 439 2470 rynthum
466 2429 499 2459 in
528 2428 690 2459 honorem
715 2428 920 2459 Palaemonis
945 2432 981 2459 et

281 2478 485 2511 Leucotheae
499 2478 704 2509 marinorum
718 2477 870 2509 deorum.
891 2477 979 2509 Isth-

282 2537 366 2567 mos,
384 2533 477 2560 terra
493 2528 526 2558 in
550 2529 686 2569 longum
714 2531 886 2569 porrecta,
904 2537 979 2568 quae

282 2577 415 2608 lonium
432 2577 477 2609 ab
493 2578 596 2616 AEgeo
610 2578 744 2610 dividit.
783 2577 889 2621 OVidt
910 2582 920 2595 ‘
935 2577 981 2608 Et

282 2627 394 2669 spatio
416 2632 580 2659 concreta
597 2627 691 2658 brevi
714 2626 806 2659 freta
826 2626 906 2658 bina
928 2636 981 2658 re-

283 2676 393 2718 pellit,
409 2676 552 2717 Unaque
569 2677 725 2717 pulsatur
742 2682 834 2708 terra
850 2676 980 2709 duabus

281 2726 399 2769 aquis!
422 2727 519 2757 Idem.

328 2778 370 2808 16
395 2776 574 2808 connexum
589 2775 677 2817 coelo]
715 2776 846 2819 Genus,
864 2777 898 2810 id
913 2781 979 2818 est,

732 227 873 258 NOTAE
907 226 1128 258 VARlORU
1139 226 1171 256 M
1204 227 1258 258 ΙΝ

1022 322 1078 363 qui
1108 321 1272 361 originem
1297 321 1439 363 «inclini,
1460 325 1601 364 propter
1627 321 1722 356 lim·

1021 371 1224 413 opinionem,
1238 371 1315 413 quia
1331 371 1491 404 dicuntur
1505 371 1560 404 Dii
1577 371 1732 406 τενηῧίῦΔ

1021 420 1168 453 foeminis
1206 421 1303 453 mixti
1348 422 1486 454 liberos·
1510 418 1729 464 procreasset·

1022 470 1225 511 Disputatio
1255 475 1321 512 est,
1347 482 1421 512 (μιαν.
1447 472 1531 504 dicit
1556 472 1732 506 bonurn.—

1022 521 1191 552 nominum
1216 521 1344 553 animas
1365 530 1404 553 ac
1421 520 1567 554 virorum
1582 521 1723 554 fortium

1024 579 1043 601 a
1059 570 1136 601 Diis
1151 571 1334 611 sumpsisse
1351 572 1568 613 principium.
1591 571 1704 609 Idem.2
1723 577 1731 588 ⁴

1067 623 1106 652 17
1129 620 1246 662 Aonis]
1277 622 1444 654 Boeotiam
1468 622 1729 665 dixit‚quia-ab·

1023 670 1075 701 his
1104 671 1315 702 vastabatur.
1361 672 1725 714 Tyriaetsu‘aepimntsao-

1022 721 1107 751 mina
1134 720 1263 761 matres]
1297 721 1484 753 Thebanasv
1498 722 1691 764 significan:
1703 730 1731 755 ι’

1025 770 1152 802 Cadmo
1181 771 1284 812 Tyrio
1316 771 1515 804 conditore:
1549 773 1726 813 suspirant

1025 824 1137 855 antem
1155 821 1305 859 nomina,
1327 821 1406 862 quia
1433 821 1560 854 virtute
1582 822 1732 854 Graeco-x

1026 880 1099 903 rann
1116 871 1337 912 orbabantur,
1358 872 1489 903 maritis
1509 871 1729 905 auiissisant-

1025 921 1151 954 liberis.
1175 921 1275 953 Idem.

1069 973 1110 1002 18
1140 971 1254 1002 Nudos
1281 971 1379 1011 vires]
1409 971 1491 1003 Sino
1519 970 1624 1005 ferro.

1021 1021 1149 1062 proelia]
1173 1021 1213 1052 In
1230 1022 1411 1053 luctamen.
1435 1021 1537 1054 Idem.

1067 1073 1108 1102 27
1134 1071 1179 1102 Et
1193 1070 1447 1110 cornusugiebat
1461 1070 1610 1113 Somnus]
1631 1071 1728 1104 Inani

1023 1130 1120 1152 cornu
1135 1120 1264 1152 idcirco
1289 1120 1389 1160 dixit,
1405 1121 1485 1162 qnia
1507 1121 1591 1154 illud
1615 1122 1727 1155 noctis

1027 1175 1182 1212 tempore
1198 1175 1307 1203 totum
1322 1170 1518 1212 diffuderat,
1529 1172 1620 1214 qnod
1635 1171 1726 1205 idern

1029 1220 1132 1262 poeta
1157 1222 1313 1262 superius
1337 1221 1552 1254 manifestius
1570 1222 1728 1264 assernit,

1028 1268 1156 1308 dicens,
1177 1280 1270 1304 coma
1292 1273 1474 1314 perfuderat
1496 1271 1590 1305 omni.
1636 1273 1727 1306 Nam

1028 1321 1078 1352 sic
1101 1331 1121 1352 a
1145 1321 1335 1362 pictoribus
1358 1323 1539 1364 similatur,
1563 1329 1602 1356 ut
1628 1324 1727 1366 liqui-

1028 1370 1107 1402 dum
1138 1372 1302 1403 somnium
1329 1381 1371 1404 ex
1399 1382 1507 1405 cornu
1531 1375 1636 1414 super
1651 1373 1741 1405 dor·-

1027 1421 1172 1452 mieutes
1189 1421 1347 1454 videatur
1362 1421 1562 1455 effundere.>
1588 1423 1646 1456 Sic
1659 1422 1729 1456 Ena

1027 1471 1120 1503 nius:
1145 1475 1154 1489 ‘
1169 1472 1252 1503 Cum
1280 1481 1355 1504 sese
1377 1473 1514 1506 exiccat
1529 1483 1646 1506 somno
1661 1474 1728 1507 Ro-

1028 1522 1327 1563 manajnventns.³
1355 1523 1452 1557 Idem.
1621 1531 1624 1533 ’
1676 1536 1679 1538 ’
1726 1530 1732 1539 “

1039 1575 1044 1579 ’
1070 1575 1110 1603 31
1140 1571 1300 1605 Vittarum
1314 1583 1398 1605 nexu
1409 1574 1550 1616 genitor]
1561 1575 1618 1606 ‘De
1634 1574 1728 1607 vittis

1029 1622 1070 1654 ad
1087 1622 1209 1654 librum
1226 1623 1380 1665 quintum
1402 1624 1498 1656 satis.
1541 1621 1633 1656 lund
1654 1624 1728 1656 obi-

1029 1677 1083 1705 ter
1098 1673 1152 1705 nic
1168 1679 1261 1713 uota,
1286 1675 1386 1706 vittas
1410 1675 1539 1716 positas
1561 1676 1597 1707 in
1618 1675 1732 1708 luctu.¹

1682 972 1726 1004 In

1031 1725 1160 1756 Noster
1175 1723 1343 1765 Epicedio
1368 1726 1401 1756 in
1428 1725 1627 1758 Glauciam:
1650 1727 1729 1759 *Et

1029 1781 1118 1807 nnnc
1143 1775 1242 1817 (heu)
1269 1776 1365 1807 vittis
1394 1781 1429 1808 et
1453 1775 1575 1808 frontis
1601 1778 1728 1809 bonore

1028 1826 1151 1862 soluto,
1182 1825 1356 1858 Infaustus
1392 1832 1502 1867 vates,
1531 1836 1618 1859 vexo
1654 1835 1731 1860 mea

1029 1881 1169 1917 pectora
1185 1876 1320 1907 tecum.'
1369 1878 1497 1909 Noster
1513 1878 1669 1919 lacrymis
1685 1876 1733 1909 E:

1029 1927 1155 1959 trusci:
1179 1926 1350 1959 Pietatem
1372 1937 1448 1959 cnm
1473 1928 1558 1959 vitta
1582 1927 1625 1959 ad
1649 1936 1729 1958 exe-

1031 1979 1125 2021 q'uias
1158 1983 1279 2010 vocat:
1319 1977 1421 2010 ‘Huc
1447 1979 1570 2010 vittata
1596 1975 1727 2010 comam

1029 2025 1197 2070 niveoque
1212 2029 1351 2070 insignis
1366 2027 1492 2060 amictu
1508 2026 1654 2060 Mitibus
1669 2030 1728 2070 ‹²⁵11->

1030 2080 1141 2121 eqniis
1158 2079 1265 2111 ades.'
1289 2084 1325 2111 et
1340 2083 1418 2110 sunt
1435 2083 1609 2120 praeterea
1622 2077 1729 2117 scrip-

1031 2134 1141 2162 torum
1168 2130 1246 2170 loci,
1274 2127 1331 2170 qui
1355 2128 1535 2161 adstruere
1558 2128 1728 2168 videntur,

1030 2179 1134 2211 vittas
1149 2184 1316 2221 sumptas,
1333 2188 1400 2210 non
1422 2179 1549 2220 positas
1565 2178 1599 2209 in
1624 2178 1729 2211 luctu.

1031 2229 1185 2261 Bernart.
1691 2234 1694 2237 ·

1073 2282 1114 2311 37
1151 2279 1273 2319 DIgnis
1296 2278 1448 2319 vultibus]
1481 2276 1602 2317 Dignis
1631 2275 1730 2315 dixit,

1031 2339 1093 2370 pro
1109 2329 1195 2370 aptis
1213 2328 1436 2369 temporibus,
1457 2336 1498 2359 ac
1521 2335 1583 2368 per
1601 2326 1666 2358 hoc
1680 2326 1729 2357 la·

1030 2378 1296 2419 chrymantibus.
1319 2378 1412 2409 Lact.

1072 2432 1115 2460 39
1131 2430 1194 2460 Ceu
1208 2438 1288 2460 nova
1303 2431 1376 2459 tanc
1390 2427 1507 2469 clades]
1521 2426 1728 2467 Lachrym'as

1030 2479 1188 2511 orbitatis
1223 2477 1488 2518 ingredientium
1523 2475 1728 2518 Argivorum

1030 2536 1194 2560 renovare
1206 2527 1336 2558 solatia.
1359 2525 1526 2557 Naturale
1534 2526 1683 2557 estenim
1691 2528 1730 2557 nt

1030 2577 1218 2609 intermissa
1240 2577 1387 2607 lamenta
1409 2580 1621 2616 repetantur,
1651 2585 1730 2608 cum

1029 2627 1150 2668 aliquis
1180 2626 1359 2657 advenerit
1388 2630 1497 2657 notus.
1533 2626 1630 2666 Virg.
1659 2625 1730 2657 ‘Ut

1030 2686 1112 2708 vero
1127 2676 1250 2707 AEneas
1276 2675 1378 2707 tectis
1401 2683 1475 2707 sese
1497 2675 1621 2707 extulit
1637 2669 1728 2716 altis,

1031 2726 1212 2767 Ingentem
1237 2725 1399 2765 gemitum
1422 2724 1530 2757 tunsis
1546 2725 1589 2757 ad
1613 2725 1730 2758 sidera

1031 2774 1154 2809 tollunt
1170 2774 1400 2809 Pectoribus:
1421 2775 1523 2809 Idem.
