1878 3164
422 222 464 252 P.
495 219 687 252 PAPINH
719 217 886 252 STA'rn
918 219 1123 252 AcmLL.
1155 221 1254 253 mn.
1287 222 1342 253 11.

121 326 127 333 ,
151 313 320 348 Messenii
333 313 435 347 nullis
445 313 630 347 violatores
646 315 757 356 poenis
771 315 856 348 mul-

46 385 50 392 .
82 395 87 399 ,
153 369 300 406 tament,
315 363 500 397 conflatum
516 368 571 397 est
585 364 726 397 bellum.
754 366 854 398 Idem.

195 417 260 448 169
287 415 468 458 Interque]
503 414 693 455 Immiscet,
723 419 761 448 et
789 417 854 448 sal-

153 466 258 500 tando
272 466 440 509 implicat.
484 466 560 499 Suis
584 466 740 509 Amyclis]
762 468 853 500 Nam

148 517 304 559 ,Amycle
319 517 440 550 civitas
455 521 508 549 est
519 517 692 557 Laconiae,
704 517 762 549 ubi
779 517 853 549 haec

149 567 431 607 celebrabantur,
447 571 519 599 tota
535 571 648 599 autem
664 566 760 609 regio
776 567 852 599 Me·

150 617 240 650 nelei
254 617 402 660 imperio
417 617 564 650 subdita.
588 618 688 650 Idem.

192 671 253 702 161
294 667 402 709 Vim]
440 668 664 700 saltationum
705 668 852 700 alterna-

148 718 275 760 tiones.
296 719 398 751 Idem.

191 771 255 802 164
277 768 332 802 Sic
359 767 591 810 indigmntem]
625 768 684 801 Ita
707 767 852 811 (inquit)

147 828 187 853 se
201 818 353 852 habebat
369 817 522 852 Achilles
545 819 580 851 in
604 819 763 859 neglectu
785 819 850 850 sal-

145 869 303 909 tationis.
332 873 374 902 nt
401 869 591 910 Pentheus,
615 878 693 901 cum
720 868 850 901 Bacchi

146 920 316 954 sacrificia
329 920 547 961 contempsit.
574 919 663 957 Nam
675 918 850 951 Pentheus

147 971 308 1004 Echionis
323 975 362 1003 et
376 969 516 1012 Agaves
531 969 631 1010 fitius,
654 968 850 1002 Thebarum

146 1024 223 1063 rex,
239 1020 357 1054 Liberi
367 1020 478 1063 patris
494 1029 592 1053 sacra
610 1023 849 1061 contemnens,

146 1081 224 1108 mm
248 1080 291 1104 eo
315 1070 531 1110 accessisset,
547 1069 603 1102 ubi
618 1069 676 1102 illa
695 1069 850 1102 celebra-

145 1122 284 1164 bantur,
303 1121 347 1154 ab
370 1121 490 1164 Agave
515 1125 625 1153 matre
649 1121 851 1154 temulentia

147 1178 186 1208 et
209 1172 502 1215 fnrore percita,
529 1173 757 1214 interemptus
782 1176 850 1210 est,

144 1223 237 1257 unde
265 1234 287 1256 ι
315 1224 411 1257 lnctn
442 1223 584 1256 sortitus
622 1227 675 1255 est
704 1232 847 1255 nomen:

144 1282 224 1306 nam
241 1272 352 1307 πένθος
371 1273 541 1316 significat
560 1273 688 1305 luctum.
735 1274 849 1315 Pagus

149 1329 281 1366 antem,
292 1334 335 1357 ex
351 1334 418 1367 quo
429 1324 602 1356 Pentheus
612 1322 797 1364 deductus,
810 1328 848 1357 et

144 1373 342 1417 discerptus
357 1374 436 1415 fuit,
451 1374 572 1407 Scolns
593 1373 799 1415 appellatur,
811 1374 847 1405 in

145 1433 208 1458 ora
227 1424 359 1467 Asopia
386 1424 451 1458 snb
480 1424 696 1458 Cithaerone:
726 1428 847 1457 auctor

145 1479 203 1508 est
213 1475 350 1509 Strabo.
371 1475 472 1508 Idem.

185 1526 417 1567 walandum]
428 1525 628 1558 Laudentur
639 1524 743 1566 prins,
754 1525 846 1566 quod

141 1581 240 1608 recte
263 1577 377 1615 omnia
396 1575 558 1618 fecerint,
580 1576 707 1608 deinde
732 1576 847 1609 dimit-

143 1630 277 1659 tuntur.
299 1627 370 1660 Vct.
384 1626 490 1659 Sem.

187 1677 435 1719 mZHospitii]
459 1676 540 1710 Hoc
567 1676 657 1718 apud
687 1676 846 1719 antiquos

142 1728 289 1761 maxime
297 1727 559 1768 observabatur,
567 1731 606 1760 ut
613 1728 766 1768 hospites
776 1732 846 1760 tam

143 1778 315 1821 recipiens
329 1788 430 1821 quam
447 1783 607 1820 receptus
622 1778 769 1810 invicem
786 1778 845 1811 do-

142 1833 322 1871 narentur,
340 1833 380 1862 nt
399 1828 564 1870 virgilius
586 1828 728 1860 AEneam
752 1828 844 1870 apud

142 1878 328 1920 Didonem,
347 1884 386 1912 et
404 1879 487 1911 alias
509 1879 600 1920 apud
615 1877 777 1911 Acestem
792 1879 844 1911 in-

142 1929 256 1970 ducit,
267 1940 344 1973 qno
361 1929 453 1962 dona
466 1928 548 1970 ξένια
562 1929 786 1971 vocabantur,
807 1931 844 1963 id

142 1985 209 2021 est,
218 1980 412 2023 hospitalia,
422 1980 529 2022 ξένιος,
543 1981 735 2022 hospitalis,
750 1982 842 2014 unde

141 2029 217 2063 zelos
231 2029 336 2072 edum,
355 2031 507 2073 Jappiter·
526 2031 698 2072 hospitalis.
741 2031 843 2065 Labo-

140 2079 205 2122 ris]
221 2081 462 2114 Saltationnm.
485 2081 666 2114 Matumnt.

186 2133 251 2165 171)
271 2131 413 2172 Legunt]
436 2131 598 2174 Capiant.
618 2132 719 2165 Idem.

185 2183 248 2214 171
271 2180 393 2223 Rudis]
414 2181 641 2223 Lycomedes,
667 2192 733 2214 non
761 2193 843 2225 cog-

139 2240 286 2265 nosceus
305 2241 443 2264 causam
459 2232 635 2265 donorum.
659 2233 756 2267 Idem.

184 2286 248 2316 172
258 2282 413 2324 Varium]
432 2281 635 2324 Πολύτροπον
650 2283 841 2327 Homerus3

140 2333 234 2377 qnod
248 2334 372 2367 Horat.
389 2336 400 2352 ‘
414 2333 606 2376 duplicem’
619 2335 746 2369 vertit:
768 2336 779 2354 ⁴
794 2337 842 2369 Et

138 2393 275 2417 cursum
299 2384 449 2427 duplicis
476 2394 539 2426 per
560 2395 654 2418 mare
677 2386 840 2428 ulyssei:

138 2433 308 2467 ‘Varius'
327 2435 497 2467 hominem
515 2435 683 2478 ambiguae
699 2436 782 2470 fidei
803 2442 840 2470 et

137 2485 355 2526 versipellem
371 2485 540 2528 designat.
561 2487 678 2520 Barth.

182 2538 247 2568 1⁷4
270 2536 517 2578 Respondentia]
541 2536 719 2580 Sonantia,
747 2538 838 2581 quod

138 2586 276 2627 pulsata
289 2586 492 2619 reclament.
515 2587 696 2620 Matar-ant.

184 2638 248 2668 170
281 2635 396 2678 Arma]
433 2637 521 2670 Quae
549 2642 666 2670 tamen
697 2644 839 2681 propter

138 2682 307 2717 Achillem
323 2687 435 2727 posita
447 2690 558 2719 eraut.
580 2688 680 2721 Idem.

184 2737 246 2768 177
269 2736 315 2769 Aa
328 2736 421 2775 sem
448 2737 610 2779 AEncides]
644 2739 838 2781 Bellorum;

137 2794 216 2818 nam
239 2785 274 2818 in
294 2786 346 2819 his
366 2792 521 2822 versatus
544 2795 635 2832 erat,
655 2791 745 2824 unde
760 2801 838 2825 san-

1496 211 1611 255 2039

908 316 982 358 gnis
998 316 1032 348 in
1048 325 1089 349 eo
1104 315 1325 348 cernebatur.
1348 315 1448 347 Idem.

952 369 1013 399 181
1027 367 1193 408 Nusquam
1201 367 1350 398 mandata
1360 364 1517 406 parentis]
1527 364 1613 397 Sub-

907 417 1001 456 audi,
1030 420 1120 458 sunt,
1148 417 1184 448 id
1214 420 1280 456 est,
1309 415 1473 449 mandata
1494 416 1611 447 matris

906 467 1043 499 omnino
1081 466 1307 506 obliviscitur,
1344 475 1422 508 qnae
1456 466 1612 507 jusserat

906 527 982 550 eum
999 518 1116 550 habitu
1132 517 1283 550 femineo
1299 512 1372 550 illic
1388 516 1610 550 delitescere.

905 568 1061 601 Britanni.

948 622 1011 652 182
1042 619 1206 660 Nusquam
1230 619 1365 651 occultus
1392 616 1494 658 amor]
1527 617 1608 649 Non

904 669 1062 710 amplius,
1091 669 1218 711 inquit,
1258 669 1459 701 recordatur
1486 668 1609 700 amoris

903 719 1027 751 secreti
1042 719 1231 751 Deidamiae
1246 729 1330 760 suae,
1344 718 1406 750 sed
1421 722 1495 750 tota
1511 727 1608 749 mens

902 773 956 801 est
970 769 1063 801 circa
1078 769 1204 801 bellum
1220 768 1363 800 Iliense.
1387 768 1486 800 Idem.

947 821 1009 850 183
1036 819 1080 851 Ut
1094 818 1156 860 leo]
1181 819 1259 851 Hac
1275 818 1536 859 comparatione
1553 827 1605 850 os-

902 868 1028 909 tendit,
1051 869 1101 900 ita
1124 869 1166 900 ad
1192 878 1246 900 res
1270 869 1413 900 bellicas
1435 867 1607 901 Achillem

901 915 1046 950 excitari
1062 914 1214 950 amorum
1230 922 1385 960 aspectu,
1405 923 1444 950 ut
1459 919 1514 950 leo
1530 918 1607 960 jam

901 972 1098 1000 mansuetus
1114 968 1148 999 in
1164 968 1294 1000 caedem
1309 967 1478 1009 irritatur,
1496 968 1524 999 si
1545 968 1607 1000 do-

901 1018 1033 1050 mitoris
1058 1027 1151 1050 arma
1178 1018 1243 1050 sibi
1266 1017 1434 1050 minantia
1454 1017 1604 1060 aspexit.

900 1068 1002 1100 Idem.

904 1148 909 1151 .
944 1122 1006 1151 187
1030 1119 1064 1151 It
1078 1119 1191 1160 jurata
1204 1118 1306 1162 fides]
1330 1118 1365 1151 Si
1396 1117 1441 1150 ad
1469 1118 1604 1150 leonem

899 1169 1042 1211 referas,
1063 1170 1095 1202 id
1113 1175 1180 1210 est,
1197 1179 1295 1212 quam
1307 1169 1389 1210 jure
1406 1169 1440 1200 in
1456 1168 1604 1201 domito-

898 1229 970 1252 rem
992 1228 1131 1252 servare
1147 1220 1311 1259 debebat,
1322 1219 1350 1250 si
1362 1218 1405 1250 ad
1420 1217 1606 1257 Achillem,

898 1280 974 1312 quae
990 1271 1092 1303 matri
1107 1276 1144 1304 et
1158 1270 1349 1302 Deidamiae
1363 1268 1498 1301 sincere
1514 1279 1604 1310 prae-

897 1322 1019 1354 standa
1040 1321 1118 1354 fuit.
1163 1321 1213 1362 It]
1235 1320 1333 1360 Abit,
1355 1324 1392 1352 et
1418 1329 1485 1351 non
1513 1329 1603 1361 prae-

897 1377 1021 1405 statur.
1045 1372 1142 1404 Idem.
1186 1372 1221 1404 lt
1234 1371 1348 1410 jurata
1360 1369 1461 1413 fides]
1484 1368 1604 1401 Admi-

897 1422 1000 1454 simus
1016 1432 1036 1454 e
1052 1422 1171 1454 codice
1188 1422 1349 1454 Puteano
1364 1431 1373 1452 ε
1398 1421 1536 1461 Ejurata
1554 1420 1603 1463 fi-

895 1474 970 1504 des.-
1004 1473 1094 1515 quod
1126 1477 1196 1504 tam
1224 1475 1279 1504 est
1308 1472 1448 1513 elegans
1477 1471 1602 1513 ipsum,

896 1531 995 1564 quam
1020 1523 1175 1563 ineptum
1192 1522 1359 1553 alterum:
1382 1530 1495 1564 neque
1510 1521 1602 1553 enim

896 1572 951 1605 leo
978 1582 1123 1615 unquam
1147 1572 1343 1614 juraverat,
1371 1581 1435 1603 nec
1461 1572 1602 1604 memini

896 1623 1039 1664 legisse:
1073 1623 1100 1654 it
1112 1623 1220 1665 fides:
1256 1627 1293 1654 ut
1323 1622 1381 1662 sit,
1402 1622 1600 1664 negligitur,

895 1673 981 1713 abit,
1001 1673 1174 1715 abjicitur.
1233 1673 1312 1706 Nec
1335 1673 1438 1715 juvat
1456 1674 1603 1713 ,iuratam

894 1723 964 1756 dici
979 1724 1076 1766 quasi
1101 1725 1111 1742 ‘
1129 1723 1351 1766 promissam,'
1374 1725 1600 1767 utinterpre-

897 1779 991 1808 tatur
1004 1775 1226 1808 Scholiastes.
1262 1776 1296 1808 N
1300 1775 1432 1817 uspiam
1447 1776 1600 1809 invenies

893 1826 904 1844 ‘
915 1826 1053 1867 jurare’
1079 1836 1140 1868 pro
1167 1836 1372 1869 quocunque
1394 1827 1496 1859 modo
1520 1837 1599 1869 pro-

894 1877 1048 1918 mittere,
1073 1877 1134 1909 sed
1160 1877 1363 1919 promittere
1393 1878 1540 1910 testibus
1561 1883 1598 1911 et

894 1927 1086 1960 vindicibus
1102 1927 1168 1960 diis
1185 1927 1375 1960 advocatis.
1419 1927 1488 1960 Sed
1505 1928 1599 1970 ‘eju-

893 1977 989 2011 rare'
1005 1978 1149 2010 dicimus
1168 1985 1204 2011 et
1225 1989 1324 2011 omne
1339 1979 1388 2018 id,
1412 1980 1503 2021 quod
1520 1989 1597 2012 cum

893 2035 974 2062 ante
989 2029 1206 2062 habuerimus
1221 2034 1258 2062 et
1273 2040 1344 2072 proe
1360 2030 1458 2062 nobis
1480 2031 1598 2063 tuleri-

892 2089 980 2121 mus,
991 2080 1170 2122 abjicimus
1183 2085 1219 2113 et
1231 2081 1433 2113 omittimus.
1449 2081 1498 2113 Ut
1509 2082 1519 2099 ‘
1529 2082 1598 2123 eJu-

893 2141 970 2164 rare
983 2132 1104 2164 bonam
1116 2132 1263 2174 copiam,
1275 2132 1414 2169 liberos,
1426 2136 1595 2174 parentes,

893 2182 1071 2223 patriamz’
1093 2187 1130 2215 et
1145 2183 1196 2215 sic
1221 2185 1230 2201 ⁸
1247 2181 1376 2215 fidem.'
1401 2183 1539 2216 Gronov.

937 2235 998 2265 193
1023 2233 1184 2275 Semiferi]
1207 2233 1398 2273 Centauri3
1420 2243 1496 2265 nam
1522 2243 1596 2266 cor-

891 2284 984 2325 poris
999 2293 1077 2325 pars
1093 2283 1264 2326 posterior
1279 2284 1312 2315 in
1325 2293 1449 2326 equum
1462 2284 1597 2316 desine-

891 2334 965 2375 bat,
981 2335 1132 2366 anterior
1148 2344 1229 2367 vero
1244 2334 1278 2366 in
1293 2335 1463 2366 hominem
1479 2345 1597 2377 surge-

892 2384 962 2417 bat.
984 2386 1135 2418 Bm'tann.

935 2438 998 2468 194
1018 2436 1060 2468 Te
1075 2436 1196 2468 Dorica
1210 2435 1333 2477 classis]
1358 2435 1438 2468 Huc
1454 2436 1597 2478 respicit

891 2486 988 2527 illud,
1032 2486 1123 2528 quod
1163 2487 1319 2528 superius
1359 2487 1489 2519 dictum
1518 2493 1592 2519 est:

890 2538 901 2556 ‘
911 2537 1032 2570 Omnis
1043 2538 1076 2569 in
1086 2538 1262 2570 absentem
1275 2538 1356 2570 belli
1367 2548 1484 2570 manus
1496 2538 1598 2571 ardet

891 2588 1072 2628 Achillem,
1088 2590 1224 2622 Nomen
1243 2590 1382 2622 Achillis
1407 2596 1537 2631 amant,
1557 2595 1595 2623 et

891 2639 925 2670 in
945 2639 1100 2675 Hectora
1124 2640 1218 2671 solus
1241 2639 1395 2672 Achilles
1411 2640 1597 2675 Poscitur!

891 2690 992 2722 Idm.

934 2744 995 2774 195
1020 2742 1189 2783 Suspensus
1207 2741 1322 2783 signis]
1341 2742 1478 2783 Dubiis,
1493 2746 1529 2775 et
1544 2743 1595 2775 in-

890 2794 1006 2836 certis,
1030 2793 1126 2836 quasi
1149 2803 1225 2836 quoe
1242 2793 1324 2826 nihil
1341 2793 1468 2827 audeat
1484 2799 1519 2827 te
1536 2794 1594 2827 ab·
