1878 3164
426 228 469 259 P.
500 226 694 259 PAPIRI!
726 226 894 260 STA'ru
930 228 1136 260 Actum„
1170 230 1266 260 LIB-
1297 230 1350 260 11.

158 321 286 357 cedere
313 321 454 355 carbasa
481 322 611 364 ignota.
655 323 719 355 Sed
745 323 864 365 Graia]

104 374 109 380 “
159 371 400 416 cognoscebat
424 381 500 404 esse
523 372 661 415 Graeca,
677 374 738 407 sed
765 375 862 417 eujus

158 430 279 458 essent
290 424 480 457 nesciebat.
502 424 606 457 Idm.
847 459 853 466 κ

201 477 244 507 85
267 473 491 515 Segi-esem]
513 474 685 506 Paulatim
696 474 864 508 incedunt

158 525 382 567 nullosvigore
393 524 495 556 animi
507 529 654 559 ostenso.
675 525 746 558 Vct.
759 525 863 558 Schol.

202 578 246 609 ⁸⁷
267 575 398 608 Altam
411 584 551 607 sermone
560 575 687 616 serunt]
709 575 863 607 Verbum

158 626 212 660 rei
247 624 540 659 accommodatum
578 624 731 658 invenit:
775 625 863 658 bene

159 676 253 710 enim
272 675 362 708 dixit
379 679 512 715 serunt,
527 674 608 717 quia
630 684 789 716 campum
804 685 865 717 pa-

158 730 293 761 tentem
307 725 485 768 promisit,
497 728 670 766 sumptum
681 725 723 757 ab
733 726 865 766 agrico-

159 777 216 815 lb.
240 776 298 819 qui
322 784 424 818 agros
453 784 532 808 suos
559 775 689 808 semine
717 776 866 817 replent.

161 827 319 861 Britan.

203 879 248 910 89
267 875 429 917 Ambigua
455 874 514 907 rub
545 878 671 916 pectore
699 875 863 917 quiddam]

161 926 258 968 Lege
272 927 419 960 exuas.
443 931 482 959 et
495 925 708 959 Scholiaste:
733 936 866 968 numque

158 977 306 1018 ambiguo
330 977 388 1010 sub
414 980 538 1018 pectore
563 978 717 1018 qnondam
745 977 865 1015 Verso,-

158 1027 196 1062 id
213 1033 269 1062 est
274 1027 493 1071 jamdudum.
537 1028 587 1060 Ut
599 1029 610 1046 ‘
623 1027 722 1060 olim'
741 1028 775 1059 in
793 1027 865 1060 dic-

155 1083 200 1113 4ιο
210 1079 318 1122 genii,
328 1079 358 1111 si
368 1079 534 1112 credibile
548 1082 616 1120 est,
628 1078 720 1120 apud
737 1078 865 1111 Ammi-

160 1138 288 1163 annm:
322 1129 454 1171 ‘oliuu
476 1129 630 1171 suusne,
656 1129 864 1162 vestibulum

161 1179 286 1215 odium
303 1184 441 1212 tuarum
455 1179 604 1212 observo
619 1180 782 1220 latenter,
806 1190 865 1211 au-

155 1238 245 1272 gere
260 1234 354 1263 tuam
368 1230 519 1273 gestiens
530 1229 760 1272 dignitatem?
783 1230 866 1261 Gro-

159 1290 232 1314 nov·

202 1333 247 1364 41
269 1331 483 1372 nautasque
503 1331 611 1373 terga]
633 1331 675 1363 Id
692 1335 760 1372 est,
778 1335 866 1373 tym-

160 1388 251 1422 pana
276 1390 366 1423 quae,
390 1383 430 1413 ut
451 1380 612 1422 diximus,
632 1381 668 1413 in
684 1381 790 1414 saeris
805 1381 864 1413 ad-

160 1430 384 1472 hibebantur,
406 1431 596 1474 improprie
621 1437 735 1464 tamen
765 1437 866 1474 terga

162 1481 255 1516 dixit
269 1492 331 1524 pro
347 1487 499 1524 tergora.
521 1482 679 1515 Britanna.

201 1533 247 1565 ⁴2
271 1532 430 1565 Nebridas
443 1532 535 1574 aare]
559 1532 677 1564 Pelles
692 1532 867 1565 Bacchan-

161 1582 248 1615 tium
259 1582 435 1623 intelligit.
480 1581 648 1623 Papinius
663 1582 728 1613 hoe
744 1582 865 1614 eodem

160 1632 270 1666 libro:
291 1633 303 1650 ‘
315 1632 365 1665 Ut
385 1641 468 1664 vero
483 1641 504 1664 a
528 1632 632 1664 tereti
652 1631 783 1663 dimisit
807 1641 866 1663 ne-

161 1683 262 1716 brida
275 1682 386 1716 cono:
421 1682 584 1715 Tacitus:
601 1683 611 1700 ‘
626 1682 776 1714 Feminae
792 1683 867 1723 pel-

161 1733 252 1766 libus
276 1733 441 1766 accinctas
463 1732 676 1765 assultabant
693 1733 786 1764 velut
811 1743 865 1764 sa-

161 1782 356 1816 enecantes
378 1782 435 1815 vel
457 1782 668 1815 insanientes
690 1782 868 1816 Bacchae!

160 1831 339 1866 videndus
354 1832 418 1865 tibi
439 1832 575 1865 omnino
590 1831 781 1864 Athenaeus
805 1833 866 1867 lib.

162 1891 248 1916 και.
263 1893 330 1926 quo
344 1882 389 1916 de
404 1882 572 1926 Pyrrbiea
582 1883 767 1918 saltatione
781 1883 865 1925 agit·

161 1935 317 1969 Barnun.

202 1989 246 2020 4⁸
283 1986 388 2019 Hisne
418 1985 566 2027 paoem]
607 1985 865 2028 Interrogative

161 2035 459 2078 pronunciandum
479 2040 545 2076 est,
560 2036 656 2077 quasi
680 2036 790 2077 dieat,
813 2037 866 2069 his

161 2086 266 2119 armis
281 2085 434 2119 Achilles
447 2086 626 2118 armandus
636 2096 703 2119 uon
719 2091 772 2119 est
785 2096 866 2119 con-

161 2140 219 2170 tra
230 2136 408 2178 Trojanos.
429 2136 585 2170 Britann-
617 2170 620 2173 ,
723 2152 729 2156 -

204 2188 250 2219 46
289 2187 384 2219 Uaro
410 2186 596 2228 confessum]
635 2187 868 2228 Praeoccupat

161 2236 290 2270 futura.
321 2237 411 2271 Nam
431 2237 599 2278 Achilles,
617 2237 734 2269 harum
754 2247 867 2270 rerum

162 2288 360 2322 ostensione
389 2294 520 2330 spreta,
549 2293 685 2321 scutum
710 2293 747 2321 et
771 2299 868 2320 arma

162 2338 294 2381 capiet,
323 2345 363 2372 ut
399 2340 436 2372 in
465 2339 694 2382 sequentibusv
717 2339 867 2381 patebit.

204 2443 248 2473 66
271 2440 411 2472 Nomina
433 2441 570 2483 quoems]
591 2441 639 2481 Si,
663 2439 789 2482 inquit,
810 2448 867 2472 eo-

161 2498 237 2523 rum
251 2499 370 2532 regum
394 2490 557 2523 audivisti
575 2490 724 2531 nomina,
743 2490 868 2532 quibus

162 2539 376 2581 potissimum
391 2540 535 2573 confidit
551 2540 799 2582 Agamemnon,
812 2541 867 2573 hie

163 2593 220 2622 est
236 2589 425 2623 Diomedes
441 2600 527 2623 unus
543 2599 587 2623 ex
603 2591 669 2622 illis
684 2590 736 2623 vir
752 2589 867 2622 fortis·

164 2639 284 2680 simus,
297 2649 400 2682 quem
409 2641 548 2682 Tydeus
561 2641 681 2682 genuit
692 2640 867 2673 meliorem

165 2688 210 2727 de
223 2693 322 2722 tanta
336 2690 458 2732 stirpe,
472 2691 507 2723 id
523 2696 578 2724 est
600 2691 644 2723 de
660 2691 750 2724 omui
765 2691 868 2723 turba

163 2739 380 2782 urceorum,
389 2741 488 2783 quasi
499 2741 593 2774 dicat
609 2741 652 2773 de
662 2742 755 2774 omni
770 2742 868 2775 Grae-

163 2798 282 2824 eorum
325 2791 545 2826 multitudine
583 2792 774 2826 Diomedes
812 2797 866 2827 est

1501 219 1617 263 2035

914 326 1148 366 praestantior.
1172 325 1273 358 Idem.

956 377 998 407 58
1022 375 1124 407 Tanta
1151 374 1265 416 stirps]
1297 375 1411 418 Stirps
1434 375 1617 409 Diomedis

911 426 1059 467 hdeus,
1072 436 1139 468 qua
1153 427 1288 467 genitus
1305 431 1371 460 est.
1412 427 1542 458 Melior
1557 437 1616 459 au-

911 480 983 508 tem
998 476 1181 508 dicebatur
1195 482 1306 518 patre,
1321 487 1492 509 armorum
1510 478 1616 510 virtu-

912 530 960 558 te.
1002 526 1093 558 Nam
1117 527 1203 558 alias
1233 526 1336 559 facile
1362 531 1508 568 poterat,
1539 538 1616 560 cum

913 586 977 617 pro
1000 575 1154 617 improbo
1178 577 1312 609 bomine
1338 577 1545 610 decantatus
1572 579 1619 611 sit

912 626 1048 668 Tydeus
1081 627 1251 669 AEschylo,
1286 628 1366 661 Val.
1404 629 1544 669 Flacco,
1581 634 1618 661 et

914 678 1002 710 aliis.
1035 677 1165 710 Auson.
1188 679 1197 696 ‘
1211 676 1378 711 conditus
1393 679 1449 711 liic
1461 680 1619 720 genitore

914 728 1006 760 bono
1032 728 1153 760 melior
1182 729 1384 771 Diomedes,
1412 730 1550 761 Crimen
1573 729 1618 762 ob

915 778 1031 810 uxoris
1047 780 1164 819 pulsus
1180 779 1352 811 dotalibus
1364 779 1478 820 agris.¹
1502 779 1620 812 Barth.

956 831 998 860 63
1035 829 1161 870 Medio]
1198 829 1277 860 Non
1314 833 1503 870 expectata
1536 828 1618 869 fine,

915 879 1013 921 quasi
1029 889 1096 912 non
1118 886 1243 921 putans
1266 880 1447 911 honestum
1472 879 1620 912 libenter

916 931 1058 962 aliorum
1087 935 1223 962 secreta
1244 930 1377 969 audire,
1404 931 1500 971 quasi
1524 930 1618 962 dice-

917 984 984 1019 ret,
995 980 1158 1022 quiequid
1175 980 1220 1011 sit
1234 980 1291 1011 Dii
1307 980 1514 1019 secundent,
1529 980 1620 1012 inte-

915 1029 978 1061 rim
995 1031 1129 1061 domum
1145 1039 1256 1061 meam
1270 1030 1398 1061 venies.
1447 1028 1561 1069 Vagis]
1579 1028 1620 1061 ld

917 1085 970 1111 est
985 1079 1059 1120 ipse
1075 1089 1193 1120 vagus.
1214 1080 1396 1112 Maturant.

957 1132 1001 1161 66
1022 1130 1203 1171 illustrate]
1234 1130 1342 1164 Quasi
1366 1129 1519 1163 adventu
1545 1139 1620 1162 ves-

916 1185 970 1213 tro
984 1186 1116 1214 ornate.
1139 1181 1239 1214 Idem.

958 1234 1001 1263 ⁷2
1029 1232 1123 1264 Velut
1136 1231 1206 1272 ille]
1229 1231 1395 1264 Abundat
1409 1232 1474 1264 ille.
1517 1231 1620 1264 >Ordo

915 1285 970 1313 est
984 1292 992 1314 :
1010 1282 1095 1314 Adit
1107 1282 1248 1323 Ulysses
1268 1287 1356 1314 totos
1370 1282 1534 1322 Penates,
1549 1282 1621 1314 vel-

915 1331 967 1363 uti
985 1335 1128 1364 venator
1143 1338 1263 1363 tenens
1279 1333 1406 1364 cubilia
1426 1333 1552 1374 praedae
1569 1333 1621 1364 in-

915 1381 1086 1424 dubitata,
1110 1382 1197 1424 legit
1217 1392 1299 1415 arva
1323 1383 1433 1415 multo
1457 1383 1622 1414 Molosso.

913 1431 1068 1464 Britann-

957 1484 999 1513 ⁷3
1014 1481 1126 1523 Legit]
1142 1482 1333 1514 Percurrit.
1356 1482 1509 1523 Molosso]
1527 1482 1622 1514 Cane

915 1531 1116 1571 Epirotico;
1161 1542 1237 1563 nam
1268 1532 1430 1563 Molossia
1459 1542 1538 1574 pars
1568 1538 1622 1565 est

916 1581 1017 1622 Epiri
1034 1581 1172 1622 optimis
1188 1582 1329 1613 canibus
1346 1582 1501 1623 insignis.
1523 1583 1622 1624 Virg.

920 1631 931 1648 ‘
944 1630 1139 1672 Acremque
1169 1631 1359 1663 Molossum
1396 1632 1509 1664 Pasce
1548 1643 1623 1665 sero

916 1680 1058 1723 pingui.’
1081 1681 1183 1713 Idem.

957 1734 999 1763 75
1022 1730 1224 1772 Por-rectum]
1260 1732 1492 1770 Prostratum‚
1509 1733 1621 1765 fusum

914 1781 1019 1813 humi.
1041 1781 1143 1814 Idem.

957 1834 1001 1864 79
1023 1831 1122 1873 Jure]
1146 1832 1287 1872 Merito,
1315 1836 1353 1864 ut
1375 1832 1479 1865 decet
1500 1833 1621 1866 mulie-

915 1883 1012 1919 brem
1029 1892 1146 1915 sexum
1171 1883 1306 1915 timere.
1351 1883 1452 1924 Alia]
1485 1884 1623 1916 Praeter

914 1932 1097 1966 Achillem.
1119 1934 1245 1965 Μαίων.
1304 1934 1370 1966 Vix
1391 1933 1497 1975 caelat]
1530 1934 1622 1967 Quin

915 1984 989 2025 ipse
1013 1985 1194 2026 eloquatur
1220 1988 1256 2015 et
1280 1984 1393 2025 palam
1421 1993 1458 2016 se
1482 1983 1620 2025 prodat.

916 2033 1038 2074 Nouos]
1077 2034 1207 2067 Quales
1238 2039 1319 2066 ante
1344 2043 1517 2076 nunquam
1541 2044 1622 2067 con-

915 2088 1087 2125 spexerat.
1117 2084 1156 2116 V.
1172 2083 1210 2116 S.

958 2137 999 2166 81
1029 2135 1087 2167 Vel
1100 2134 1190 2175 talis]
1214 2134 1330 2166 Etiam
1347 2135 1438 2175 talis,
1455 2135 1490 2166 id
1507 2139 1573 2173 est,
1588 2135 1622 2167 iu

914 2185 1038 2218 habitu
1054 2185 1227 2225 muliebri,
1245 2186 1334 2227 quod
1350 2186 1543 2218 dedecebat
1556 2185 1624 2218 for-

918 2241 986 2268 tem
1004 2236 1113 2268 virum
1130 2236 1220 2268 viros
1237 2235 1347 2268 fortes
1363 2235 1398 2266 in
1412 2235 1532 2267 babitu
1549 2246 1621 2268 mu-

916 2286 1018 2318 liebri
1035 2286 1163 2319 videre.
1212 2285 1284 2326 Vel]
1310 2286 1403 2327 Ergo
1427 2295 1490 2327 pro
1506 2287 1623 2320 etiam.

916 2337 1106 2379 Virgilius:
1135 2337 1230 2368 ‘Vel
1257 2337 1397 2370 Priamo
1428 2338 1624 2370 miseranda

915 2387 1060 2420 manus!
1084 2388 1264 2419 Maturant.

959 2441 1001 2470 83
1025 2438 1190 2479 lrejubet]
1207 2437 1248 2469 Id
1261 2442 1327 2477 est,
1340 2438 1478 2479 prodire
1495 2438 1528 2470 iu
1541 2448 1623 2470 con-

916 2494 1073 2531 spectum
1086 2488 1294 2520 advenarum
1308 2489 1452 2529 Regum.
1473 2489 1511 2522 V.
1520 2489 1625 2523 Scluat.

959 2543 1002 2572 84
1024 2539 1168 2572 Subeunt
1182 2539 1302 2580 quales]
1338 2541 1389 2571 Eo
1404 2540 1553 2582 (inquit)
1570 2550 1623 2573 or-

917 2591 998 2623 dine
1012 2600 1047 2622 se
1064 2590 1239 2622 habebant
1255 2591 1377 2631 puellae
1395 2591 1497 2631 regiae
1515 2591 1549 2622 in
1565 2600 1624 2623 ac-

917 2641 1112 2682 cubatione,
1128 2650 1196 2682 quo
1221 2639 1410 2672 Amazones
1436 2650 1512 2672 cum
1539 2650 1622 2682 epu-

915 2692 1042 2725 lantur.
1087 2691 1241 2733 Haecque
1266 2692 1478 2733 comparatio
1498 2692 1533 2724 in
1556 2692 1622 2724 boc

917 2747 983 2783 est,
997 2747 1035 2773 ut
1055 2742 1247 2783 puellarum
1267 2741 1554 2774 discumbentium
1571 2751 1624 2773 os-

917 2792 1041 2826 tendat
1064 2802 1255 2834 numerum,
1278 2796 1314 2825 et
1340 2793 1496 2826 ordinem
1520 2792 1623 2826 deco-
