1878 3164
645 213 686 243 P.
718 209 914 243 rammi
947 208 1130 242 svam.
1494 197 1611 241 2057

631 376 779 416 AETAS
813 375 868 415 11.
900 346 1128 414 ΑΕΒΙΝΑ.
1154 407 1156 410 .

746 440 1026 479 1502--1600.

155 559 206 598 ab
229 555 335 596 Aldo
366 554 564 603 Manutio‚
599 551 667 605 qui
699 565 764 591 an.
799 553 916 592 1502.
956 551 1125 590 Statium
1155 551 1277 598 dedit,
1308 551 1424 590 etiam
1461 551 1618 603 conjec-

152 621 252 662 turis
269 620 566 663 correctiorem
604 617 740 670 majori
757 616 850 655 dein
870 615 1077 668 diligentia
1100 617 1216 655 1519.
1238 629 1354 668 quem
1372 616 1497 655 secuti
1525 623 1618 655 sunt

151 684 503 739 Argentoratensis
519 682 716 729 Schureri,
735 680 970 720 Parisiensis
991 680 1172 728 Colinaei,
1194 680 1433 720 Basilienses
1453 678 1620 719 Henric-

149 748 548 805 petrigGryphianae.
597 746 852 785 Plautiniana
871 744 1064 784 Bernartii
1091 744 1210 796 vulgo
1242 743 1440 792 laudatur,
1459 743 1621 784 Barthio

153 813 349 868 culpatur.
397 813 457 852 Ea
475 825 569 852 vero
588 811 756 864 repetita
773 810 892 850 etiam
912 809 1097 862 Lugduni
1117 815 1158 848 et
1174 809 1367 848 venetiis.

211 879 316 919 1602
344 877 491 919 Aldina
513 889 545 918 1.
563 877 603 916 8.
622 875 671 915 P.
691 874 791 928 Pap.
824 874 940 913 Statii
961 874 1167 927 Sylvarum
1187 873 1479 926 libriquinque.
1517 872 1618 912 The·

150 941 295 997 baidos
329 942 418 982 libri
440 954 526 982 xn-
582 938 820 979 Achilleidos
852 951 906 978 11.
947 938 992 976 In
1025 938 1123 977 fine:
1162 937 1356 986 Venetiis,
1385 937 1426 976 in
1463 936 1618 978 aedibus

155 1005 250 1052 Aldi
268 1019 407 1047 mense
425 1005 610 1059 Augusto
633 1005 751 1044 1502.
753 1001 935 1042 —Marci
952 1002 1107 1041 Musuri
1125 1001 1419 1055 Orthographia
1434 1002 1616 1041 Statiana

150 1059 248 1113 huic
265 1069 427 1120 editioni
437 1069 617 1123 subjecta
635 1074 710 1107 est.
766 1066 913 1106 Extat
903 1079 943 1105 m
962 1065 1067 1107 Bibl.
1089 1065 1283 1118 Goetting.

213 1136 315 1176 1508
344 1135 488 1174 Venet.
507 1132 677 1173 Luctatii
696 1131 850 1172 scholia
879 1131 920 1170 in
958 1131 1141 1172 Statium.
1162 1144 1228 1184 ap.
1250 1130 1410 1173 Aldum.
1446 1129 1538 1170 Vid.
1556 1130 1621 1169 Jo.

70 1176 78 1185 ¹
157 1200 327 1251 mas-on
347 1199 388 1239 in
407 1199 514 1238 nist.
538 1197 637 1239 orit.
657 1197 774 1253 Reip.
794 1196 940 1235 literar.
960 1196 1032 1234 To.
1049 1209 1081 1236 1.
1096 1209 1138 1248 p.
1161 1196 1252 1234 191.

209 1287 264 1295 -
290 1264 461 1312 Veneta,
477 1262 546 1302 fol.
565 1275 636 1316 per
655 1261 793 1301 Barth.
813 1260 863 1300 de
882 1260 1014 1300 Zanis.

193 1330 317 1369 1517
346 1320 512 1381 Argent.
534 1339 598 1381 ap.
619 1326 808 1365 Lazarum
829 1325 1078 1374 Schurerum,
1098 1327 1138 1364 4.
1160 1323 1404 1363 Achilleidos
1424 1323 1493 1364 lib.
1519 1337 1571 1362 11.

218 1394 322 1434 1519
350 1391 498 1432 Aldina
518 1404 570 1431 11.
588 1393 611 1430 8
616 1390 892 1444 .—-Sylvarum
910 1389 997 1430 libri
1016 1403 1055 1430 v.
1074 1387 1318 1428 Achilleidos
1339 1388 1427 1427 libri
1448 1401 1502 1428 11.
1520 1387 1624 1427 The-

160 1456 301 1500 baidus
319 1456 408 1496 libri
427 1469 512 1496 xu.
543 1455 839 1508 orthographia
854 1462 895 1494 et
911 1454 1037 1494 flexus
1055 1453 1270 1492 dictionum
1292 1453 1522 1492 Graecarum
1543 1465 1625 1491 om-

157 1521 266 1561 nium
285 1520 394 1575 apud
413 1520 597 1568 Statium,
615 1533 706 1559 cum
733 1518 962 1559 accentibus
983 1525 1023 1557 et
1042 1517 1252 1570 generibus
1275 1530 1323 1556 ex
1343 1517 1461 1556 variis
1481 1517 1625 1556 utrius-

157 1599 235 1640 que
266 1585 415 1639 linguae
453 1583 799 1624 auctoribus.——In
825 1584 903 1622 fine
920 1596 930 1622 :
959 1582 1150 1629 Venetiis,
1184 1582 1225 1621 in
1259 1581 1412 1621 aedibus
1445 1581 1553 1630 Aldi,
1585 1589 1626 1620 et

157 1649 331 1690 Andreae
363 1648 512 1696 Soceri,
535 1660 672 1688 mense
702 1646 893 1687 Januario
923 1647 1040 1686 1519.
1048 1646 1213 1685 —Hanc
1245 1645 1454 1685 editionem
1488 1645 1626 1698 majori

157 1699 379 1769 diligentia,
395 1724 514 1769 quam
533 1711 630 1752 edit.
650 1724 688 1752 a.
714 1713 832 1752 1502.
851 1711 956 1765 typis
972 1723 1198 1764 expressam
1227 1723 1330 1758 esse,
1351 1710 1594 1750 affirmatur
1584 1723 1625 1748 in

159 1778 302 1819 Franc.
330 1776 497 1818 Asulani
528 1774 698 1829 epistola
725 1775 818 1816 huic
850 1776 1012 1816 editioni
1043 1776 1263 1828 praemissa.
1321 1775 1471 1814 Extat
1461 1788 1501 1814 in
1522 1766 1624 1814 Bibl.

157 1840 355 1883 illustriss.
376 1841 616 1894 Heideggeri
635 1841 741 1881 Trib.
762 1840 895 1880 Turic.

218 1908 321 1946 1530
348 1905 476 1946 Paris.
506 1905 676 1945 Colinaei
696 1919 728 1946 1.
750 1906 790 1944 8.
810 1905 927 1945 Statii
953 1917 1074 1958 opera
1104 1905 1251 1952 omnia,
1284 1903 1378 1944 item
1409 1903 1627 1956 Orthogra·

160 1970 255 2024 phia
272 1977 316 2011 et
329 1971 458 2011 flexus
479 1969 696 2010 dictionum
715 1969 946 2010 Graecarum
976 1968 1083 2023 apud
1111 1969 1295 2008 Statium.
1316 1981 1380 2022 ap.
1402 1969 1499 2009 Sim.
1520 1969 1627 2008 Coli-

159 2048 306 2076 neum.

191 2147 194 2149 Α
219 2100 319 2140 1531
353 2098 475 2139 Basil.
497 2113 529 2140 ι.
546 2101 584 2140 8.
606 2098 654 2140 Ρ.
675 2099 722 2139 Ρ.
741 2098 858 2140 Statii
876 2111 1008 2152 opera.
1063 2099 1123 2138 Ex
1144 2098 1235 2138 Cat.
1254 2097 1357 2139 Bibl.
1378 2098 1420 2138 S.
1435 2099 1474 2138 J.
1497 2098 1624 2137 Mont.

160 2174 254 2217 pag.
267 2163 367 2215 ¹174.

220 2228 318 2266 1541
351 2225 473 2266 Basil.
494 2239 552 2267 11.
574 2227 612 2266 8.
630 2239 694 2283 ap.
712 2227 873 2268 Henric.
894 2227 1015 2269 Petri.

220 2293 322 2332 1542
351 2290 517 2331 Witteb.
539 2291 876 2332 8.—-Achilleidos
896 2292 986 2332 libri
1006 2291 1100 2332 duo.

154 2403 158 2406 ι
219 2357 320 2395 1547
351 2354 537 2410 Lugdun.
558 2369 627 2396 seu
648 2356 878 2411 Gryphiana
900 2371 931 2397 1.
951 2370 1014 2410 ap.
1036 2357 1194 2398 Sebast.
1215 2353 1447 2408 Gryphium.

222 2421 326 2460 1559
355 2419 589 2475 Gryphiana
608 2434 661 2462 11.
689 2423 751 2462 12.
773 2434 838 2475 ap.
858 2421 1026 2462 heredes
1048 2421 1141 2461 Seb.
1163 2419 1344 2474 Gryphii.

219 2483 324 2525 1595
351 2484 608 2524 Plautiniana
627 2499 659 2525 1.
680 2486 889 2527 Bernartii.
911 2487 1032 2527 Antv.
1055 2488 1092 2526 8.
1111 2485 1158 2524 P.
1179 2485 1226 2525 P.
1248 2483 1363 2523 Statii
1383 2496 1515 2536 opera,
1535 2497 1625 2536 quae

164 2555 314 2589 extant.
343 2549 410 2589 Jo.
428 2549 656 2590 Bernartius
675 2550 729 2590 ad
748 2551 868 2591 libros
886 2559 1039 2592 veteres
1053 2549 1264 2598 recensuit,
1279 2555 1319 2588 et
1337 2548 1498 2588 scholiis
1512 2548 1624 2587 illus-

164 2613 294 2652 travit.
327 2614 446 2653 Antv.
463 2626 512 2653 ex
531 2614 634 2655 offic.
655 2615 832 2656 Plantin.
852 2615 985 2655 Vidua
996 2622 1036 2655 et
1054 2615 1120 2655 Jo.
1134 2614 1326 2654 Moretus.
1354 2612 1447 2654 Vid.
1463 2613 1554 2653 Cat.
1574 2612 1624 2652 de

164 2677 205 2716 la
222 2675 326 2718 Bibl.
346 2677 399 2717 du
421 2678 511 2719 Rei.
533 2678 664 2719 Belles
684 2680 806 2721 Lettr.
825 2681 873 2720 T.
895 2694 926 2720 1.
943 2694 984 2733 p.
1006 2681 1099 2719 323.

221 2741 327 2781 1598
356 2742 488 2798 Lugd.
511 2745 573 2787 12.
609 2737 710 2801 Rep.
731 2745 828 2804 edit.
851 2745 1044 2785 Bernartii
1064 2744 1186 2784 Antv.
1212 2744 1328 2783 1595.
