1878 3164
284 223 399 268 1928

329 332 392 362 463
415 330 453 362 Si
466 331 566 362 tenuis
581 330 703 362 demisit
718 330 835 363 lumina
847 331 987 373 somnus]

287 379 329 412 Id
345 384 414 421 est,
427 380 456 412 si
472 380 514 412 ad
530 389 684 422 soporem
699 390 719 412 a
729 381 839 422 rigore
856 380 986 422 vigilia-

287 441 362 463 rum
378 431 527 462 laxavit:
542 431 571 462 si
586 431 669 463 levis
681 440 764 472 ergo
779 441 915 463 somnus
927 441 986 464 eos

285 481 510 523 oppresserit,
533 480 736 513 videbantur
760 481 828 513 sibi
849 481 987 514 bellare.

288 531 385 563 Idem.

329 584 395 614 468
409 581 478 614 Aut
491 582 614 623 utrique
627 551 762 624 putrem]
774 582 862 616 Quia
873 582 988 615 ambo-

288 631 350 663 bus
362 630 498 664 fuerat
490 632 654 664 mimicus.
686 631 762 673 Ille]
771 631 917 674 OEdipus
928 642 989 675 pa

289 686 353 714 ter.
377 682 477 714 Idem.

329 734 394 763 471
421 732 532 763 Tumet
553 732 627 771 igne
647 732 775 775 fitam]
797 733 927 766 Allnsio
951 739 988 767 et

288 782 383 813 color
394 781 483 813 illius
499 783 509 800 ³
519 782 710 814 Pallentem
724 788 834 816 morte
846 783 988 818 futura?

288 831 511 872 Splendorem
537 832 626 863 enim
654 833 743 864 Solis
770 835 987 875 resplendere

290 882 466 914 Oceanum
482 881 578 923 facit,
591 888 625 914 et
640 883 688 914 sic
704 884 731 914 is
748 887 881 916 tumere
897 884 988 917 vide·

289 937 356 965 tur.
384 933 453 965 Vet⁴
469 932 576 964 Schol.
619 933 661 965 In
685 934 816 974 optimo
843 935 986 976 aliisque

288 985 465 1017 codicibus
481 989 554 1018 est:
578 986 722 1026 cumJ'am
738 989 835 1019 tumet
849 987 987 1027 igmfu-

288 1039 366 1067 turo.
396 1035 481 1068 Cum
497 1036 628 1077 glossa:
655 1037 790 1078 Futuro]
813 1037 986 1070 Proximo.

288 1087 427 1119 Pariter
442 1087 499 1119 lib.
514 1096 583 1119 ΧΠ.
599 1090 733 1120 vs.760.
753 1088 763 1105 ‘
778 1088 856 1121 Jam
886 1089 987 1121 letale

288 1135 405 1168 furens
433 1141 538 1178 atque
566 1137 677 1168 audax
707 1142 817 1170 morte
845 1137 988 1171 futura-¹

290 1189 346 1220 Sic
372 1188 526 1219 scribunt
549 1192 584 1220 et
607 1189 837 1230 Bernartiani,
864 1190 987 1222 Linde-

291 1238 446 1280 brogiani
462 1243 497 1270 et
510 1238 703 1271 Behotiani.
728 1239 846 1270 Barth.

331 1290 394 1320 472
412 1287 593 1328 Reclusum]
607 1288 697 1321 Quia
714 1288 823 1329 ipsum
841 1289 989 1330 partitur

289 1339 416 1370 solem:
441 1339 514 1370 sive
539 1338 716 1370 sedatum:
741 1339 872 1371 oriente
898 1340 988 1372 enim

290 1389 360 1421 sole
378 1394 566 1430 tempestas
583 1390 737 1431 quiescit.
767 1390 911 1423 Luctant.

332 1442 397 1471 474
413 1439 541 1480 Obsita]
552 1440 659 1480 Nigro
675 1441 800 1472 amictu
818 1445 922 1473 tecta.
934 1442 986 1474 Id.

330 1493 393 1523 477
431 1490 677 1531 Antiquissima]
714 1491 827 1523 Furius
855 1492 989 1525 addidit

289 1541 468 1581 insaniam,
484 1550 556 1573 eam
574 1542 787 1583 potissimum
813 1543 988 1575 nominan-

289 1591 346 1631 do,
362 1601 463 1634 quam
484 1591 709 1624 crudeliorem
734 1593 890 1624 omnibus
913 1602 987 1626 esse

289 1642 481 1675 constabat.
526 1642 661 1674 Etenim
685 1641 808 1674 Alecto
823 1643 987 1685 antiquis-

238 1722 241 1724 .
289 1692 421 1732 simam,
434 1693 528 1734 quasi
540 1697 621 1724 natu
633 1692 808 1734 maj0rem,
820 1694 927 1725 dixit:
944 1695 987 1726 de

288 1753 357 1785 qua
381 1743 561 1785 Virgilius:
595 1743 706 1776 ‘Odit
730 1749 766 1775 et
789 1744 861 1786 ipse
890 1750 989 1786 pater

289 1795 432 1835 Pluton,
446 1795 547 1827 odere
561 1794 716 1827 sorores!
729 1795 827 1828 Idem.

332 1848 398 1878 479
420 1846 517 1877 Nata·
538 1845 647 1878 melior
661 1844 732 1884 jam
746 1846 854 1887 sexus]
879 1847 989 1880 Quam

289 1895 471 1937 parricidae
488 1894 560 1926 filii.
586 1895 658 1927 Vet.
673 1894 774 1928 Sclwl.
820 1895 988 1938 Intelligit

291 1950 406 1978 autem
432 1955 565 1977 sorores
591 1946 760 1978 Ismenem
781 1949 817 1978 et
843 1946 988 1989 Antigo-

289 2007 366 2029 nam
382 1997 535 2030 Jocastae
550 1995 650 2029 filias.
686 1997 774 2029 Vide
790 1995 990 2039 Apollodor.

290 2046 410 2087 Higin.
426 2056 504 2088 cap.
519 2049 574 2078 67.
612 2046 760 2088 OEdipus
775 2056 917 2088 regnum
934 2058 990 2089 pa-

290 2102 421 2130 ternum
445 2102 481 2129 et
505 2097 677 2130 Jocastam
701 2102 844 2129 matrem
866 2098 990 2131 inscius

288 2148 426 2189 accepit
454 2156 606 2187 uxorem,
634 2155 678 2178 ex
705 2156 771 2188 qua
795 2149 991 2188 procreavit

289 2198 457 2230 Eteoclen
482 2201 518 2228 et
540 2196 742 2238 Polynicen,
767 2196 936 2229 Ismenem
954 2203 991 2230 et

288 2247 510 2289 Antigonam.
551 2246 642 2279 Vide
664 2251 700 2279 et
720 2246 861 2279 Diodor.
885 2248 989 2282 Sicul.

288 2300 348 2332 lib.
366 2308 418 2331 tv.
456 2299 544 2331 Haec
558 2298 636 2330 ideo
651 2307 895 2335 asseveramus,
911 2299 990 2341 quia

289 2349 428 2381 Ismene
449 2358 468 2380 a
484 2348 598 2379 multis
614 2347 829 2380 obliteratur.
851 2349 967 2381 Barth.

331 2403 396 2432 484
417 2399 552 2440 Aliquod
568 2399 625 2438 jus
647 2397 850 2438 exsecrabile]
873 2398 989 2432 Quod-

291 2459 425 2491 cunque
442 2449 589 2489 tandem,
604 2458 670 2480 non
696 2453 811 2490 potest
827 2449 893 2480 nisi
914 2459 988 2481 esse

289 2498 513 2536 exsecrabile,
535 2508 611 2530 cum
633 2508 698 2539 ego
721 2502 794 2530 tota
809 2498 871 2529 sim
886 2498 991 2541 impia

291 2554 328 2582 et
344 2549 588 2582 abominabilis.
616 2548 686 2581 Vet.
698 2549 801 2581 schol.

332 2603 395 2632 485
420 2601 506 2631 Huic
520 2598 622 2639 uter-0]
643 2599 710 2633 Qui
733 2599 850 2631 ambos
874 2599 988 2641 Impe-

291 2656 422 2683 ratores
448 2651 481 2682 in
505 2651 615 2682 lucem
638 2650 790 2692 protulit.
834 2649 990 2692 Fingitur

292 2706 426 2734 uterum
447 2705 634 2742 ostentans,
658 2705 718 2733 aut
742 2701 897 2733 manibus
913 2711 991 2743 per·

291 2753 439 2790 cutiens.
469 2751 538 2784 Vct.
554 2752 657 2783 Schol.
702 2752 867 2793 Expavere
882 2753 990 2785 Mam*-

286 2804 351 2846 pli]
371 2805 596 2846 Expaverunt
617 2803 737 2836 armati
752 2803 878 2846 Furiae,
895 2803 989 2836 habi-

739 234 890 267 1⁴10?AE
923 235 1186 269 vARmRUM
1219 237 1273 268 m

1037 334 1122 373 tum,
1136 332 1193 375 qui
1210 335 1355 365 matrem
1371 331 1398 364 si
1414 332 1741 376 eminus-eognovtst-

1035 387 1124 422 sent,
1140 386 1300 424 poterant
1315 383 1479 415 revereri.
1502 383 1651 418 Luceant.
1723 403 1726 405 Δ

1078 435 1149 465 490
1165 433 1393 467 Mamer-averit
1405 434 1536 495 hostem]
1557 435 1628 468 Pro
1640 443 1739 468 mm

1034 486 1132 517 strat.
1144 484 1252 516 Idem.

1078 535 1143 565 498
1178 534 1250 566 Rex
1279 533 1412 575 Argiue,
1436 533 1531 576 mihi]
1563 534 1738 569 Invidiae

1037 582 1137 622 dixit,
1152 583 1242 625 qnod
1252 583 1390 616 deserta
1407 584 1518 626 patria
1528 584 1667 628 Argivis
1675 586 1737 619 im-

1039 642 1159 674 perare
1174 633 1343 667 maluerit.
1365 634 1511 668 Ludw-

1081 685 1142 715 601
1169 684 1268 720 Quem
1289 694 1351 716 aon
1370 686 1563 728 per-iovem]
1586 685 1740 720 Interro-

1038 734 1176 774 gative:
1200 734 1265 767 hoc
1289 739 1356 777 est,
1385 745 1486 777 quem
1509 746 1578 769 non
1605 746 1740 779 permo-

1040 793 1120 815 veas
1139 783 1321 817 formidine
1347 787 1658 830 tantiaeexercitus?
1679 791 1740 820 aut

1039 834 1095 865 cui
1119 834 1383 868 misericordiam
1402 846 1469 869 non
1485 837 1645 879 incutias,
1660 845 1737 871 eum

1039 892 1118 926 post
1132 885 1271 920 exilium
1298 887 1481 920 revertaris
1501 887 1544 920 ad
1565 887 1738 930 patriam?

1039 935 1137 969 Idem.

1081 989 1144 1018 502
1161 987 1323 1029 Multoque
1338 989 1421 1020 latus
1433 988 1633 1029 persalsum
1646 988 1739 1031 mo]

1039 1036 1132 1077 Lips.
1161 1036 1249 1069 liber
1269 1038 1467 1079 pei-fulgurat
1495 1046 1577 1079 ense,
1598 1048 1679 1072 vere
1701 1044 1739 1072 et

1038 1085 1232 1126 eleganter3
1265 1097 1341 1119 nam
1367 1087 1510 1129 respicit
1538 1088 1581 1120 ad
1610 1096 1738 1121 morem

1038 1135 1238 1178 Romanum,
1246 1146 1312 1179 quo
1323 1136 1493 1178 Principis
1500 1146 1740 1181 nusqumnon

1038 1186 1204 1218 satellites
1219 1187 1361 1220 aderant
1381 1196 1457 1220 cnm
1482 1187 1600 1229 gladiis
1623 1187 1667 1221 ad
1691 1189 1738 1220 la-

1040 1239 1105 1268 tus.
1128 1236 1280 1269 Bernart-

1081 1289 1145 1326 ι506
1159 1286 1316 1328 Jubeoque
1330 1286 1479 1329 rogoque]
1496 1288 1542 1320 Et
1560 1297 1738 1329 personam

1037 1341 1153 1368 servat
1166 1340 1203 1368 et
1213 1341 1348 1378 tempus
1362 1348 1372 1369 z
1388 1338 1491 1379 jubet
1504 1337 1587 1380 filio,
1600 1338 1738 1371 exulem

977 1403 979 1406 ·
1038 1392 1137 1429 rogat
1146 1388 1228 1428 jure
1239 1388 1444 1422 venientem.
1464 1389 1612 1424 Latent.

1080 1441 1144 1470 608
1169 1438 1255 1475 Quid
1270 1439 1375 1479 aufers
1391 1439 1525 1481 lmine]
1547 1439 1738 1483 Interposi-

1038 1487 1087 1519 tio
1102 1492 1166 1520 est.
1194 1488 1293 1521 Idem.

1080 1542 1143 1570 511
1167 1540 1210 1571 Te
1229 1540 1349 1572 cascia
1372 1540 1487 1583 mater]
1511 1541 1739 1583 Major-ue·-

1039 1588 1154 1621 dicina
1178 1594 1282 1631 egent
1309 1590 1384 1622 haec
1407 1600 1509 1633 quam
1533 1591 1711 1633 superiora
1725 1602 1737 1624 ι

1039 1649 1113 1671 nam
1143 1640 1315 1681 vulgatam
1338 1641 1427 1676 hanc
1441 1640 1519 1674 'non
1542 1642 1649 1674 solum
1662 1650 1739 1675 seu-

1040 1690 1160 1731 ίουεᾷα,
1169 1691 1232 1722 sed
1242 1691 1332 1723 ratio
1344 1692 1459 1724 Latini
1468 1692 1634 1725 sermonis
1642 1701 1739 1734 sper·

1039 1741 1102 1773 nit.
1146 1741 1309 1782 Expressi
1325 1751 1389 1784 ego
1408 1742 1590 1785 scriptam=
1613 1745 1646 1774 te
1665 1752 1737 1775 eon-

1037 1791 1103 1823 scia
1117 1793 1215 1823 mater
1228 1790 1395 1832 Decipi-m
1405 1790 1422 1825 11
1442 1792 1548 1824 Bern.
1593 1791 1740 1831 Nesoi-te

1038 1843 1102 1874 doli
1116 1847 1149 1875 te
1164 1843 1301 1885 conscia]
1325 1844 1435 1876 Recte
1444 1844 1587 1886 scripti:
1605 1843 1738 1883 nefor-ee

1039 1894 1115 1934 doli,
1138 1897 1169 1925 et
1195 1897 1225 1926 te
1252 1895 1386 1927 conscia.
1431 1895 1486 1927 Ne
1501 1893 1591 1927 forte
1604 1894 1738 1927 subsint

1019 1942 1021 1944 '
1040 1943 1122 1980 doli,
1139 1948 1174 1975 et
1190 1954 1306 1976 eorum
1322 1945 1459 1977 conscia
1469 1948 1579 1977 mater
1594 1948 1630 1977 te
1644 1943 1738 2009 deei-

1041 1993 1145 2035 piam.
1172 1995 1309 2027 Gronov.

1084 2046 1147 2076 513
1169 2044 1312 2076 Ducente
1324 2043 1465 2085 timeres]
1486 2043 1591 2078 Quasi
1605 2043 1649 2077 de
1665 2051 1738 2077 seeh

1040 2094 1150 2126 lerato
1166 2099 1266 2135 patre
1282 2094 1378 2135 dicit,
1397 2095 1549 2136 potuisse
1560 2094 1655 2126 unali
1676 2094 1738 2126 alts-

1040 2145 1121 2187 quid
1146 2146 1269 2178 merito
1294 2145 1400 2178 filium
1415 2145 1593 2187 suspicari,
1609 2145 1668 2188 qui
1681 2155 1739 2178 oc·

1040 2196 1110 2227 ciso
1141 2200 1240 2237 patre
1269 2200 1440 2237 postremo
1470 2200 1612 2228 matrem
1638 2194 1738 2228 duxit

1040 2255 1192 2279 uxorem.
1212 2246 1362 2278 Luctum.

1082 2300 1144 2329 615
1171 2295 1442 2337 Excusofurom]
1456 2294 1629 2337 nefando,
1640 2295 1738 2338 quasi

1034 2348 1149 2390 justus
1160 2347 1355 2379 innocentia
1366 2355 1455 2378 mea.
1474 2345 1575 2379 Iden.
1716 2363 1720 2368 ›

1081 2400 1145 2430 624
1166 2397 1218 2430 Ab
1242 2395 1410 2437 Hircauis]
1431 2394 1614 2428 Armeniis.
1657 2394 1736 2428 Hoc

1040 2448 1142 2481 dicit:
1165 2448 1201 2480 Si
1221 2448 1286 2480 hoc
1307 2457 1327 2479 a
1345 2445 1564 2479 ferocissimis
1577 2446 1737 2487 gentibus

1040 2499 1281 2542 postulassem,
1308 2497 1493 2539 potuissem
1521 2496 1661 2537 mereri,
1697 2500 1737 2529 ut

1040 2549 1152 2582 media
1180 2548 1324 2581 fratrum
1350 2547 1524 2579 discordia
1550 2547 1736 2589 sopiretur.

1041 2600 1141 2631 Ideni.
1695 2611 1699 2614 ’

1083 2651 1146 2681 528
1169 2646 1346 2688 Nutantes]
1369 2646 1528 2688 capitum
1552 2650 1646 2680 motu
1665 2624 1735 2680 tre·

1041 2706 1186 2732 mentes.
1208 2699 1307 2731 Idem.

1082 2752 1146 2781 530
1184 2748 1332 2780 Stravere
1357 2747 1470 2789 leones]
1507 2747 1735 2780 Nobilitatem

1039 2802 1126 2834 hanc
1141 2801 1290 2833 innatam
1305 2798 1400 2832 aiunt
1410 2797 1577 2841 leonibus,
1585 2802 1624 2831 ut
1635 2807 1735 2841 supe·
