1878 3164
280 259 395 301 1910

281 363 366 396 artis
394 363 553 396 inventor
576 362 653 396 fuit.
685 362 811 394 Horat.
830 362 840 381 ⁴
857 362 903 394 Et
924 361 984 394 de·

283 422 373 445 corae
390 411 491 445 More
507 412 705 454 palaestrae.'
750 416 759 431 ⁸
776 412 909 444 Felices
926 422 982 454 pa-

281 463 439 504 laestras,'
462 464 560 502 dixit,
587 467 625 495 ut
648 462 767 503 Virgil.
787 463 797 480 ‘
813 463 890 496 Quo
916 471 983 493 non

282 513 419 546 felicior
430 515 518 547 alter
533 515 710 555 Stringere
727 514 797 546 tela
811 512 935 553 mauu,'
948 512 983 544 id

284 568 339 596 est
354 565 507 606 peritior.
529 565 676 596 Laetam.

328 617 391 647 836
435 615 638 655 Patriumque
669 613 770 654 suem]
814 613 985 646 Calidonii

285 666 360 706 apri
377 666 513 706 pellem.
549 665 663 706 Levat]
683 664 828 705 Spoliat.
851 664 949 695 Idem.

328 717 390 746 837
415 715 559 745 Membra
584 713 739 754 Cleoneae]
762 713 889 746 Cleoue
905 713 986 745 civi·

285 769 339 796 tas
356 761 519 795 Corintho
535 763 659 796 vicina.
683 763 781 796 Idem.

329 817 394 846 838
418 814 485 845 Nec
509 815 586 846 mole
608 814 726 855 minor]
749 811 987 855 Magnitudine

286 864 441 906 corporis
465 874 531 895 non
555 862 706 904 inferior,
720 873 763 895 ex
779 863 988 905 proceritate

286 915 438 956 corporis
454 915 632 946 humanam
660 913 832 946 fortunam
849 913 989 947 videba-

289 968 346 997 tur
362 964 543 997 excedere.
567 965 666 997 Idem.

330 1018 394 1048 840
419 1016 494 1046 Nem
511 1015 563 1047 ille
577 1015 682 1056 rigor]
707 1014 866 1053 Herculis,
881 1015 957 1047 scil.

331 1067 394 1097 845
418 1064 587 1107 Difficiles]
610 1065 708 1105 Duri,
718 1065 842 1106 asperi.
867 1065 967 1096 Idem.

330 1118 392 1147 851
434 1115 538 1146 Curva
570 1114 692 1154 tenent]
735 1114 990 1156 Importunissi-

289 1175 379 1197 mum
396 1164 712 1205 glossographorum
739 1174 843 1206 genus
858 1164 914 1196 hic
929 1164 991 1196 ite-

290 1225 365 1247 rum
396 1214 643 1246 debacchatum
666 1219 741 1246 est:
766 1214 990 1246 exulcandum

289 1267 378 1298 euim
395 1265 433 1297 τὸ
447 1275 542 1297 curva
558 1266 646 1296 male
662 1265 866 1297 inculcatum
880 1275 890 1298 z
916 1274 991 1306 pro·

292 1317 371 1348 bum
383 1316 520 1359 quidem
534 1315 687 1355 verbum,
703 1314 765 1346 sed
781 1315 870 1356 quod
886 1313 991 1355 Papi-

291 1366 366 1397 nius
383 1371 497 1397 tamen
510 1374 576 1396 nou
590 1364 778 1406 usurpavit.
802 1365 991 1396 Posuitille

292 1426 368 1448 vara
391 1419 522 1453 tenent;
546 1422 584 1447 ut
612 1425 655 1447 ex
680 1416 772 1456 Lips.
799 1415 889 1447 bono
914 1415 991 1446 boni

293 1465 472 1505 scriptoris
503 1464 589 1496 libro
629 1464 746 1496 didici.
803 1464 993 1504 Displicuit

290 1514 381 1546 haud
405 1514 507 1546 dubie
523 1514 720 1555 magistellis
742 1514 900 1555 spinosis,
915 1514 994 1556 quia

294 1570 393 1597 vetus
408 1569 445 1596 et
459 1564 557 1605 vulgo
573 1573 639 1596 non
654 1564 796 1605 lectum,
809 1568 903 1596 certe
915 1573 994 1605 neg·

291 1616 434 1647 lectum:
448 1619 482 1646 at
496 1624 555 1646 nos
568 1614 652 1645 illud
666 1614 885 1646 retinebimus
897 1624 906 1653 ς
917 1607 993 1647 cum

293 1673 416 1705 varum,
427 1674 553 1696 curvum
568 1664 725 1706 antiquis.
770 1665 919 1696 Lucilius
933 1665 994 1696 Sa-

296 1720 363 1756 tyr.
376 1714 463 1746 libro
481 1723 577 1746 xvu.
599 1715 608 1732 ‘
624 1714 850 1755 Compernem
863 1718 922 1746 aut
938 1725 994 1746 va-

293 1775 364 1798 ram
377 1765 481 1797 fuisse
492 1765 745 1806 Amphitryonis
757 1764 898 1796 ἄκοιτιν.’
910 1765 995 1797 Var-

294 1826 332 1848 ro
362 1816 404 1847 de
433 1815 485 1848 Re
517 1815 616 1847 Rust.
643 1815 701 1846 lib.
732 1824 772 1848 11.
810 1815 996 1847 ‘Cruribus

293 1867 398 1899 rectis
430 1876 470 1898 ac
498 1866 609 1907 potius
637 1865 724 1897 varis
747 1875 846 1907 quam
874 1866 1000 1898 vatiis.'

295 1917 436 1949 Persius
451 1916 524 1948 Sat.
542 1925 591 1947 ιν.
620 1917 629 1933 ‘
646 1916 699 1947 vel
715 1925 791 1947 cum
807 1915 893 1948 fallit
909 1916 996 1957 pede

296 1966 416 2008 regula
430 1964 534 1997 varo!
555 1964 651 1997 Idem
667 1965 739 1997 Sat.
755 1975 788 1997 v.
809 1966 819 1983 ‘
831 1966 924 1998 Varo
942 1976 994 1998 re-

296 2020 467 2057 gustatum
497 2015 605 2056 digito
634 2016 806 2047 terebrare
833 2017 998 2048 salinum.’

296 2067 390 2099 Hinc
423 2064 629 2098 ‘obvarare'
662 2065 752 2096 idem
779 2066 868 2107 quod
899 2066 996 2107 ‘per-

294 2117 456 2158 vertere‚'
484 2116 494 2134 ‘
505 2116 710 2157 detorquere
722 2116 755 2147 in
770 2125 908 2156 pravum
922 2125 997 2148 seu-

297 2167 393 2200 sum.'
436 2166 588 2199 Ennius:
625 2165 738 2197 ‘Nam
761 2165 911 2197 consiliis
939 2166 997 2197 ob·

300 2222 430 2259 varant,
461 2217 582 2259 quibus
613 2220 726 2248 tamen
761 2216 922 2248 concedit
946 2217 998 2249 hic

297 2268 408 2301 ordo.'
431 2268 532 2300 Bern.
577 2267 714 2298 Deducit
726 2267 759 2298 in
771 2266 906 2308 oequum]
931 2267 999 2298 De-

294 2317 406 2351 flectit
436 2323 474 2350 ut
495 2316 559 2349 sibi
582 2321 707 2358 aequet,
730 2323 806 2348 astu
829 2317 999 2358 sperantis

298 2368 468 2401 fiduciam.
495 2368 639 2399 Luceant.

342 2421 405 2450 853
451 2418 640 2450 Summissus
676 2415 777 2456 tergo]
822 2415 997 2447 Inclinans

297 2468 434 2501 dorsum
459 2477 567 2507 suum,
584 2470 622 2498 ut
637 2475 674 2498 se
689 2465 829 2506 Tydeus
845 2464 997 2498 inflecte-

298 2526 364 2552 ret.
387 2520 485 2550 Idem.

293 2587 296 2589 -
341 2571 404 2601 854
427 2568 538 2609 Alpini
560 2566 656 2598 veluti
685 2565 795 2606 regina
822 2565 997 2607 cupressus]

299 2618 425 2660 Attigit
446 2623 483 2649 ut
500 2617 636 2648 videtur
659 2616 824 2656 Papinius
848 2616 904 2647 hic
921 2621 997 2658 gut-

300 2673 370 2700 tam
397 2678 415 2698 e
440 2666 578 2698 flumine
601 2665 737 2697 Lethes.
784 2667 871 2698 Nam
889 2666 922 2698 in
941 2667 998 2698 Al-

298 2719 398 2761 pibus
424 2725 587 2758 nusquam
615 2716 791 2756 cupressi:
815 2717 879 2748 nisi
908 2716 997 2749 forte

298 2770 446 2812 speciem
463 2777 524 2809 pro
542 2776 667 2808 genere
685 2768 808 2807 posuit,
824 2768 915 2809 quod
933 2778 999 2801 non

299 2821 415 2862 inepte
433 2817 598 2850 affirmare
614 2826 803 2859 possumus.
829 2818 926 2852 Idem.

743 269 885 301 NO'PAE
918 268 1185 301 VARIORUM
1218 267 1271 300 IN

1074 364 1137 393 872
1162 360 1341 402 castigata]
1366 359 1576 401 Composita,
1597 367 1655 393 seu
1673 364 1732 402 po-

1033 410 1100 442 tius
1129 412 1269 443 maculis
1295 415 1467 452 asperata.
1514 410 1589 442 Non
1611 410 1735 451 integer

1032 460 1101 501 ille]
1122 460 1300 502 Agylleus,
1314 466 1349 492 et
1364 459 1634 492 subaudiendum
1663 461 1674 479 ⁴
1686 459 1732 492 vi·

1034 511 1126 542 ribus
1141 520 1207 542 non
1224 510 1392 552 integris!
1413 510 1512 542 Idem.
1647 527 1649 529 -

1076 564 1140 594 873
1178 561 1332 606 Effoetus]
1375 558 1517 594 Viribus
1554 516 1734 603 fatigatus.

1035 614 1132 646 Idem.

1077 666 1140 695 874
1164 662 1328 704 Harenas]
1351 663 1444 697 Quas
1459 661 1620 705 Tydeus
1612 669 1644 695 ιιι
1656 669 1733 694 eum

1036 713 1239 755 ingesserat.
1262 714 1362 745 Idem.
1584 755 1587 757 Α

1080 766 1144 794 880
1161 762 1325 803 Condidit]
1341 763 1495 805 Caelavit,
1511 762 1592 805 qnia
1607 761 1670 795 sub
1685 762 1736 797 in-

1038 813 1130 855 genti
1147 812 1283 855 Agyllei
1295 823 1438 855 corpore
1447 813 1615 859 exiguitas
1623 812 1738 856 Tydei

1037 869 1091 896 est
1105 863 1241 895 caelata.
1273 864 1422 896 Laetam.

1081 916 1144 944 882
1166 912 1340 954 Suspensus
1358 913 1450 955 ager]
1473 912 1638 946 Definitio
1661 910 1740 954 spe-

1039 963 1161 995 luncae.
1203 963 1282 994 Sive
1298 963 1341 995 ad
1359 969 1514 996 naturam
1530 968 1631 996 terrm
1648 967 1740 995 retu-

1039 1014 1091 1054 lit,
1107 1022 1181 1055 quae
1195 1012 1322 1045 dicitur
1335 1015 1369 1046 in
1383 1013 1496 1046 medio
1508 1013 1588 1046 aere
1599 1022 1741 1055 suspen·

1041 1074 1090 1100 sa,
1119 1063 1189 1095 sive
1227 1063 1318 1105 quod
1357 1064 1559 1097 intrinsecus
1591 1067 1741 1096 vacuant

1041 1119 1143 1147 terrae
1174 1124 1292 1156 venas,
1317 1116 1375 1158 qui
1403 1115 1578 1149 metallum
1605 1114 1740 1158 aliquod

1041 1169 1211 1208 quaerunt.
1237 1165 1334 1197 Idem.

1084 1219 1145 1250 885
1174 1217 1395 1256 Indignantem
1420 1216 1572 1259 animam]
1607 1216 1742 1251 Dicunt

1041 1266 1229 1308 philosophi
1246 1266 1414 1308 indignari
1431 1267 1571 1308 animas,
1587 1265 1678 1309 quod
1691 1266 1743 1299 iu-

1042 1318 1122 1349 vitae
1138 1317 1181 1348 de
1204 1317 1268 1348 hac
1292 1318 1369 1349 luce
1386 1317 1588 1350 discedant:
1612 1321 1652 1350 ut
1666 1317 1743 1350 Vir-

1042 1368 1100 1408 gil.
1125 1371 1133 1384 ¹
1145 1367 1294 1409 Vitaque
1307 1377 1382 1400 cum
1396 1367 1525 1409 gemitu
1535 1367 1743 1410 fugitindig-

1041 1422 1123 1449 nata
1150 1417 1213 1448 sub
1241 1417 1401 1451 umbras?
1445 1418 1600 1450 Reddidit
1631 1418 1744 1459 astris]

1043 1466 1168 1507 Ingens
1194 1467 1363 1508 expositio
1392 1471 1457 1508 est,
1488 1467 1656 1509 quomodo
1687 1468 1743 1499 vel

1044 1525 1148 1559 quare
1164 1517 1283 1548 antmae
1306 1516 1348 1548 ad
1368 1520 1463 1548 astra
1482 1516 1638 1557 redeant,
1651 1520 1744 1559 post-

1044 1575 1144 1608 quam
1159 1570 1272 1598 exutae
1295 1565 1423 1598 fuerint
1441 1565 1590 1599 nefando
1603 1576 1745 1610 corpus-

1044 1616 1133 1656 culo,
1148 1619 1187 1647 ut
1212 1624 1277 1647 non
1304 1615 1409 1647 solum
1432 1615 1746 1657 benemeritorum,

1045 1664 1105 1696 sed
1120 1664 1221 1696 etiam
1247 1664 1393 1696 sontium
1419 1664 1500 1696 illuc
1525 1664 1691 1706 ferantur,
1705 1670 1745 1699 ut

1045 1719 1104 1746 aut
1119 1724 1181 1755 pro
1198 1714 1279 1748 vitm
1295 1714 1412 1756 precio
1432 1714 1562 1757 optima
1585 1715 1744 1748 mercede

1047 1769 1182 1797 aeternae
1198 1764 1281 1796 lucis
1297 1764 1478 1805 donentur,
1495 1769 1555 1797 aut
1570 1774 1634 1807 pro
1656 1766 1745 1799 male

1047 1815 1231 1847 commissis
1257 1814 1299 1847 ab
1327 1814 1408 1857 ipsis
1437 1815 1540 1847 astris
1568 1815 1745 1859 stellisque

1005 1893 1010 1898 .
1046 1865 1228 1907 puniantur
1243 1868 1347 1907 atque
1364 1869 1656 1900 consummentur:
1675 1875 1745 1898 nou

1047 1916 1182 1957 quidem
1209 1919 1247 1947 ut
1274 1920 1431 1956 pereant,
1455 1916 1515 1948 sed
1537 1914 1744 1958 affligantur.

1046 1966 1091 1997 Et
1113 1966 1190 1997 ideo
1216 1966 1259 1997 ab
1283 1966 1334 1997 his
1361 1966 1547 2007 puniuntur
1561 1966 1744 1999 secundum

1046 2010 1292 2058 Pythagoram,
1302 2016 1358 2058 qui
1374 2016 1422 2047 ait
1434 2016 1563 2049 animas
1580 2016 1746 2049 bonorum

1047 2067 1193 2098 virorum
1210 2067 1243 2098 in
1255 2067 1372 2098 stellas
1384 2075 1484 2108 posse
1494 2066 1633 2098 reverti.
1668 2066 1747 2098 Vir·

1046 2118 1106 2157 gil.
1130 2117 1140 2134 ‘
1152 2116 1290 2148 Scilicet
1306 2117 1370 2148 huc
1387 2116 1485 2148 reddi
1498 2115 1622 2148 deinde
1638 2125 1678 2149 ac
1694 2126 1746 2149 re—

1048 2167 1157 2198 soluta
1173 2165 1293 2198 referri
1309 2166 1445 2206 Omnia,
1461 2175 1525 2198 nec
1540 2166 1644 2199 morti
1668 2175 1745 2199 esse

1046 2218 1168 2258 locum,
1184 2217 1244 2249 sed
1261 2217 1338 2248 viva
1355 2217 1469 2248 volare
1482 2217 1621 2259 Syderis
1636 2217 1670 2249 iu
1687 2227 1748 2250 nu-

1046 2277 1189 2307 merum,
1215 2271 1318 2309 atque
1339 2267 1410 2298 alto
1435 2267 1621 2305 succedere
1637 2267 1747 2300 celox

1047 2318 1202 2350 Lucanus
1231 2318 1264 2349 in
1294 2326 1382 2348 nono
1399 2327 1407 2348 :
1446 2320 1455 2336 ‘
1469 2317 1637 2348 Innocuos
1666 2317 1746 2350 vitae

1046 2368 1218 2410 patientes
1234 2367 1372 2399 aetheris
1394 2366 1451 2398 imi
1467 2366 1579 2406 Fecit,
1594 2370 1631 2399 et
1645 2371 1747 2400 aeter·

1047 2427 1106 2450 nos
1117 2417 1261 2449 animam
1275 2416 1414 2457 collegit
1425 2416 1458 2447 in
1474 2416 1597 2448 orbes-¹
1612 2417 1704 2450 Lact·

1090 2470 1152 2499 887
1177 2460 1256 2499 Cum
1275 2466 1383 2498 vinclis
1391 2466 1551 2508 onerique]
1571 2467 1668 2499 Illius
1680 2468 1746 2499 sci-

1046 2517 1143 2557 licet,
1169 2517 1226 2558 qui
1256 2526 1332 2547 eum
1364 2516 1507 2547 brachiis
1535 2517 1746 2558 alligaverat.

1048 2571 1184 2610 Elapsus
1198 2567 1319 2608 iniquo]
1340 2567 1536 2599 Subductus
1553 2569 1649 2609 gravi
1665 2578 1748 2611 pon-

1047 2619 1119 2650 deri
1133 2630 1140 2648 :
1163 2619 1172 2636 ⁴
1189 2617 1339 2658 iniquum
1351 2616 1360 2630 '
1377 2616 1466 2647 enim
1477 2626 1579 2657 grave
1592 2618 1747 2652 dicimus.

1046 2666 1212 2708 Virgilius
1225 2676 1233 2698 z
1256 2666 1265 2683 ⁴
1280 2666 1326 2697 Et
1335 2665 1451 2706 iniquo
1463 2665 1615 2707 pondere
1626 2660 1750 2701 rastri.’

1048 2719 1149 2750 Idem.

1091 2770 1154 2799 889
1179 2767 1222 2798 Et
1229 2766 1342 2808 firmo]
1359 2765 1473 2798 Ordo:
1490 2767 1574 2799 Mox
1587 2768 1677 2801 latus
1693 2767 1749 2802 fir-

1050 2827 1104 2850 mo
1120 2826 1208 2849 nexu
1228 2816 1394 2857 implicat,
1408 2825 1518 2857 genua
1535 2826 1690 2859 premens
1705 2820 1748 2852 ad
