1878 3164
459 249 502 278 P.
539 245 733 277 ΡΔΡΙΝῙΙ
769 245 935 276 8ΤΛΤῙῙ
969 246 1117 276 ΤΗΕΒ.
1152 246 1246 276 LIB.
1271 245 1347 278 111.

175 341 311 383 eodem,
330 341 385 374 Ex
395 348 475 374 sese·
485 341 560 383 ipse
581 339 712 382 aliquid
734 344 882 383 quaerat,

174 397 344 436 cogatque
371 391 507 434 peculi!
550 392 702 424 Lucilius
743 392 816 423 Sat.
845 401 880 423 v.

174 445 187 468 ‘-
202 444 343 477 Interea
356 447 428 476 stat
451 443 604 476 sentibus
619 442 767 475 fundus?
811 443 881 475 Pro

175 503 218 528 eo
233 494 324 538 qnod
348 494 497 535 diceres,
528 494 651 526 caelnm
673 494 812 535 plenum
828 498 882 526 est

175 545 336 590 caligine,
349 545 377 576 si
393 549 485 576 terra
494 545 596 586 plena
606 545 664 584 sit,
673 544 799 577 fundus
811 545 882 587 ple-

174 606 240 631 nus
252 602 306 630 est
318 597 485 630 sentibus.
507 597 608 630 Idem.

181 651 283 693 ’Βββ
305 648 416 688 Rubor
429 649 565 691 excitat]
595 650 706 681 Extra
721 659 782 680 sua
805 649 883 680 loca

174 688 284 741 ducit,
293 697 426 741 profert
441 704 478 731 ut
491 700 666 732 emineant
679 704 716 732 et
727 700 882 742 expressi

174 750 272 784 velut
286 749 469 783 videantur
481 760 501 782 e
517 751 648 793 eapite.
694 751 883 783 Laboranti

175 801 284 844 capiti
309 800 464 834 videmus
494 801 620 834 rubore
647 802 764 834 oeulos
788 802 885 833 testi·

175 845 325 886 monium
347 851 443 892 dare,
465 856 504 885 ut
533 856 571 885 et
594 852 785 884 insomuiae.
812 852 884 885 Vct.

136 934 139 937 ,
177 903 301 936 Gbnae
313 906 346 936 et
359 902 531 935 selectim.

182 968 187 973 ¹
214 956 284 987 133
323 951 432 987 Tium
461 952 580 994 uirtus]
614 952 728 985 Omne
754 953 884 995 quippe

177 1004 341 1047 gaudium
357 1000 448 1048 quod
472 1009 527 1036 est
542 1003 684 1036 nimium
698 1004 806 1036 nostri
823 1013 885 1036 nos

174 1056 391 1090 immemores
406 1054 503 1088 facit.
549 1055 635 1088 Ideo
661 1055 746 1088 dicit
769 1065 886 1097 super·

176 1104 250 1140 hire
266 1106 452 1139 virtutem·
474 1106 524 1138 sic
540 1112 580 1138 ut
606 1106 755 1138 animum
777 1106 884 1138 virtu-

177 1162 318 1207 temque
334 1156 571 1190 transcendat.
594 1156 742 1188 Lactant.
782 1174 786 1177 Α

182 1229 186 1232 -
220 1204 287 1241 314
312 1207 435 1249 Vacua]
453 1206 580 1240 Quod·
572 1216 606 1238 in
625 1216 667 1238 ea
683 1207 773 1238 solus
789 1207 884 1248 jace-

178 1260 333 1302 aequm
345 1259 387 1291 ad
398 1258 542 1300 gloriam
556 1268 626 1290 suae
639 1259 776 1290 virtutis
788 1269 886 1300 spec—

178 1315 245 1348 tet,
277 1314 441 1352 superato
481 1309 578 1341 hoste
606 1313 727 1350 pectus
757 1309 886 1341 habere

178 1358 396 1393 confossum:
427 1369 528 1401 quem
554 1359 630 1390 laus
657 1359 830 1399 victoriae,
850 1363 887 1391 et

179 1411 264 1444 victi
278 1408 430 1454 gemitus
442 1411 652 1443 consolatur.
675 1410 775 1443 Idem.

222 1464 287 1495 m
309 1459 456 1503 Asopon]
478 1461 620 1493 Flavius
649 1466 704 1492 est
726 1460 887 1493 Boeotia’.

179 1512 276 1546 Dicit
286 1516 403 1545 sutem
419 1511 572 1553 spacium
590 1510 681 1553 quod
699 1511 787 1542 inter
801 1511 887 1543 Aso-

182 1572 250 1605 pon
277 1567 314 1596 et
336 1561 452 1604 Argos
476 1562 677 1604 interjacet,
702 1562 736 1593 in
762 1562 888 1594 bellum

181 1613 295 1656 Tydei
331 1612 655 1646 inflammationibus
685 1613 888 1646 excitatum.

182 1664 287 1698 um.

224 1719 291 1750 345
313 1716 359 1748 Ee
376 1716 469 1756 sorte
491 1715 657 1757 verendos]
681 1715 888 1748 OEconomia

180 1774 398 1813 opportuna:
435 1769 564 1811 quippe
594 1768 660 1800 hoc
692 1773 808 1800 actum
837 1772 893 1800 est

182 1820 366 1853 occasione
380 1819 528 1856 consilii.
542 1828 586 1851 ne
601 1818 754 1851 narranti
766 1817 891 1860 Tydeo

183 1870 342 1914 publicus
357 1870 496 1903 deesset
511 1869 660 1902 auditor.
677 1869 778 1901 Idem.

226 1925 292 1955 ⁸5⁰
323 1922 475 1964 ΛΕΜ,
495 1920 568 1962 sas]
604 1919 693 1954 Quia
731 1919 893 1951 scelerati

183 1972 251 2006 hac
265 1964 330 2014 spe
345 1975 508 2014 peccaut,
524 1971 603 2001 dnm
630 1975 772 2011 sperant
795 1970 892 2002 Deos

184 2023 366 2057 criminum
395 2022 549 2054 vindices
586 2031 653 2053 uon
683 2020 772 2058 fore,
802 2021 892 2053 unde

185 2073 308 2116 virgil.
347 2073 358 2091 ‘
375 2073 675 2114 Contemptorque
690 2072 801 2104 Deum
817 2073 893 2104 Me-

187 2123 344 2156 nentinsss
388 2123 480 2156 Nam
505 2128 584 2155 suut
612 2123 816 2164 philosophi,
834 2123 891 2164 qui

188 2183 266 2207 cum
278 2174 421 2206 videant
435 2178 569 2206 naturas
585 2174 675 2205 mala
687 2174 894 2205 necessitate

188 2235 243 2257 res
257 2225 448 2258 contrarias
463 2234 505 2256 ac
526 2224 692 2265 pessimas
716 2224 750 2255 in
768 2224 895 2256 mundo

187 2275 316 2318 parari,
332 2275 453 2308 dicunt
468 2284 586 2308 curam
602 2274 825 2307 humanarum
843 2285 895 2307 re-

189 2336 265 2360 rum
281 2326 419 2369 penitus
444 2327 538 2358 Deos
554 2335 622 2357 nou
645 2325 789 2366 habere,
803 2325 895 2358 unde

189 2377 288 2419 virg.
309 2371 498 2419 Epicurum
512 2380 654 2409 secutus
680 2375 750 2407 ait:
772 2377 782 2394 ‘
801 2375 898 2407 Scili-

190 2431 250 2461 eet
273 2426 330 2460 hic
355 2427 491 2469 superis
520 2426 618 2458 labor
645 2431 714 2468 est,
742 2436 783 2459 ea
814 2436 896 2459 cura

191 2478 326 2520 quietos
348 2476 523 2510 Sollicitat
536 2477 557 2509 ι’
579 2482 639 2509 aut
656 2477 683 2508 si
700 2477 838 2509 omnino
854 2477 898 2508 ad

190 2528 307 2561 Deum
334 2528 556 2560 humanarum
593 2537 707 2560 rerum
745 2528 898 2570 pertinet

191 2587 287 2617 cura,
308 2578 457 2611 crudelis
483 2583 557 2611 est:
586 2584 625 2610 nt
650 2579 765 2610 idem:
789 2579 799 2596 ‘
821 2579 897 2611 Nec

190 2637 314 2662 curare
329 2629 442 2661 Deum
467 2629 582 2661 credis
605 2629 762 2661 mortalia
782 2639 898 2672 quem-

193 2680 317 2725 qnam!
333 2680 434 2712 Idem.

235 2731 300 2762 ⁸⁶1
322 2730 390 2767 Aue
404 2731 485 2772 jur-a
499 2731 609 2772 aot-is]
631 2731 747 2765 Quasi
759 2731 897 2764 violatae

194 2779 438 2822 incepit-litatis
477 2782 592 2823 gratia
619 2782 721 2814 deum
751 2782 901 2824 hospitio

196 2829 379 2874 presulem
403 2830 608 2864 inviolatum
633 2842 707 2865 esse
733 2832 900 2866 dixisset:

1524 235 1640 279 1829

932 345 971 375 ut
992 341 1090 384 Virg.
1116 342 1126 360 ‘
1142 341 1322 383 Juppiter,
1347 339 1544 382 hospitibus
1561 351 1639 374 nam

933 397 968 424 te
985 392 1067 424 dare
1077 392 1161 434 jura
1174 393 1382 434 loqutmtur.’
1398 392 1498 426 Idem.

974 446 1039 476 352
1071 444 1276 476 Sauromatas
1298 442 1420 483 acidos]
1460 443 1642 475 Sauroma-

932 498 979 526 tae
1007 494 1099 526 ultra
1122 493 1272 525 Pontum
1295 499 1388 534 sunt,
1411 494 1513 526 vicini
1538 495 1641 527 Ama-

933 542 1085 578 vzonibus.
1117 545 1337 577 Sauromatas
1352 538 1528 577 Sarmatas
1544 545 1643 582 dicit,

933 606 1040 639 genus
1066 594 1237 629 hominum
1269 596 1311 628 ad
1337 606 1438 629 omne
1464 597 1645 639 paratissi-

933 658 1023 680 mum
1040 649 1164 680 scelus.
1181 649 1281 681 Idem.

975 701 1040 731 353
1063 699 1202 741 Bebryca·
1229 697 1380 739 nemoris]
1403 699 1530 730 Pollux
1563 708 1642 731 cum

933 751 1144 792 Argonautis
1172 750 1213 782 ad
1242 750 1446 791 Bebryciam
1475 750 1640 791 appulsus

933 807 1000 841 est,
1011 811 1088 834 cum
1104 811 1180 833 eum
1197 800 1350 841 Amycus
1374 809 1435 831 rex
1451 799 1640 841 Bebrycio-

933 862 1008 884 rutn
1025 852 1068 884 ad
1086 856 1253 884 caestuum
1282 855 1504 892 provocasset
1528 856 1642 883 certa-

934 913 1012 935 men
1024 902 1192 946 (Amycus
1207 908 1322 934 autem
1349 902 1438 933 hanc
1460 906 1642 933 consuetu-

933 954 1048 997 dinem
1065 963 1202 996 semper
1219 953 1351 993 habuit,
1367 956 1406 984 ut
1419 952 1644 984 insidiaretur

934 1006 968 1037 in
983 1004 1155 1047 Bebrycio
1178 1013 1329 1039 nemore,
1345 1003 1405 1034 ubi
1430 1003 1536 1044 siquis
1551 1001 1643 1034 forte

935 1056 1068 1088 advena
1089 1056 1272 1088 devolutus
1287 1054 1423 1094 fuisset,
1437 1054 1480 1085 ab
1500 1063 1543 1086 eo
1559 1063 1644 1085 caes-

936 1107 1030 1139 tibus
1056 1110 1262 1149 provocatus
1288 1104 1527 1146 occumberet)
1554 1105 1644 1136 hunc

936 1158 1059 1190 Pollux
1086 1157 1209 1189 eodem
1231 1156 1418 1188 certamine
1441 1160 1644 1197 superatum

936 1209 1063 1241 dicitur
1073 1209 1255 1241 occidisse.
1282 1207 1350 1240 Hic
1361 1212 1475 1239 autem
1492 1206 1645 1248 Amycus

935 1259 1092 1300 Neptuni
1119 1259 1305 1291 etMeties
1330 1258 1420 1290 filius
1447 1257 1526 1298 fuit,
1542 1267 1645 1300 quem

934 1310 1113 1342 Pollucem
1128 1309 1274 1341 diximus
1286 1309 1529 1350 prostravisse.
1540 1309 1647 1350 Cujus

935 1364 1080 1392 mortem
1096 1359 1302 1392 vindicaturi
1323 1358 1417 1391 cives
1435 1368 1512 1390 cum
1530 1358 1647 1390 Pollu-

936 1411 969 1443 ci
1004 1411 1190 1451 instarent,
1229 1410 1440 1450 Argonautae
1479 1409 1647 1440 asserturi

937 1461 1201 1493 commilitonem
1223 1470 1320 1492 suum
1335 1460 1368 1492 iu
1380 1460 1489 1492 aciem
1509 1469 1649 1501 proces-

938 1516 1070 1548 serunt,
1113 1511 1361 1553 victoriamque
1400 1510 1650 1552 Bebryciorum

940 1562 1104 1594 tulerunt.
1151 1562 1323 1603 Bebrycia
1347 1567 1460 1593 autem
1484 1561 1651 1603 Bithynia

939 1612 1034 1645 dicta
1061 1616 1136 1644 est:
1162 1616 1200 1644 ut
1228 1613 1327 1654 Virg.
1354 1611 1398 1644 ad
1420 1613 1564 1645 Daretis
1593 1622 1652 1644 au-

939 1664 1088 1705 gendum
1099 1663 1240 1695 virtutis
1253 1662 1427 1699 meritum,
1438 1662 1543 1694 dixit:
1568 1663 1578 1680 ‘
1592 1663 1652 1705 qui

940 1723 976 1746 se
992 1714 1167 1756 Bebrycia
1182 1713 1325 1745 veniens
1340 1712 1466 1755 Amyci
1481 1712 1525 1744 de
1542 1718 1648 1755 gente

940 1762 1100 1796 ferebat:
1115 1765 1215 1796 Idem.

984 1818 1049 1847 356
1074 1816 1139 1848 Ceu
1154 1815 1271 1849 turrim
1284 1815 1439 1858 validam]
1465 1816 1655 1858 Compara-

942 1866 993 1898 tio
1008 1870 1105 1898 tanto
1132 1865 1301 1898 bellatore
1328 1865 1444 1906 digna.
1489 1867 1499 1884 ⁴
1516 1866 1655 1899 Turris'

943 1926 1044 1948 omne
1073 1915 1198 1948 fortius
1239 1916 1502 1957 munimentum,
1519 1916 1657 1953 ·fot·tior

944 1967 1073 1999 Heros.
1109 1966 1291 2006 Horatius,
1314 1966 1486 1999 Achillem
1506 1972 1515 1986 ⁴
1530 1969 1657 2000 Turres

943 2017 1129 2051 Dardanas
1157 2018 1304 2059 cuspide
1329 2019 1546 2060 quatientem
1572 2018 1660 2051 faci-

943 2069 1028 2109 ens}
1041 2078 1207 2111 cupresso
1221 2073 1280 2101 aut
1294 2069 1375 2110 pino
1386 2070 1517 2111 pariter
1529 2076 1657 2113 aequat.

944 2120 1065 2152 Barth.
1081 2120 1214 2153 Arctum
1228 2120 1430 2162 compagibus
1444 2121 1569 2163 urbem]
1580 2122 1662 2154 Mu-

946 2171 991 2203 ris
1018 2171 1177 2214 valloque
1207 2172 1396 2205 munitam:
1429 2173 1511 2214 quia
1541 2173 1661 2209 urbem

945 2220 1063 2254 dicere
1094 2222 1266 2263 jactantis
1299 2227 1387 2260 erat,
1416 2222 1495 2254 ideo
1530 2223 1663 2265 adjecit

944 2279 1079 2315 arctam,
1095 2274 1129 2306 id
1147 2280 1213 2314 est,
1232 2278 1424 2315 angustam.
1441 2267 1593 2307 Lactant.

989 2327 1054 2357 358
1073 2325 1176 2356 Nocte
1190 2325 1320 2366 doloque
1335 2324 1416 2366 ciri]
1441 2324 1591 2358 Quantae
1605 2333 1661 2357 oc-

947 2375 1103 2407 casiones
1126 2374 1358 2416 periculorum
1375 2373 1508 2407 fuerint
1527 2375 1665 2417 Tydeus

947 2426 1093 2468 exponit
1106 2436 1117 2458 e
1141 2435 1223 2465 nox,
1240 2425 1354 2465 dolus,
1370 2426 1446 2467 ipse
1470 2425 1599 2458 inscius
1616 2427 1664 2458 lo-

948 2485 1020 2516 cus,
1034 2481 1070 2508 et
1087 2481 1158 2508 tam
1175 2479 1298 2517 aperte
1316 2475 1461 2507 vicinus.
1485 2476 1585 2509 Idem.

991 2529 1056 2559 860
1096 2525 1249 2566 Vacuum]
1287 2526 1381 2558 Viris
1420 2525 1568 2559 fortibus
1604 2536 1664 2559 ex—

947 2577 1119 2610 haustam.
1135 2577 1236 2609 Idem.

992 2631 1054 2661 36⁵
1080 2628 1209 2669 Trepida·
1225 2629 1263 2660 de
1286 2627 1424 2669 sedibus]
1445 2629 1584 2662 Sessum
1600 2639 1660 2662 eos

950 2684 1150 2720 vocaverat,
1173 2679 1428 2712 consultaturos
1455 2680 1498 2712 de
1522 2681 1663 2722 Repub-

949 2731 1033 2770 lica,
1056 2731 1130 2762 Rex
1158 2729 1342 2764 Adrastus.
1388 2731 1458 2773 Illi,
1486 2736 1540 2764 tot
1566 2733 1663 2764 novis

951 2782 1055 2814 rebus
1078 2781 1217 2822 auditis,
1237 2782 1369 2814 relictis
1393 2782 1531 2815 sedibus
1552 2787 1666 2815 astant

954 2832 1095 2876 trepidi.
1112 2833 1218 2865 Glou.
1234 2832 1297 2867 Mu,
