1878 3164
451 219 492 251 1².
524 217 716 250 PAPlNu
750 216 916 248 STA‘ru
950 216 1158 248 Actum..
1191 217 1285 248 [ΑΒ.
1319 218 1373 249 11.

177 315 241 347 dus
263 322 393 357 poenu,
419 321 485 346 nec
510 313 546 346 in
574 313 701 346 bellum
725 313 884 356 prodibo.

178 365 281 398 uon.
403 386 408 391 -

219 417 285 448 2³4
307 415 440 456 deniqne
453 413 547 455 avus]
566 413 733 454 Subandi,
748 423 767 446 s
783 424 883 455 supe·

177 465 283 506 tiore,
297 474 347 507 es,
369 464 466 507 quui
481 464 541 507 qui
555 464 619 496 hoc
634 473 727 506 soepe
743 464 883 506 cupive-

177 514 238 556 ris,
266 518 304 548 ut
325 523 446 556 snpra,
464 514 476 532 ‘
491 513 628 557 quando
655 523 762 546 novos
785 514 883 546 dabit

176 564 253 599 hnc
264 565 346 598 mihi
362 565 465 597 turbu
479 563 648 607 nepotes!
673 565 775 598 Idem.

219 619 284 649 285
298 615 416 657 ΝΜ]
426 615 468 648 Id
480 620 536 648 est
547 625 610 649 uos
623 619 707 657 tres,
718 615 885 657 Achilles,

177 666 370 704 Deidsmin,
385 670 423 699 et
435 666 604 708 Pyrrhus,
618 667 713 710 quasi
728 666 835 706 dicat,
854 666 881 699 si

178 722 294 750 strutusv
313 727 407 750 arma
430 721 554 750 contra
575 727 650 759 uos,
667 718 739 760 jam
765 727 881 750 sumus

150 786 157 794 ›
177 777 247 801 una
266 767 368 801 turb·
389 771 511 801 contra
535 772 584 809 te,
607 769 668 800 sed
690 769 882 810 pueriliter,

177 818 271 852 dicu
285 828 388 861 ergo:
414 818 560 852 Immitis
575 818 677 851 turba
692 828 805 851 snmus
821 828 882 851 nos

176 878 306 911 omnes,
322 869 479 913 quotiens
501 869 709 902 tractabitur
724 869 815 901 ensis
830 869 880 901 iu-

177 925 233 952 ter
245 915 320 957 nos,
341 919 501 962 qnoniam
525 929 641 952 sumus
661 920 781 962 juncti
802 930 879 953 san-

177 969 293 1012 gaino,
315 974 497 1012 postquam
522 979 566 1002 ex
587 974 670 1003 nata
692 974 752 1003 tua
771 970 878 1004 filium

177 1019 329 1062 suscepi.
358 1020 538 1053 filamont.

191 1073 283 1104 »287
308 1070 382 1103 ΕΜ
403 1079 488 1103 cara
509 1074 665 1113 comperta
688 1070 809 1111 injuria
822 1081 881 1104 nn·

177 1119 349 1162 roJEtsi,
376 1120 501 1163 inquit,
525 1121 637 1154 multa
665 1125 777 1163 erant,
802 1131 879 1164 quae

177 1172 250 1214 regi
280 1170 463 1213 Lycomedi
491 1170 685 1204 suadebant
712 1171 879 1204 Achillem

177 1221 422 1256 continendum
437 1231 512 1254 esse
527 1221 632 1263 domi,
644 1227 681 1254 et
693 1222 783 1265 quod
799 1222 879 1255 filiae

179 1274 230 1306 vis
258 1273 357 1306 illata
383 1272 427 1305 ab
453 1282 496 1306 eo
519 1273 593 1316 jem
623 1274 762 1315 cognita
790 1277 880 1315 erat,

177 1327 216 1357 et
245 1323 336 1367 quod
377 1323 500 1356 Thetis
537 1328 698 1357 oraverat
727 1334 771 1356 ne
801 1334 879 1357 eum

177 1381 199 1406 ι
223 1382 261 1406 se
284 1372 476 1411 amitteret,
503 1377 620 1406 tamen
647 1372 728 1406 fatis
758 1375 880 1407 adver-

177 1423 246 1456 ιιι-ἰ
277 1432 345 1456 uon
377 1428 434 1456 est
461 1431 576 1465 susus,
603 1434 681 1466 quae
709 1424 879 1458 Achillem

179 1473 225 1506 ad
258 1473 385 1506 bellum
420 1473 688 1508 destinaverunt.
745 1475 881 1517 Injnria

178 1527 358 1566 comperta
385 1524 539 1566 cognitu,
571 1534 654 1567 quoe
682 1526 882 1567 postulabat

178 1573 212 1606 ei
227 1573 272 1606 ab
293 1583 401 1607 uxore
430 1583 499 1607 non
524 1583 602 1607 esse
621 1575 880 1609 discedendum.

102 1667 112 1676 ·
179 1624 334 1658 Britan.

194 1682 197 1685 ’
220 1677 286 1708 288
309 1674 455 1707 mis
472 1674 637 1717 mancida]
658 1675 746 1708 Nam
770 1677 881 1719 Lyco·

178 1724 270 1758 medi
285 1724 515 1766 inditerst-ne
529 1734 550 1757 a
571 1735 609 1758 se
630 1725 726 1759 abire
741 1733 880 1769 patere-

178 1779 248 1818 tur,
270 1774 332 1808 sed
345 1774 439 1808 inter
458 1775 590 1817 puellas
611 1786 690 1810 suas
705 1779 828 1816 aleret,
842 1784 882 1812 ut

175 1825 305 1859 lectum
327 1829 382 1858 est
396 1820 577 1868 superins:
600 1827 612 1846 ‘
626 1827 727 1861 Intus
753 1830 820 1869 ale,
845 1835 883 1863 et

177 1876 304 1909 similes
330 1876 422 1909 inter
449 1877 592 1910 seclude
619 1880 777 1920 puellus:
807 1881 882 1914 Lit-

178 1932 254 1961 tore
269 1927 444 1970 precipue
470 1932 641 1972 portuque
664 1940 786 1963 arcere
808 1940 880 1964 me·

173 1981 307 2019 mento,
321 1976 451 2011 Vidisti
463 1978 565 2012 modo
581 1979 659 2013 vela
679 1981 883 2024 Phrygum?

192 2095 198 2099 ,
221 2082 288 2113 2⁴0
301 2079 410 2123 Fato]
429 2079 520 2114 Nam
535 2082 689 2116 Deorum
705 2085 882 2118 voluntate

166 2131 254 2165 'hac
267 2133 381 2165 omnia
395 2137 465 2166 tum
480 2133 624 2168 mirifica
649 2135 810 2169 accidere
832 2137 882 2169 vi·

179 2182 296 2216 debat.
324 2183 518 2217 Vere-Scluat.

218 2235 283 2276 ²?ss
308 2233 376 2266 Fae
389 2234 484 2276 velit]
508 2234 689 2277 Occurrit,
708 2246 786 2279 quae
802 2246 881 2279 pos·

177 2287 231 2317 set
245 2283 319 2317 fleri
335 2284 541 2327 objectioni.
584 2286 634 2328 Sl,
660 2287 784 2330 inquit,
808 2288 884 2330 ipsa

177 2340 288 2370 mater
311 2335 420 2369 tilium
445 2335 538 2370 domi
559 2338 736 2372 continere
762 2339 883 2372 voluis·

175 2390 240 2428 set,
252 2386 341 2420 filius
357 2387 475 2421 metris
489 2388 724 2423 obedientiam
739 2390 883 2433 abjecis-

176 2443 232 2471 set
243 2448 254 2477 ;
267 2438 365 2481 qnasi
379 2438 475 2472 dicat
489 2449 557 2473 non
572 2440 695 2473 mirum
719 2451 795 2474 esse
808 2442 838 2474 si
862 2451 883 2474 a

178 2489 374 2530 Lycomede
403 2493 560 2523 retentus
601 2500 669 2524 uon
700 2491 758 2525 sit.
818 2493 885 2526 Fac

176 2538 269 2581 uelit]
287 2539 450 2582 subaudi,
465 2541 630 2575 retinere.
664 2542 788 2585 Ipsam]
803 2544 883 2576 Em-

181 2588 311 2631 phuim
327 2590 444 2632 habet,
457 2593 554 2634 quasi
573 2603 648 2634 quae
671 2593 743 2627 filio
772 2595 884 2637 legiti-

178 2647 236 2671 mt
250 2639 399 2682 quadem
423 2641 557 2676 ratione
573 2643 742 2687 imperare
755 2650 883 2688 potest.

180 2689 338 2723 Britan.

222 2740 287 2772 242
308 2739 466 2775 Abu-neree
486 2752 603 2784 genero
616 2754 649 2778 se
662 2744 799 2788 jungere
806 2745 885 2787 tau]

181 2787 344 2823 Quamvis
374 2791 502 2841 injuria
531 2793 676 2829 affectus
706 2794 886 2834 videretur

1522 208 1636 252 2041

934 310 1161 352 Lycomedes,
1184 319 1250 342 non
1276 314 1390 342 tamen
1414 310 1516 342 talem
1533 320 1636 351 geue-

934 371 1008 393 rum
1026 359 1275 402 repudiandum
1293 360 1465 392 censebat.
1487 360 1585 393 Idem.

975 414 1040 444 243
1067 410 1228 451 Vincitur]
1251 410 1389 453 AEquior
1412 410 1452 442 fit
1471 411 1506 442 in
1522 411 1637 442 Achil-

932 462 1012 494 lem.
1028 461 1128 493 Idem,
1160 460 1366 501 Pudibuuda]
1381 460 1562 493 Peccantis
1577 470 1637 492 na-

933 515 1044 543 turam
1060 511 1245 552 expressit.
1269 511 1368 543 Idem.
1390 507 1402 517 “
1643 547 1645 551 ,

975 565 1040 594 244
1068 562 1197 595 Veniam
1212 572 1267 594 nec
1279 562 1425 603 protinus
1438 572 1544 595 amens
1559 563 1636 595 Cre-

932 613 997 655 die]
1019 612 1171 645 subaudi
1183 623 1259 645 esse
1276 613 1404 654 datam,
1419 618 1455 646 et
1471 613 1549 646 ideo
1565 614 1636 655 pla-

933 670 990 698 cat
1006 669 1151 706 patrem.
1178 665 1276 696 Idem.

974 718 1038 748 245
1057 716 1208 758 Opposita
1223 715 1363 757 Achille]
1385 715 1428 748 Id
1444 721 1511 757 est,
1524 716 1640 748 Inter*

932 767 1080 799 cedente
1098 767 1245 807 Achille,
1271 770 1331 799 aut
1345 767 1518 809 opposito,
1532 767 1565 799 id
1581 771 1637 799 est

932 817 1086 859 objecto,
1108 817 1206 859 quasi
1220 817 1254 849 in
1272 827 1349 850 enm
1366 818 1434 850 vim
1449 822 1485 850 et
1499 818 1635 860 culpam

932 867 1105 900 derivans.
1129 868 1228 900 Idem.

974 920 1038 950 246
1062 918 1212 951 Mittitur
1226 918 1420 960 AEmoniam]
1445 919 1554 951 Deest
1580 919 1637 957 ad,

932 973 971 1001 ut
985 969 1030 1001 sit
1045 968 1089 1000 ad
1106 968 1305 1009 AEmoniam,
1326 969 1390 1001 hoc
1404 973 1472 1009 est,
1492 969 1642 1001 Thessa-

931 1018 1023 1059 liam,
1033 1019 1077 1051 de
1089 1028 1158 1061 qua
1176 1019 1332 1061 superins
1348 1019 1457 1051 multa
1471 1019 1632 1051 diximus.

931 1069 1049 1110 Magni
1058 1068 1162 1110 sacti]
1183 1069 1350 1111 Magnum
1375 1069 1502 1102 facturn
1519 1070 1638 1114 app-el·

930 1121 994 1161 lat,
1008 1123 1044 1152 et
1060 1119 1150 1161 quod
1163 1129 1269 1161 gener
1283 1119 1395 1153 factus
1410 1121 1453 1152 sit
1466 1121 1556 1162 regis
1570 1121 1637 1162 Ly-

931 1171 1095 1212 comedis,
1121 1175 1157 1203 et
1181 1171 1224 1203 ab
1248 1172 1411 1205 universa
1435 1173 1578 1205 Groecia
1600 1173 1636 1205 iu

931 1222 1059 1255 bellum
1083 1226 1258 1263 poscatur.
1280 1223 1380 1255 Idm.

974 1276 1039 1306 248
1060 1273 1174 1315 Aluos]
1197 1273 1352 1306 Modicus
1363 1283 1483 1315 naves,
1497 1274 1639 1306 armatis

931 1323 1095 1355 militibus
1110 1323 1311 1355 instructas.
1332 1323 1437 1356 Schol.

973 1377 1040 1407 249
1061 1373 1215 1414 Deducit]
1252 1373 1296 1405 In
1322 1374 1466 1415 pelagus
1495 1373 1575 1406 duci
1601 1378 1639 1407 et

932 1425 1048 1466 parari
1060 1424 1174 1464 jubet.
1195 1424 1293 1465 Virg.
1306 1423 1434 1465 Georg.
1449 1433 1476 1456 1.
1497 1424 1509 1442 ⁴
1523 1425 1651 1461 Quam,

932 1475 979 1508 do
1011 1479 1160 1508 armatas
1190 1474 1365 1506 deducere
1392 1475 1535 1515 classes,
1566 1474 1639 1507 Aut

934 1526 1174 1567 tempestivam
1201 1525 1296 1557 silvis
1316 1530 1472 1557 evertere
1497 1525 1643 1567 pinum-'—

932 1577 1054 1608 Burtk.
1098 1576 1145 1608 Et
1167 1575 1353 1608 notandum
1375 1585 1419 1608 ex
1435 1575 1638 1609 Britannico

932 1626 1109 1667 Deduc-ere,
1142 1635 1216 1658 esse
1246 1625 1291 1658 de
1321 1630 1415 1658 terra
1446 1627 1480 1659 iu
1514 1637 1641 1669 aquam

933 1676 1072 1715 ducere,
1099 1681 1139 1709 ut
1167 1676 1408 1709 ‘subducere'
1435 1681 1557 1710 contra
1584 1683 1640 1711 est

933 1727 977 1760 de
992 1738 1082 1770 aqua
1095 1727 1128 1760 in
1147 1731 1282 1760 terram.
1321 1728 1371 1760 Ut
1386 1728 1509 1770 Virgil-
1535 1728 1546 1747 ‘
1565 1729 1641 1761 De-

931 1778 1063 1811 ducunt
1077 1778 1161 1810 socii
1178 1777 1309 1810 naves.'
1340 1779 1387 1810 Et:
1402 1778 1504 1811 alibi:
1528 1780 1539 1797 ‘
1551 1779 1640 1811 Sub-

931 1829 1046 1862 ducite
1062 1827 1192 1862 naves!

973 1883 1039 1912 250
1063 1881 1254 1921 Consumpta
1267 1878 1351 1920 dies]
1372 1879 1451 1912 Non
1461 1879 1551 1923 quod
1565 1883 1639 1912 tota

931 1929 988 1962 die
1006 1931 1116 1972 epulis
1140 1929 1388 1970 incubuissent,
1408 1930 1468 1963 sed
1489 1930 1581 1972 quod
1603 1930 1639 1962 in

931 1990 1053 2013 occasu
1060 1981 1140 2013 solis
1152 1985 1344 2013 caeuassent
1352 1990 1447 2013 more
1460 1981 1640 2023 majorum,

931 2031 990 2073 qui
1014 2030 1063 2063 ita
1076 2031 1174 2063 soliti.
1190 2035 1270 2063 sunt
1291 2031 1327 2063 iu
1351 2041 1477 2064 occasu
1501 2041 1640 2064 coenare

931 2091 1008 2114 cum
1025 2085 1157 2113 tantum
1168 2081 1202 2113 in
1215 2080 1271 2113 die
1283 2081 1399 2114 cibum
1410 2082 1514 2114 semel
1528 2091 1639 2114 sume-

932 2136 1021 2164 rent.
1065 2131 1377 2173 Receptum]1nter
1406 2132 1574 2166 Achillem
1603 2137 1641 2166 et

931 2181 1162 2214 Deidamiam.
1185 2182 1367 2215 Maturant.

975 2236 1038 2265 251
1066 2232 1198 2273 Foedus]
1221 2233 1404 2266 Connubii.
1442 2234 1638 2276 Intrepidos]

932 2284 1029 2316 Tunc
1045 2284 1103 2326 qui
1130 2289 1234 2316 antea
1255 2293 1392 2326 semper
1412 2294 1489 2317 cum
1515 2286 1639 2319 timore

926 2334 1044 2376 juncti
1059 2333 1210 2366 fuerant.
1232 2334 1332 2366 Idem.

975 2387 1040 2417 252
1063 2385 1175 2426 Illius]
1193 2385 1380 2426 Decorum,
1393 2389 1554 2428 tanquam
1570 2385 1640 2419 for·

934 2439 1005 2467 tem
1019 2435 1128 2467 virum
1143 2434 1278 2468 inducit
1292 2434 1460 2471 Achillem
1483 2437 1639 2477 cogitan-

933 2490 1003 2518 tem
1028 2485 1071 2517 de
1095 2485 1197 2518 armis
1219 2489 1256 2518 et
1283 2485 1403 2527 Troja,
1424 2486 1641 2519 Deidamian»

933 2538 1110 2574 timentem
1134 2536 1320 2569 adventum
1345 2537 1416 2569 diei
1437 2547 1506 2580 quo
1528 2537 1645 2570 abitu·

934 2597 991 2620 rus
1017 2592 1094 2620 erat
1123 2586 1290 2620 Achilles.
1328 2588 1428 2620 Idem.
1473 2589 1643 2631 Xanthus]

934 2638 1073 2671 Fluvius
1087 2643 1141 2671 est
1152 2638 1297 2670 Troadis
1310 2637 1476 2671 SimoEnti
1485 2639 1644 2681 junctus,

933 2689 993 2731 qni
1027 2689 1063 2721 in
1101 2692 1236 2731 portum
1274 2688 1481 2722 Achaeorum
1516 2688 1644 2722 influit.

935 2741 1088 2774 Britan.
1587 2755 1589 2758 ·

977 2795 1042 2826 254
1067 2791 1240 2834 Auroram]
1275 2790 1437 2825 Adventu
1465 2792 1644 2835 sequentis
