1878 3164
471 231 511 262 Ρ.
546 227 738 262 ΡΔΡΙΝΙΙ
770 228 937 261 8ΤΑΤΙΙ
969 229 1117 261 THEB.
1154 229 1248 261 [ΑΒ.
1271 230 1305 261 1.

159 330 216 361 tur
236 327 248 347 ⁸
261 324 421 369 Crispus?
463 325 530 358 Vir
543 329 659 359 autem
673 325 786 358 factus
810 325 859 357 la·-

159 377 308 415 troci-ia
324 375 491 410 exercuit.
535 376 614 410 Quo
639 380 795 418 tempore
820 384 862 408 ea

158 436 236 471 qu·
254 426 386 470 Sphinx
408 426 536 459 dicitnr
551 426 726 468 apparuit,
739 425 862 458 mulier

154 477 316 516 ducomi-
330 479 373 512 et
380 475 506 510 ferina.
541 475 692 518 Abjecto
706 476 796 508 enim
812 470 861 507 v'i-

158 537 210 566 10.
223 532 261 568 et
274 534 377 561 nanu
390 531 608 569 congregata,
621 531 658 559 et
672 527 749 559 loco
759 535 861 558 occu-

158 582 241 622 pato
252 577 390 618 ,dificili
403 577 514 618 aditu,
527 580 780 620 pretereuntes
801 585 860 608 ne-

157 629 273 666 elbai.
315 628 467 672 OEdipus
489 629 596 671 igitur
611 638 715 671 grave
731 626 861 670 aliquid

144 680 341 723 vmeditans,
355 680 484 714 socium
500 689 538 713 se
554 679 652 712 dedit
667 679 740 721 ejus
756 679 859 711 latro-

156 730 261 774 chio,
271 735 309 764 et
323 735 480 772 tempore
495 729 621 763 idoneo
630 731 732 773 quale
744 731 860 763 volue-

154 786 212 817 rat
219 781 415 823 observato,
428 781 527 814 hasta
541 790 616 813 earn
632 780 808 814 interemit
823 785 860 813 et

156 832 305 884 quicum
321 832 425 875 ipsas
450 831 500 865 At
521 831 678 864 Thebani
700 831 860 865 admirati

153 882 372 934 uppellaruut
384 892 462 916 eum
477 892 605 925 regem.
636 883 739 916 Laius
755 883 861 925 igitur

155 928 368 977 indignatus,
387 933 514 967 1101111111
528 934 582 966 iis
593 934 722 972 intulit,
750 940 786 967 et
809 935 859 966 la-

157 980 482 1029 pide‘petcuuunn
495 989 600 1027 caput
614 985 759 1017 interiit.
795 985 818 1018 J
823 995 858 1018 o·

155 1039 252 1071 wu
275 1039 395 1068 autem
419 1041 576 1068 metuens
597 1045 618 1068 a
645 1045 750 1078 regno
764 1036 858 1068 exci-

142 1087 253 1130 dere,
265 1085 401 1120 induxit
413 1086 635 1129 OEdipodem‚
654 1090 690 1120 et
705 1086 859 1119 declara-

157 1137 209 1172 vit
221 1142 355 1180 regem,
366 1142 404 1170 et
418 1137 515 1170 facta
529 1142 582 1171 est
601 1138 676 1180 ejus
692 1148 791 1179 uxor,
807 1138 858 1180 ig-

154 1196 239 1229 nara
258 1188 349 1231 qnod
371 1191 481 1220 mater
506 1193 611 1222 esset.
656 1188 791 1220 Habuit
814 1197 859 1221 ex

156 1248 200 1272 ea
211 1237 302 1272 filios
314 1239 401 1272 duos
415 1239 650 1272 Etlteocleaet
659 1240 859 1282 Polynicen.

157 1289 215 1323 Ac
235 1294 356 1334 postea
375 1299 454 1322 cum
468 1289 649 1323 didicisset
662 1291 804 1324 Jocasta
819 1290 859 1322 fi-

154 1341 239 1374 lium
253 1340 349 1373 sunm
364 1349 451 1381 esse,
463 1341 629 1374 indicium
653 1340 739 1374 fecit
763 1341 860 1374 OEdi-

156 1389 238 1434 podi
254 1400 266 1422 =
301 1391 361 1434 qui
389 1391 532 1424 audiens
561 1392 679 1424 clavos
709 1391 860 1433 accepit,

155 1450 281 1484 eosque
294 1441 446 1483 defigens
465 1441 500 1474 in
514 1442 633 1483 oculis,
644 1442 743 1482 obiit,
759 1441 859 1474 relin-

153 1498 262 1536 quens
289 1501 431 1534 regnum
456 1491 588 1524 duobus
602 1492 694 1534 filiis,
718 1492 776 1534 qui
799 1491 860 1524 im-

155 1546 323 1584 perarunt
337 1541 477 1574 circiter
490 1551 636 1577 anunm:
663 1546 700 1574 et
716 1547 787 1574 tum
799 1541 860 1573 ini-

156 1591 286 1626 micitia
317 1591 471 1632 suborta,
498 1592 646 1625 invicem
676 1593 860 1625 bellarunt.

155 1643 203 1676 Et
216 1642 439 1685 premebatur
460 1642 505 1675 ab
527 1643 695 1676 Etheocle
718 1644 859 1686 Polyni-

156 1702 227 1733 ces,
258 1685 456 1736 q'uiArgos
468 1687 601 1726 *abiens
629 1694 729 1726 duxit
755 1694 859 1727 filiam

155 1744 245 1788 regia
264 1743 425 1784 ‘Adi-asti,
447 1748 485 1776 et
500 1744 606 1786 copiis
621 1743 723 1777 factis
738 1745 859 1777 adver-

142 1794 381 1839 μιιιε.,’1“1,101111,ε,
404 1793 461 1829 1111,
479 1794 646 1836 singulari
669 1795 859 1828 certamine

155 1854 358 1888 congressus
374 1846 545 1887 Etheocli,
562 1845 689 1879 occidit
711 1856 802 1887 011111,
822 1851 859 1880 01

155 1896 232 1940 ipae
248 1897 292 1929 ab
307 1905 348 1929 00
363 1897 506 1929 occisus.
549 1897 642 1930 Socii
661 1901 776 1930 autem
799 1897 859 1930 do-

154 1947 356 1981 muitionem
368 1945 550 1986 fecerunt)

199 1998 287 2032 Haec
301 1999 363 2031 illi.
407 1999 492 2033 Quis
503 1999 644 2033 101111εὲ,
660 2009 727 2032 11οη
743 2010 807 2042 ego
823 2000 858 2032 id

155 2049 269 2084 dicam
282 2061 293 2089 ς
314 2055 446 2083 tantum
459 2060 591 2093 moneo,
601 2062 621 2084 a
630 2052 787 2085 Diodoro
799 2054 859 2085 So-

155 2101 325 2144 phoclem,
360 2101 576 2146 Euripidem,
616 2103 858 2145 Lysimachum

153 2151 438 2194 Alexandrinum,
470 2154 637 2187 Senecam
668 2155 860 2197 Juniorem,

154 2203 309 2237 nobilem
319 2204 420 2237 etiam
452 2205 547 2237 illum
572 2210 749 2238 auctorem
773 2206 857 2238 The-

156 2253 289 2293 baidos,
326 2255 533 2296 scriptorum
571 2255 720 2298 denique
758 2265 858 2288 omne

155 2306 278 2348 vulgus
303 2309 416 2338 stare:
442 2306 542 2347 plane
571 2310 610 2338 ut
640 2315 682 2337 ex
712 2305 860 2338 formula

150 2356 347 2397 8011010110,
376 2356 471 2388 ‘ltaec
501 2366 581 2398 pars
611 2357 721 2390 adhuc
748 2358 859 2399 11111301·

153 2417 230 2442 eane
243 2406 424 2449 videatur,’
447 2407 641 2450 praesertim
668 2408 859 2441 accedente

147 2467 224 2498 ,11011
241 2458 389 2491 Pedario
402 2457 581 2499 Senatore‚
595 2458 655 2490 sed
679 2459 859 2492 Consulari

154 2510 301 2553 Papinio
316 2511 620 2543 nostro.'Bernurt.

146 2586 151 2590 .
199 2565 218 2595 1
243 2561 419 2595 Fraternas
445 2561 533 2594 uciee
566 2562 760 2603 alternaque,
786 2562 859 2604 ξω]

155 2611 247 2648 Quia
269 2611 378 2655 pacti.
394 2617 492 2644 erant
517 2611 644 2644 fratres
664 2618 703 2644 ut
731 2614 858 2646 mutuis

146 2663 252 2700 ⁴aunis
268 2668 466 2705 regnarent,
478 2668 514 2695 et
529 2662 593 2695 sibi
617 2663 765 2696 invicem
781 2673 858 2697 suc-

148 2713 332 2750 [cederent.

389 2713 558 2761 Prqfanis]
595 2714 689 2747 Quia
714 2723 777 2756 per
800 2724 860 2746 eos

150 2764 486 2809 ι*1111111ιο’.1111131110
516 2769 670 2798 naturae:
705 2769 742 2797 et
770 2765 857 2798 bene

154 2814 308 2857 profi-is,
337 2815 418 2858 quia
444 2813 543 2848 nefas
572 2819 650 2848 erat
677 2825 856 2859 germanos

1506 221 1620 265 1771

912 323 993 356 odia
1022 324 1198 366 10111101·ος
1229 335 1312 368 ergo
1342 325 1610 368 execrabilibus,

911 379 1033 407 contra
1047 381 1205 408 naturam
1223 376 1380 418 sumptis.
1401 377 1551 410 Luceant.

953 429 974 458 2
1012 426 1202 468 Decet-tata]
1250 427 1363 460 Nemo
1392 428 1621 469 interpretum

911 477 979 510 vim
995 478 1097 519 hujus
1114 477 1210 510 verbi
1227 478 1399 520 percepit.
1443 478 1621 511 Decet-tata

911 528 1004 561 enim
1034 528 1174 570 perdita
1199 533 1301 571 atque
1323 529 1450 561 amissa
1478 538 1622 561 concer-

913 578 1018 611 tando
1047 578 1146 611 dicit.
1192 579 1239 611 Et
1268 579 1318 611 ita
1345 579 1622 620 Glossograpbua

911 628 1064 670 priscus:
1087 629 1260 669 ‘certata,
1279 629 1449 661 certando
1474 629 1620 661 amissa:

910 683 1035 712 neuter
1050 679 1141 712 enim
1162 679 1274 712 tenuit
1299 679 1389 722 quod
1413 684 1557 722 uterque
1573 681 1622 712 al-

911 724 977 762 teri
994 729 1134 763 invidit.·
1174 730 1267 764 Quia
1288 730 1379 772 quod
1404 734 1549 771 propter
1571 730 1621 763 illi

910 780 1140 814 fratricidium
1176 780 1350 822 fecerunt,
1386 781 1421 813 id
1451 785 1532 823 post
1560 790 1620 813 eos

909 831 1030 864 habuit
1044 830 1183 865 Creon.'
1197 832 1315 864 Barth.
1346 831 1537 874 Sonteaque]
1552 832 1621 864 Vel

910 883 1160 925 propter-bella
1176 883 1378 924 praesentia,
1396 881 1451 914 vel
1475 885 1620 925 propter

909 932 1118 974 OEdipoden,
1132 932 1190 975 qui
1205 941 1284 965 cum
1296 937 1407 964 matre
1419 931 1620 964 concubuit.

910 983 1060 1016 Laetant-

924 1054 925 1057 =
951 1037 971 1066 3
1000 1035 1091 1067 Unde
1118 1032 1256 1074 jubetis]
1291 1032 1384 1066 Quia
1406 1032 1513 1065 multa
1538 1036 1619 1065 sunt

909 1084 1080 1127 principia
1115 1084 1289 1116 Thebanae
1324 1083 1487 1120 historiae,
1511 1083 1645 1115 ,111111ον-

909 1135 1077 1178 possimus
1094 1136 1253 1168 inchoare
1269 1135 1512 1167 narrationem.
1536 1135 1589 1167 ld.

951 1191 970 1219 5
996 1186 1145 1219 Sidonios
1167 1186 1295 1228 raptus]
1321 1186 1492 1227 Europam
1519 1185 1618 1225 dicit,

911 1247 1012 1280 quam
1027 1237 1192 1279 ⁸luppiter
1209 1236 1322 1278 rapuit
1338 1241 1374 1268 et
1389 1236 1535 1268 vitiavit.
1574 1237 1618 1269 Et

908 1287 1102 1320 inexorabile
1108 1287 1250 1329 pactum]
1260 1287 1283 1320 J
1286 1292 1416 1319 usserat
1428 1287 1518 1318 enim
1529 1286 1619 1320 Cad-

909 1350 965 1371 mo
984 1339 1056 1371 11Ιί0
1077 1349 1138 1372 suo
1157 1338 1313 1380 Agenor,
1327 1348 1428 1380 quern
1445 1337 1489 1370 ad
1506 1338 1618 1380 requi-

911 1389 1051 1422 rendam
1076 1388 1180 1421 filiam
1206 1390 1379 1430 Europam
1406 1388 1560 1431 miserat,
1578 1393 1619 1421 ut

910 1450 977 1473 non
1004 1441 1069 1473 nisi
1106 1441 1248 1473 iuventa
1269 1449 1385 1473 sorore
1412 1440 1544 1473 rediret
1574 1441 1617 1472 ad

910 1495 1057 1533 patrem.
1081 1491 1183 1524 Idem.

951 1545 972 1574 7
999 1541 1166 1583 Trepidam
1190 1541 1234 1584 si]
1258 1541 1349 1576 Quia
1379 1542 1526 1574 Cadmus
1549 1543 1617 1575 Eu-

910 1602 1028 1635 ropam
1049 1602 1206 1635 quaerens
1223 1593 1317 1625 venit
1338 1593 1382 1625 ad
1407 1603 1448 1625 ea
1474 1594 1564 1630 loca,
1582 1595 1617 1627 111

909 1644 1032 1686 quibus
1059 1648 1138 1685 post
1153 1643 1281 1676 Thebae
1298 1648 1508 1677 constructae
1525 1651 1617 1686 sunt,

907 1695 965 1727 ubi
989 1695 1130 1727 invento
1156 1694 1307 1727 dracone
1329 1694 1386 1737 qui
1412 1696 1522 1728 Matri
1536 1706 1617 1729 con-

908 1750 1065 1778 secu-atus
1083 1749 1172 1787 erat,
1187 1749 1224 1778 et
1239 1754 1280 1777 eo
1297 1750 1478 1787 perempto
1494 1746 1618 1779 dentes

908 1797 1069 1829 draconis
1095 1796 1185 1828 sevit
1202 1807 1211 1828 ι
1234 1796 1326 1828 unde
1345 1797 1527 1838 terrigenae
1543 1798 1618 1830 nati

908 1852 1000 1888 sunt,
1018 1847 1073 1890 qni
1090 1856 1127 1880 se
1151 1847 1278 1879 mutuis
1296 1847 1494 1881 vulneribus
1518 1859 1617 1891 pere-

908 1903 1072 1932 merunt:
1097 1909 1180 1940 ergo
1202 1898 1324 1931 Martie
1350 1899 1464 1940 operti,
1492 1900 1525 1932 id
1552 1906 1616 1938 est.

909 1959 1033 1992 pugnae
1046 1950 1299 1991 terrigenarum
1315 1950 1467 1984 latentis.
1491 1951 1590 1985 Idem.

954 2004 994 2033 10
1016 2002 1161 2033 Jusserat
1172 2000 1347 2042 Amphion]
1374 2001 1542 2035 Hicfllius
1557 2003 1617 2037 Jo-

910 2054 961 2085 vis
977 2052 1056 2092 suit,
1079 2057 1118 2085 ut
1133 2052 1191 2085 alii
1213 2052 1347 2093 dicunt,
1360 2054 1538 2095 Mercurii,
1558 2065 1616 2088 cu-

906 2104 965 2146 jus
989 2104 1065 2145 lyra
1080 2107 1227 2145 accepta
1250 2113 1377 2135 canens
1399 2114 1514 2136 muros
1530 2106 1616 2137 Tile-

913 2156 1017 2186 banos
1042 2154 1169 2186 dicitur
1193 2155 1449 2187 construxisse:
1479 2161 1518 2187 ut
1542 2157 1617 2197 ejus

910 2212 1015 2239 cantu
1032 2210 1225 2248 spontanea
1240 2214 1277 2237 se
1292 2215 1374 2237 saxa
1388 2206 1494 2237 muris
1510 2206 1616 2248 impo-

909 2260 1046 2288 nerent.
1078 2256 1179 2287 Idem,
1241 2255 1353 2296 Tyrios
1374 2256 1536 2297 accedere]
1558 2255 1617 2290 Sic

912 2317 1029 2340 omnes
1054 2307 1140 2338 Mss.
1167 2310 1205 2338 et
1233 2306 1321 2345 scio,
1347 2314 1414 2347 quo
1437 2305 1616 2348 defendas,

910 2358 969 2390 lib.
986 2366 1039 2389 1x.
1069 2358 1078 2375 ‘
1094 2356 1219 2399 Tyrios
1243 2356 1366 2388 melior
1393 2357 1488 2389 venit
1509 2367 1616 2390 annus

910 2411 944 2442 in
966 2418 1067 2451 agros
1083 2407 1104 2440 :’
1127 2413 1164 2441 et
1180 2408 1240 2440 lib.
1257 2417 1328 2439 xu-
1372 2408 1512 2450 ‘Tyrios
1531 2410 1617 2451 juga

909 2462 1058 2505 perdere
1085 2459 1238 2492 montes!
1293 2452 1440 2501 ‘Tyria’
1478 2463 1615 2503 proprie

909 2513 1023 2547 Statio
1043 2512 1222 2551 Thebana,
1251 2514 1288 2544 et
1317 2511 1360 2543 ab
1391 2511 1475 2543 urbe
1500 2518 1618 2554 potest

909 2563 1151 2598 communicari
1175 2572 1251 2594 cum
1275 2562 1515 2604 circumjectis,
1539 2574 1616 2606 qnae

910 2617 943 2648 in
961 2615 1093 2647 ditione
1114 2612 1367 2645 Thebanorum.
1414 2613 1482 2645 Hic
1499 2618 1615 2648 tamen

910 2666 1024 2698 malim
1042 2662 1160 2706 Tyriis,
1177 2666 1216 2694 ut
1241 2663 1283 2694 ad
1310 2672 1412 2694 muros
1433 2662 1615 2698 referatur.

910 2716 1056 2749 Rectius
1081 2714 1210 2758 quippe
1226 2713 1319 2746 dices
1348 2713 1522 2747 Thebanis
1541 2725 1613 2748 mu-

909 2766 956 2799 ris
979 2764 1148 2798 accedere
1177 2773 1271 2804 saxa,
1293 2773 1395 2805 quam
1411 2773 1495 2795 saxa
1523 2765 1613 2798 Tne-

908 2819 998 2853 bana
1038 2815 1207 2851 accedere
1229 2814 1358 2848 muris:
1397 2815 1464 2848 etsi
1493 2816 1612 2850 eadem
