1878 3164
450 223 494 260 P.
528 224 718 258 PAP1N11
753 223 919 257 s'rA'ru
954 223 1100 257 THEB.
1135 225 1228 257 [AB.
1266 227 1295 257 l.

170 321 244 357 eet
280 318 456 363 Her-enter]
494 319 591 354 Bene
635 320 843 364 promeritos

131 381 275 416 temper
301 371 443 415 respicit
464 381 565 414 oequa
581 369 740 411 fortuna3
764 380 841 403 nam

131 433 213 458 eum
227 427 374 467 paratu.
392 422 543 456 venisset
559 422 602 454 ad
619 426 784 462 mortem,
797 421 844 454 Α-

135 473 273 516 pollinis
286 471 404 505 famre
418 476 578 505 servatus
594 477 662 514 est,
685 472 764 517 qnia
775 482 844 505 non

134 523 334 557 nonnata·-
347 523 474 556 oeeidi.
497 523 599 556 Idem.

177 577 242 608 662
263 574 449 616 Aruer-tm]
469 575 693 608 Saevientem.
741 575 844 608 Tenu-

133 625 180 668 ia]
203 625 396 667 Repressit.
441 625 648 667 Reuerentia]
670 625 759 659 Quia
769 626 844 667 Jus—

131 680 210 709 *turn
235 676 345 708 virum
367 685 435 708 non
451 676 526 708 sine
543 675 682 717 pudoris
698 675 750 708 sui
768 676 845 718 jac-

130 731 214 760 tura
227 726 397 769 potuisset
412 726 587 759 occidere.
611 727 714 759 Idem.

177 779 242 810 668
264 776 470 818 Samum]
493 777 634 817 Flexns,
651 777 726 808 sive
741 775 845 808 rnise·

133 825 288 861 ricerdis
301 827 499 860 inclinatus.
528 825 707 868 Honorem]
724 825 766 858 ld
778 830 845 867 est,

131 875 313 920 premium
329 876 463 909 donatae
484 876 580 917 vitm,
593 875 686 918 quod
702 875 755 908 vir
775 874 844 907 for-

130 927 194 968 tis,
208 926 266 970 qni
277 935 318 960 ae
332 926 438 959 saluti
459 930 604 959 voverat
619 925 763 967 civium,
774 935 844 958 non

132 978 288 1012 libenter
308 977 451 1020 accipit.
473 975 576 1016 Iam.

177 1031 243 1062 0oe
264 1026 459 1070 Μαί]
473 1027 623 1060 Virtutis
638 1031 709 1060 tuae
720 1028 845 1060 miran-

130 1079 183 1114 m
194 1079 384 1112 audaciam.
406 1079 508 1112 Idem.

176 1132 245 1163 666
268 1129 444 1171 fimum]
466 1129 477 1147 ‘
491 1127 606 1161 Orare
619 1128 630 1144 '
653 1132 711 1161 est
725 1137 847 1170 preces

130 1179 297 1222 fundere,
323 1181 334 1199 ⁶
350 1189 496 1213 exorare
509 1178 519 1194 ’
539 1184 638 1212 orata
668 1179 846 1212 meruisse.

133 1233 231 1274 81·ςο
254 1231 363 1274 poeta
387 1232 453 1264 hoe
477 1231 552 1264 vult
581 1231 745 1272 intelligi,
761 1230 847 1262 invi-

127 1286 212 1319 -tnu
235 1282 443 1316 choroebum
473 1282 638 1324 precibus
653 1281 803 1329 ¹civium
828 1290 850 1312 a

136 1333 256 1366 mortis
269 1332 471 1366 discessisse
487 1332 680 1375 proposito.
704 1332 805 1364 Idem·

174 1385 246 1416 668
280 1383 378 1416 For-te
401 1383 543 1416 invisitis
582 1383 672 1424 uras]
719 1383 848 1415 Locum

129 1438 339 1476 comptum
365 1444 442 1468 esse
467 1435 522 1468 vel
550 1445 644 1468 caeco
672 1438 846 1477 apparet:

137 1484 255 1526 prisca
277 1484 474 1527 scriptura:
498 1485 573 1518 Has
594 1485 685 1524 sorte
710 1485 851 1517 invisitis

131 1543 224 1569 cm.
271 1534 336 1568 Vos
359 1545 428 1577 quoe
448 1536 642 1577 progenies?
665 1535 757 1578 quod
773 1545 849 1577 ger·

135 1593 277 1617 manum
293 1593 370 1618 ease
383 1586 464 1617 mibi
478 1586 602 1628 liquet.
630 1587 730 1619 Bern.

177 1637 248 1671 669
269 1635 407 1678 OEneua]
443 1635 600 1677 Tydeum
629 1637 715 1669 dicit
746 1636 849 1670 OEnei

136 1690 178 1721 et
190 1685 327 1718 Altlieoe
341 1685 462 1719 filium.
483 1686 634 1720 Laetam.

179 1739 247 1770 676
268 1736 492 1778 Parit-aonia]
516 1737 680 1779 Regionis
697 1737 848 1779 AEtoliae‚

135 1786 175 1821 ln
189 1790 260 1830 qua
274 1786 414 1819 Proetus
427 1787 539 1829 Tydei
563 1793 710 1830 patruus
727 1795 849 1829 regna-

137 1837 203 1870 vit.
245 1836 396 1870 Sensus:
419 1836 550 1870 OEieua
577 1837 790 1879 Calydonius
814 1842 849 1870 et

139 1886 362 1920 Parthaoniae
383 1885 448 1919 tibi
471 1887 554 1929 jura
575 1887 719 1920 domun
742 1893 780 1920 et
806 1888 849 1921 ad

139 1936 345 1980 Polynicem
369 1945 510 1969 versus:
539 1937 591 1970 Tu
614 1938 691 1980 quis
722 1938 769 1970 sis
792 1938 851 1971 vin-

135 1987 232 2030 dica,
258 1987 336 2032 quis
352 1987 406 2020 ad
427 1987 540 2030 Argos
570 1989 719 2021 veneris.
753 1989 850 2021 Lm.

74 2053 76 2055 ·
139 2037 231 2070 vide
245 2047 324 2080 qne
350 2036 395 2069 de
416 2037 482 2070 bac
507 2037 687 2070 Lactantii
702 2038 853 2080 explica-

137 2086 236 2120 tione
248 2087 416 2120 Bartbius
427 2087 462 2119 in
481 2092 669 2121 comment.

184 2140 251 2171 672
276 2137 385 2172 Variis
396 2139 589 2172 sermonibus
609 2138 681 2181 ora]
702 2138 854 2180 Ineptis·

134 2188 241 2222 -simae
269 2187 434 2231 ineptias:
472 2199 541 2222 non
568 2191 698 2222 certius
727 2190 854 2222 vixisse

136 2238 305 2277 Statium.
328 2248 430 2282 quarn
445 2239 593 2272 eundem
608 2240 800 2282 scripsisse,
814 2244 854 2273 nt

141 2290 306 2333 reposui:
328 2292 450 2332 quando
462 2291 530 2323 hoec
553 2291 653 2324 variis
665 2291 857 2324 sermonibus

143 2341 294 2376 norae-e.
315 2341 480 2376 Bernart.

185 2392 252 2426 6'18
276 2393 420 2436 Deiecit]
451 2394 597 2437 Signum
622 2393 855 2428 verecundiae.

141 2443 296 2477 Erubuit
324 2443 513 2487 Polynices
540 2451 684 2489 propter
711 2446 855 2488 parrici-

140 2494 253 2537 dium,
277 2497 316 2528 et
338 2495 459 2528 matris
487 2496 670 2530 incestum.
714 2496 855 2529 indoles

144 2543 336 2578 venerandi
360 2545 522 2588 pudoris!
540 2547 698 2589 agnoscit
725 2548 855 2580 crimen

141 2593 301 2638 ⁴familiae,
323 2597 500 2630 erubescit
513 2607 559 2630 ne
586 2598 709 2630 similis
721 2598 854 2640 judice-

142 2650 217 2681 tur.
239 2647 437 2682 hancine.
479 2649 666 2692 Extemplo]
701 2650 855 2692 Optimae

145 2697 360 2731 membranas
390 2698 441 2732 sic
466 2700 669 2742 concipiunt
685 2710 696 2732 ι
730 2700 858 2740 Deiecit

146 2752 275 2782 moe
289 2750 543 2792 lacrymulam.
583 2751 648 2783 Cui
671 2751 857 2783 assentitur

150 2799 311 2832 Danielis
342 2800 463 2833 Codex
513 2801 606 2843 apud
648 2801 855 2844 Lindebrog.

237 2852 353 2896 Detpt.
365 2857 396 2888 ee
416 2854 494 2889 ναν.
510 2855 595 2890 clus.

842 2855 928 2889 Stat.

1492 214 1608 261 1793

890 321 984 353 Sane
1004 320 1158 362 extemplo
1184 319 1266 353 illud
1291 318 1369 352 ideo
1393 328 1460 352 non
1477 320 1606 362 placet,

891 371 974 414 quia
987 378 1054 403 non
1079 370 1349 412 superveniebat
1365 371 1479 403 nescio
1502 372 1606 413 Poly-

893 422 964 454 nici
977 422 1045 454 ista
1060 422 1312 463 percunctatio.
1350 422 1530 464 Lacrymae
1547 432 1604 454 au—

894 475 965 504 tem
979 471 1220 504 recordatione
1243 472 1455 504 miseriarum
1473 473 1607 515 prosili-

896 521 1004 554 ebant
1016 522 1070 553 vel
1084 521 1205 554 invito.
1222 522 1343 554 Barth.

937 574 1003 605 686
1025 572 1189 605 Mavortia
1207 570 1324 614 Thebe]
1350 574 1359 592 ‘
1376 573 1584 607 Mavortiam
1599 574 1608 588 '

894 622 985 654 dixit
1010 628 1070 656 aut
1097 627 1242 665 propter
1265 624 1391 656 Martis
1409 629 1445 656 et
1462 624 1607 657 Veneris

890 671 999 705 {iliam
1017 673 1262 707 Harmionem:
1285 679 1344 706 aut
1359 674 1483 707 fortem
1500 675 1607 717 signi-

894 722 994 756 fleat:
1023 729 1066 757 'ut
1087 725 1140 756 ‘si
1166 725 1271 766 patrii
1295 725 1379 768 qnid
1407 725 1534 758 Martis
1549 726 1607 758 ha-

896 774 997 808 besz’
1018 780 1079 808 aut
1107 775 1150 807 ad
1177 777 1369 818 terrigenas
1386 777 1605 810 referendum

893 831 963 866 est,
983 836 1069 869 quos
1096 831 1231 859 constat
1262 828 1423 860 draconis
1444 828 1606 860 dentibus

895 877 1044 918 genitos,
1058 879 1115 919 qui
1140 877 1255 910 fuerat
1280 879 1315 911 in
1333 879 1441 912 tutela
1467 880 1605 913 Martis.

894 927 1045 960 Laetam.

938 981 1001 1010 681
1019 979 1130 1011 Motus
1140 978 1312 1020 Adrastus]
1324 980 1448 1011 Motus
1461 978 1606 1021 effectu,

892 1038 962 1071 quo
978 1029 1054 1071 quis
1068 1029 1161 1061 circa
1169 1029 1325 1071 hospites
1340 1040 1419 1062 suos
1431 1030 1521 1062 solet
1536 1032 1609 1063 m'o·

891 1079 982 1111 veri.
1005 1079 1103 1111 Idem.

939 1133 1004 1162 683
1020 1129 1143 1163 Scimus
1156 1131 1220 1172 aie]
1251 1129 1325 1163 Aut
1348 1131 1439 1174 quod
1457 1131 1531 1174 ipse
1545 1131 1607 1164 (Ε-

895 1180 1058 1222 dipodem
1080 1181 1266 1223 aliquando
1294 1186 1517 1223 susceperat:
1550 1186 1610 1214 aut

897 1230 990 1273 quod
1007 1231 1081 1272 ipse
1103 1231 1146 1263 ab
1163 1231 1336 1273 OEdipode
1352 1232 1538 1274 aliqnando
1553 1231 1608 1264 fn-

898 1285 973 1313 erat
1004 1285 1195 1323 susceptus.
1250 1282 1319 1313 Nec
1353 1283 1398 1314 sic
1425 1282 1607 1324 adversum]

899 1331 978 1363 Non
994 1331 1042 1363 ita
1064 1341 1084 1363 a
1100 1331 1197 1363 nobis
1224 1332 1272 1363 sol
1301 1332 1483 1365 adversum
1501 1333 1608 1366 volvit

898 1382 1026 1423 iter,ut
1046 1392 1088 1414 ea
1108 1392 1183 1424 (ιιι-α»
1200 1383 1303 1424 longe
1321 1384 1502 1416 constituti
1518 1394 1611 1416 com·

899 1433 1066 1474 pererint,
1080 1442 1140 1464 nos
1151 1432 1288 1464 finitimi
1300 1434 1504 1467 nesciamus.
1528 1435 1582 1466 Id.

941 1473 1005 1514 6‘85
1028 1483 1158 1514 Arctois
1179 1484 1209 1515 si
1234 1483 1320 1525 quis]
1342 1485 1352 1502 ‘
1370 1484 1494 1527 Frigus
1520 1486 1610 1527 pati-

900 1536 958 1565 tur
981 1533 1046 1564 sub
1071 1532 1206 1574 ⁴Arctoo
1228 1534 1390 1567 climate!
1433 1535 1490 1567 Sic
1516 1540 1610 1567 nter·

897 1592 966 1624 que
980 1583 1191 1615 Scholiastes
1212 1584 1356 1625 priscus,
1373 1584 1555 1617 Luctatius
1570 1590 1609 1618 et

900 1633 1041 1665 Noster.
1085 1633 1186 1665 Dura
1202 1638 1315 1665 tamen
1342 1640 1396 1667 est
1415 1636 1557 1672 locutio,
1573 1640 1610 1668 et

899 1683 1017 1724 potius
1036 1684 1094 1715 sub
1118 1693 1219 1725 quam
1243 1686 1282 1716 de
1303 1685 1440 1717 Solibus
1457 1686 1610 1719 scribere

900 1733 1065 1765 debebat.
1111 1733 1153 1765 In
1180 1734 1412 1767 vetustissimo
1440 1736 1498 1768 illo
1522 1737 1609 1769 libro

899 1784 1131 1816 desolibusuna
1147 1788 1316 1826 perpetua
1330 1795 1397 1817 vox
1413 1787 1506 1818 clare
1517 1797 1610 1819 com-

901 1840 1012 1875 paret.
1057 1833 1097 1865 Si
1111 1834 1182 1875 quis
1201 1836 1241 1866 de
1256 1835 1386 1868 Arctois
1397 1836 1522 1868 Solibus
1540 1837 1614 1869 hor·

898 1883 967 1924 ret]
987 1884 1065 1916 Hoc
1080 1889 1147 1925 est,
1162 1885 1299 1918 horrido
1315 1886 1514 1929 incultoque
1536 1896 1610 1919 cor-

902 1944 988 1977 pore
1014 1941 1119 1977 atque
1151 1936 1265 1968 animo
1294 1940 1360 1968 est.
1404 1937 1610 1978 Descriptio

897 1985 977 2017 lia-c
1003 1985 1153 2026 partium
1171 1986 1290 2019 mundi
1314 1987 1453 2020 minime
1479 1993 1533 2021 est
1548 1998 1611 2031 pro

903 2045 1002 2078 :equo
1016 2036 1194 2078 loquentis
1211 2036 1363 2071 Adrasti.
1389 2038 1508 2070 Barth.

946 2090 1011 2120 690
1037 2089 1171 2120 Erravit
1180 2089 1300 2131 pietas]
1317 2089 1359 2121 In
1376 2095 1493 2123 nostro
1504 2090 1610 2123 etiam

904 2147 1033 2180 genere
1045 2138 1240 2172 aberravit:
1270 2140 1333 2172 hoc
1358 2146 1504 2182 propter
1524 2142 1613 2173 Tan-

905 2190 1013 2221 talum
1038 2189 1136 2231 dicit,
1150 2190 1337 2223 sceleribus
1358 2201 1423 2223 nec
1446 2201 1525 2223 suos
1540 2192 1613 2234 qui·
1677 2223 1682 2227 ,

904 2239 982 2271 dem
999 2240 1150 2273 caruisse
1160 2241 1315 2282 majores.
1334 2242 1484 2274 Laetam.

949 2294 1012 2323 691
1040 2291 1088 2323 Tu
1103 2292 1206 2333 modo]
1229 2292 1278 2323 Ut
1300 2301 1368 2324 non
1389 2293 1435 2325 sis
1455 2292 1615 2325 crimino-

907 2351 977 2375 sus.
1027 2342 1169 2374 Mereare
1194 2343 1353 2384 secundis]
1382 2343 1535 2375 Sensus:
1568 2344 1614 2375 E-

905 2391 1084 2425 nitendum
1103 2393 1165 2425 tibi
1181 2398 1248 2434 est,
1265 2398 1304 2426 ut
1326 2393 1429 2426 factis
1455 2395 1524 2426 tuis
1547 2404 1614 2427 non

906 2444 1015 2476 solum
1040 2444 1242 2486 parentibus
1269 2445 1408 2478 videare
1430 2445 1617 2487 dissimilis,

906 2494 966 2527 sed
989 2494 1094 2527 etiam
1109 2494 1186 2526 illos
1201 2494 1310 2528 facias
1324 2496 1538 2529 innocentes.
1562 2497 1616 2529 Id.

949 2547 1015 2577 692
1051 2546 1186 2577 Temone
1226 2546 1352 2589 supino]
1393 2547 1615 2589 Ophiuchum

906 2595 1093 2638 significat,
1107 2597 1166 2638 qni
1181 2596 1245 2629 sub
1262 2597 1350 2630 Ursa
1365 2603 1439 2638 est;
1464 2599 1616 2635 adventu

904 2647 1000 2678 enim
1016 2647 1085 2679 diei
1100 2648 1270 2689 incipiunt
1284 2648 1409 2690 sydera
1426 2651 1615 2692 septentri-

909 2698 983 2730 onis
997 2698 1188 2731 albescere.
1203 2699 1303 2732 Idem.

952 2751 1018 2782 694
1040 2748 1300 2791 &mator-amque
1320 2749 1501 2792 parentum]
1528 2750 1613 2783 Cum

907 2810 1108 2844 responsum
1119 2802 1315 2845 accepisset
1325 2802 1506 2844 Thyestes,
1516 2801 1618 2834 aliter

1454 2859 1472 2886 5
1496 2856 1529 2887 Χ
