1878 3164
398 508 914 568 RECENSUS
967 509 1555 603 EDI‘rroNUM
1603 486 1605 488 ’

576 678 643 726 Ρ.
699 677 1039 754 ΡΑΡΙΝΙῙ
1078 677 1398 740 'STATIL

560 834 792 870 AUCTIOR
826 834 1406 883 FABRICIo-ERNESTINQ

659 957 713 989 ET
734 956 786 988 IN
806 955 870 989 1v.
891 956 1073 990 AETATES
1095 957 1323 994 DIGESTUS.

733 1132 810 1177 [Ex
831 1135 904 1168 En.
925 1135 1104 1170 BIPONT,
1128 1137 1243 1179 nse]

723 1309 882 1352 AETAS
913 1314 945 1353 Ι.
979 1315 1254 1353 1472—1500.

279 1446 303 1471 a
321 1432 474 1472 duabus
504 1430 756 1484 principibus,
786 1431 940 1471 Veneta
963 1438 1003 1471 et
1029 1431 1260 1481 Parmensi,·
1276 1439 1373 1473 orta.
1419 1432 1549 1474 Tertia
1572 1414 1714 1482 nutrix,

274 1497 466 1544 Romana,
485 1495 724 1534 incrementa
743 1494 853 1534 dedit
871 1508 919 1533 ex
937 1496 1227 1547 interpretibus,
1248 1503 1376 1537 vetere
1394 1497 1556 1537 Placido
1573 1498 1712 1552 Lucta-

273 1561 358 1608 tio,¹
388 1560 453 1612 qui
481 1558 520 1597 in
549 1557 739 1598 Thebaid.
769 1558 1099 1598 commentarium
1137 1559 1303 1612 scripsit,
1334 1561 1557 1601 novior-ibus
1589 1561 1712 1602 Fran-

311 1672 328 1689 ““
351 1671 405 1703 Ab
420 1671 488 1701 aliis
503 1670 644 1701 Lutatius
659 1670 709 1701 vel
724 1670 882 1702 Luctatius
896 1671 969 1702 Pla-

269 1715 378 1751 widus,
393 1714 462 1744 aliis
474 1712 621 1744 Placidus
636 1713 816 1745 Lactantius
831 1714 969 1755 appella-

276 1763 337 1797 tur,
351 1756 408 1787 sub
421 1766 485 1797 quo
509 1755 635 1786 nomine
650 1756 758 1796 glossae
779 1761 897 1787 veteres
913 1756 971 1787 La-

278 1800 352 1831 tinae
366 1804 399 1830 ct
413 1799 446 1829 in
458 1798 566 1830 Ovidii
585 1798 795 1840 Metamorph.
810 1807 972 1840 argumen-

279 1849 312 1874 ta
325 1846 441 1873 extant.
485 1840 592 1882 Longe
617 1841 744 1882 quidem
767 1842 902 1872 diversus
926 1845 973 1872 est

278 1886 319 1916 ab
354 1883 584 1924 elegantissimo
628 1884 774 1925 scriptore
811 1883 973 1914 Lactantio

276 1927 446 1968 Firmiano,
459 1925 590 1956 Arnobii
614 1926 781 1967 discipulo,
795 1926 885 1967 cujus
909 1926 974 1957 elo-

276 1970 414 2012 quentiae
439 1974 472 2000 ct
496 1968 662 1999 eruditioni
684 1978 784 2010 pauca
807 1969 918 1999 similia
941 1969 976 1999 in

276 2013 346 2043 istis
362 2013 401 2043 ad
411 2011 544 2042 Statium
559 2011 684 2041 scholiis
697 2011 851 2052 leguntur.
871 2011 975 2042 Theo-

270 2055 359 2087 dosii
384 2054 467 2095 Imp.
482 2053 631 2095 aequalem
655 2053 750 2084 fuisse
773 2054 902 2084 affirmat
922 2053 975 2085 Jo.

279 2098 425 2128 Rhodius
441 2097 515 2128 diss.
534 2096 575 2127 de
599 2095 667 2127 acia
693 2106 724 2136 p.
748 2099 802 2128 25.
847 2095 894 2126 At
912 2106 977 2126 non

278 2145 398 2170 tantum
436 2138 575 2169 meminit
600 2138 731 2175 Sedulii,
766 2139 821 2169 sed
849 2138 978 2170 Boethii

279 2191 418 2224 quoque,
432 2182 516 2212 unde
533 2180 689 2221 juniorem
704 2191 769 2212 esse
783 2186 865 2212 recte
891 2180 978 2212 colli-

280 2226 327 2267 git
341 2225 470 2256 Vossius
485 2224 524 2254 de
541 2223 641 2263 poetis
655 2223 774 2254 Latinis
787 2233 816 2255 c.
827 2226 879 2255 46.
903 2224 978 2254 Per-

280 2278 365 2299 seum
395 2271 617 2308 praeceptorem
651 2277 738 2296 suurn
772 2265 805 2296 in
829 2277 877 2297 vr.
898 2266 979 2297 The-

281 2311 367 2341 baid.
383 2320 455 2351 pag.
471 2311 546 2341 213.
574 2308 698 2340 laudare
713 2309 836 2339 videtur
849 2309 897 2339 his
911 2319 978 2339 ver-

273 2353 330 2383 ·bis
344 2364 352 2383 ι
376 2357 385 2370 ‘
397 2353 458 2383 Sed
475 2352 515 2382 de
531 2350 577 2381 his
592 2352 682 2382 rebus
695 2351 752 2393 (de
767 2350 979 2393 Antipodibus

281 2395 326 2425 ibi
341 2394 457 2434 sermo)
472 2399 563 2435 prout
577 2394 702 2433 ingenio
717 2404 785 2425 meo
795 2398 979 2424 connectere

283 2437 384 2478 potui,
408 2447 445 2468 ex
463 2437 546 2467 libris
560 2436 724 2467 ineffabilis
739 2437 888 2467 doctrinae
904 2437 978 2467 Per-

282 2480 328 2511 sei
344 2479 540 2520 praeceptoris
561 2479 683 2509 seorsim
699 2478 836 2509 libellum
851 2489 980 2519 compo-

285 2522 355 2552 sui-¹
399 2521 503 2553 Vossii
520 2521 643 2562 judicio
668 2521 887 2552 commentaria
912 2521 980 2561 ejus

285 2569 358 2595 sunt
371 2569 519 2595 centones
533 2574 570 2594 ex
586 2564 702 2600 Servio,
716 2563 837 2604 Hygini
846 2563 980 2604 Mytho-

285 2607 394 2648 logicis
409 2612 442 2637 et
453 2606 681 2642 Astrommico,
696 2605 836 2646 ejusdem
853 2605 980 2642 Arateo,

284 2654 317 2679 et
345 2649 413 2680 aliis
448 2649 643 2690 quibusdam,
680 2649 764 2690 quod
801 2649 841 2679 de
869 2649 980 2679 eodem

286 2691 431 2722 Luctatio
445 2696 517 2722 ante
531 2691 676 2722 Vossium
692 2691 785 2721 etiam
797 2691 981 2731 pronuntia-

287 2738 373 2765 verat
384 2733 454 2766 ἔοι.
466 2733 602 2775 Scaliger
611 2743 643 2775 p.
658 2736 709 2766 19.
720 2734 759 2764 ad
772 2732 887 2764 Euseb.
912 2732 980 2764 Ad-

1019 1672 1059 1703 de
1084 1671 1230 1704 Vossium
1255 1683 1289 1714 p.
1312 1675 1387 1706 ⁷36.
1410 1673 1451 1704 de
1474 1673 1560 1705 Hist.
1583 1673 1715 1708 hunis.

1018 1715 1134 1745 Merito
1158 1721 1260 1746 tamen
1284 1715 1418 1747 Nicolao
1444 1715 1560 1748 1,οὲηεί
1580 1716 1592 1734 ‘
1605 1716 1718 1748 doctus

1021 1757 1165 1798 lectuque
1180 1759 1292 1799 dignus
1306 1762 1448 1799 exegetae
1459 1756 1469 1772 ’
1489 1758 1589 1800 audit,
1613 1759 1623 1776 ⁸
1637 1767 1716 1800 pm·

1021 1804 1067 1830 ter
1081 1800 1206 1841 quidem
1222 1799 1429 1841 glossemata!
1466 1799 1583 1832 confer
1596 1799 1718 1832 Bataui

1022 1847 1219 1873 commentar.
1234 1843 1266 1873 in
1290 1842 1421 1874 Statium
1435 1841 1474 1875 Τ.
1490 1853 1531 1875 11.
1544 1852 1579 1884 p.
1592 1845 1668 1876 8⁷1.
1684 1847 1718 1876 et

1023 1894 1086 1915 mr.
1101 1888 1154 1917 13.
1169 1885 1332 1916 Adversar.
1370 1885 1476 1916 Priore
1489 1885 1558 1916 loco
1572 1884 1718 1918 vossium

1023 1937 1146 1968 quoque
1189 1927 1386 1968 reprehendit
1429 1926 1587 1964 Barthius,
1629 1929 1716 1970 quod

1024 1969 1184 2010 scripserat
1201 1969 1356 2001 Lutatium
1371 1980 1391 2001 a
1413 1969 1642 2011 Lindenbrogio
1656 1972 1718 2015 pri-

1025 2022 1107 2042 mum
1124 2012 1254 2052 editum,
1267 2017 1300 2044 et
1323 2017 1470 2043 centones
1493 2018 1656 2043 vocaverat
1678 2025 1717 2046 ex

1025 2054 1130 2085 Servio
1156 2060 1188 2085 et
1208 2054 1352 2097 Hygino,
1375 2065 1505 2096 quornm
1529 2058 1717 2098 commenta-

1025 2096 1126 2127 tiones
1140 2097 1191 2128 vix
1214 2097 1412 2129 centesimam
1426 2097 1507 2128 illius
1529 2103 1647 2138 partem
1661 2099 1719 2138 sibi

1026 2140 1146 2180 possint
1160 2139 1327 2172 vindicare.
1371 2139 1511 2171 Lutatius
1535 2139 1568 2170 in
1585 2140 1720 2182 TheBsL

1028 2183 1098 2212 dem
1118 2181 1185 2223 jam
1200 2181 1310 2213 Romae
1333 2185 1428 2215 14⁷5.
1453 2182 1508 2214 fol.
1536 2191 1606 2226 cnm
1619 2183 1718 2218 Statio

1027 2224 1126 2255 lucem
1150 2225 1279 2264 viderat,
1293 2224 1348 2256 sed
1372 2225 1404 2256 in
1428 2223 1635 2257 Achilleidem
1677 2226 1719 2258 ri-

1026 2277 1095 2297 mus
1110 2267 1208 2298 edidit
1223 2267 1469 2310 Lindenbmgius
1483 2277 1501 2298 e
1519 2263 1583 2299 Ms.
1670 2267 1678 2276 “
1700 2279 1719 2301 e

1028 2309 1183 2340 Francisci
1212 2310 1335 2342 Pithoei.
1377 2310 1416 2341 In
1451 2309 1593 2350 catalogo
1620 2310 1721 2349 Pseua

1028 2352 1233 2393 donymorum
1258 2351 1326 2384 Viri
1341 2352 1391 2384 Cl.
1417 2351 1577 2384 vincentii
1599 2352 1719 2385 Plnccii

1021 2403 1062 2435 ἰ).
1091 2397 1166 2426 216.
1192 2405 1246 2435 pro
1271 2394 1406 2429 Luctatii
1434 2393 1660 2426 Commentario
1683 2397 1720 2429 in

1029 2436 1169 2469 Statium
1184 2438 1395 2479 typographus
1408 2446 1564 2478 perperam
1579 2437 1614 2468 ὴ
1630 2439 1721 2471 Tm:

1029 2483 1094 2511 tum
1105 2481 1241 2511 excudit.
1265 2480 1359 2511 Porro
1371 2479 1576 2511 Christianum
1590 2479 1719 2522 scripto-

1028 2532 1091 2552 rem
1112 2521 1207 2552 fuisse
1230 2528 1359 2563 apparet
1383 2532 1420 2553 ex
1441 2521 1491 2558 iis,
1514 2532 1584 2563 quae
1606 2522 1640 2553 in
1668 2534 1720 2556 xv.

1028 2564 1202 2595 Thebaidos
1224 2565 1328 2595 scribit
1341 2574 1413 2605 pag.
1439 2566 1513 2596 144.
1554 2563 1642 2596 ‘Dei
1663 2576 1720 2598 vo-

1029 2607 1171 2637 cabulum
1187 2606 1257 2637 sciri
1282 2617 1301 2637 a
1322 2607 1408 2641 nullo
1433 2606 1591 2637 hominum
1607 2613 1721 2649 potest,

1030 2649 1084 2679 sed
1099 2649 1174 2690 qnid
1190 2648 1301 2679 verita·
1325 2649 1450 2689 habeat,
1473 2649 1610 2690 percipe.
1650 2650 1720 2688 Hu-

1026 2690 1119 2732 jusne
1135 2690 1196 2721 Dei
1212 2701 1324 2722 nomen
1347 2690 1416 2722 sciri
1439 2695 1552 2732 potest,
1565 2692 1620 2734 qui
1641 2698 1720 2725 nutu

1030 2737 1149 2764 tantum
1164 2732 1254 2775 regit,
1267 2733 1406 2766 continet
1421 2738 1547 2772 cuncta,
1571 2734 1660 2777 eujus
1673 2745 1722 2767 nr-
