1878 3164
463 254 503 284 P.
536 251 730 284 PAPmn
763 250 932 284 STATn
966 250 1171 283 Actium.
1206 251 1303 282 LlB.
1328 251 1359 282 1.

163 350 202 382 et
214 347 342 392 aliquid
358 346 545 382 violentum
560 346 690 381 facere.
715 347 816 381 Idem.

173 426 178 428 ἡ
205 402 271 433 ⁸1⁸
298 399 346 433 Ue
360 402 456 441 pater
468 397 620 438 armenti]
643 397 791 440 Eclipsis
805 400 872 439 est,

162 449 202 485 ia
212 453 270 483 est
282 450 347 490 ita,
355 449 482 492 inquit,
493 449 536 481 ad
547 458 697 483 aurorem
707 449 870 482 incende-

94 529 109 534 -
161 500 266 535 batur
276 499 442 542 Achilles,
456 504 495 533 ut
505 500 691 541 juvencus,
703 500 762 543 qui
776 500 871 541 futu-

160 559 222 586 rus
242 555 300 585 est
319 554 422 594 pater
448 550 608 593 armenti,
637 550 871 584 inflammatur

161 605 349 644 conspecta
362 611 482 635 vacca.
513 602 696 645 Quondam]
719 603 870 645 Tempus

159 650 316 686 faturum
325 653 391 686 hoc
402 653 480 686 loco
488 652 675 696 siguificat,
687 654 770 686 alias
780 663 871 696 prae-

160 702 317 736 teritum.
339 703 443 736 Iden.

170 779 172 781 -
203 756 268 788 ⁸17
291 754 444 797 Spectant
469 754 603 796 hilares]
639 755 748 789 Quasi
766 755 872 798 dicat,

159 805 210 840 ita
224 809 263 839 et
275 811 424 840 matrem
434 807 555 839 latam
566 806 675 839 fuisse
686 811 871 850 perspecto

163 863 280 891 amore
295 855 370 890 filii.
395 857 500 891 Idem.

203 909 270 941 ⁸19
301 907 426 949 Hm,
452 907 524 951 ξω]
557 908 694 950 Malim,
734 909 847 942 Ham
857 919 871 948 ,-

158 966 240 991 nan
252 957 299 991 de
313 958 507 1000 virginibus
523 959 688 1002 loquitur.
714 960 856 994 Gronov.

167 1042 171 1047 ,
201 1010 269 1042 820
305 1009 395 1047 Quia
429 1006 495 1043 tale
521 1010 580 1043 sub
610 1011 710 1054 Ossa]
741 1011 871 1043 Sensus

159 1063 266 1094 “tet
279 1060 366 1095 ordo
379 1072 390 1095 τ
412 1062 504 1097 Quid
522 1063 593 1095 tale
608 1073 757 1105 unquam
769 1062 872 1095 vidis-

160 1110 191 1145 ti
205 1111 271 1145 snb
287 1111 388 1153 Ossa,
405 1117 443 1145 et
454 1113 551 1155 jugis
566 1113 742 1145 Peliacis?
773 1112 871 1155 Ossa]

156 1161 264 1196 Mon·
277 1163 478 1196 Thessaliae.
499 1164 653 1197 Britann-

168 1234 171 1237 v
202 1215 267 1246 821
293 1214 324 1245 O
345 1214 374 1246 si
398 1214 480 1247 milii
494 1215 634 1255 jungere
653 1213 871 1256 carasJHaee

161 1264 261 1307 (licit,
284 1269 325 1298 nt
345 1266 453 1307 magis
468 1265 622 1299 Achilles
639 1265 871 1298 inflammetur

164 1315 209 1350 ad
238 1315 441 1349 sumendum
467 1316 624 1349 habitum
653 1317 869 1350 muliebrem.

161 1366 227 1399 Est
241 1367 332 1400 enim
346 1375 489 1400 sensus:
517 1366 662 1399 Utinam
688 1366 871 1409 contingat

162 1417 247 1451 mihi
273 1417 391 1450 videre
417 1417 567 1460 aliquem
591 1422 738 1459 puerum
763 1427 807 1449 ex
834 1424 871 1450 te

161 1477 264 1511 quem
279 1468 357 1501 sinn
371 1477 450 1501 meo
463 1468 645 1510 excipiam.
676 1469 707 1500 O
719 1472 753 1500 et
766 1468 797 1500 si
811 1478 871 1510 op-

159 1519 268 1552 tantis
276 1522 370 1561 sunt,
381 1528 458 1562 qum
470 1519 778 1561 nuncjungunturz
792 1528 871 1551 uam

159 1569 391 1612 singula'ante
406 1569 639 1611 ponebantur.
664 1570 762 1602 [dem.

204 1622 269 1653 828
289 1619 444 1662 Visusque
456 1621 604 1662 superbos
615 1620 781 1662 Obliquat]
792 1620 872 1652 Pla-

161 1674 232 1712 cet,
246 1670 340 1714 quod
362 1675 418 1703 est
434 1670 470 1703 iu
485 1670 632 1704 membr.
645 1671 788 1712 visusque
796 1681 872 1712 pro-

161 1724 267 1755 ter-im
299 1721 464 1763 Obliquat.
513 1722 735 1763 Petulantes,
772 1722 873 1754 lasci-

162 1781 234 1810 νου,
257 1771 466 1814 incipientes
489 1770 604 1813 frangi
619 1771 790 1804 desiderio
803 1773 873 1804 Ve-

159 1823 253 1857 neris
268 1821 453 1865 significat.
496 1822 547 1855 Ut
562 1822 621 1855 ille
637 1822 728 1865 apud
744 1823 874 1855 Teren-

159 1873 247 1906 tinm
259 1876 400 1916 aspectat
411 1873 515 1906 liram
549 1873 607 1908 Sic
618 1873 662 1914 in
686 1873 873 1906 Saturnali-

160 1923 246 1958 bnn
269 1925 339 1957 ‘Et
353 1924 468 1957 ridens
481 1924 591 1959 Jocus
617 1928 656 1957 et
678 1925 766 1957 sales
792 1934 873 1966 pro-

162 1975 280 2009 tervi?
292 1975 401 2009 Theb.
414 1985 470 2009 rx.
487 1980 498 1995 ⁶
509 1976 621 2018 thyasi
635 1976 781 2009 ludusve
794 1986 872 2018 pro-

162 2030 270 2060 tervae
292 2025 444 2060 Noctis!
486 2027 534 2060 Et
548 2027 604 2060 bic
621 2037 700 2060 mox
716 2037 724 2058 :
748 2029 758 2046 ‘
771 2037 871 2060 exer-

162 2085 242 2110 cere
258 2081 440 2120 protervas
451 2077 677 2120 Gymnadas.’
718 2078 796 2111 Nec
809 2079 871 2111 ali-

163 2132 219 2159 ter
238 2127 415 2160 Bernartii
437 2128 560 2165 codex,
575 2133 613 2161 et
628 2128 696 2160 dno
712 2129 871 2162 Gruteri.

162 2177 314 2216 Tertius,
327 2180 486 2219 paternos.
509 2177 661 2211 Gronov.

205 2230 271 2260 824
298 2227 421 2270 Vestes]
446 2227 590 2270 viriles,
614 2234 652 2262 ut
679 2229 799 2262 induat
822 2229 872 2263 fe-

161 2276 305 2310 mineas.
347 2277 498 2320 Leniore]
527 2279 739 2312 Placatiore.
765 2281 872 2313 Matu-

160 2331 248 2360 raat.
784 2348 786 2351 >

205 2382 270 2413 82⁵
285 2380 493 2424 Ambiguum]
513 2382 592 2414 Non
609 2388 871 2424 repugnantem,

162 2430 226 2463 aed
252 2433 349 2474 quasi
372 2431 603 2465 dubitantem.
650 2434 745 2474 Cogit
770 2436 872 2467 volen-

161 2481 240 2524 tem]
255 2483 325 2517 Qui
341 2488 456 2516 tamen
476 2484 567 2517 nolle
588 2484 698 2517 videri
719 2485 873 2519 volebat.

205 2585 273 2616 826
293 2583 491 2626 Innectitqae
509 2584 613 2626 sinus]
641 2585 711 2618 Sex
729 2585 874 2619 Gruteri

165 2639 203 2667 et
225 2634 358 2678 aliquot
379 2636 529 2678 inspecti
549 2636 648 2669 uobis
667 2647 676 2669 ι
699 2637 875 2680 Injecitque

163 2684 263 2718 sinas.
307 2686 410 2721 Quod
430 2687 539 2729 magis
563 2687 608 2720 ob
631 2689 750 2721 oculos
776 2690 874 2731 ponit

162 2741 391 2778 occupantem
406 2742 544 2780 tempus
559 2739 742 2771 Thetidem
757 2746 792 2772 et
806 2739 874 2773 fes-

163 2786 343 2820 tinantem.
375 2787 526 2821 Plauto:
550 2788 749 2831 ‘conjicere
764 2791 798 2824 in
813 2792 872 2824 liu-

163 2846 276 2870 meros
292 2837 458 2880 pallium.'
482 2839 621 2874 Gronov.

1514 241 1624 286 2021

965 350 1031 380 329
1051 347 1101 380 Ae
1114 346 1313 388 suadilecta]
1334 345 1367 379 A
1382 346 1471 379 collo
1499 356 1560 380 suo
1587 351 1632 382 ad

922 399 996 431 nati
1019 399 1143 431 collum
1168 398 1310 440 propria
1332 398 1510 430 transtulit
1531 408 1632 432 orna-

922 453 1056 482 menta:
1086 452 1142 481 est
1167 452 1283 480 autem
1302 448 1428 480 monile
1453 457 1632 481 ornamen-

923 505 995 533 tum
1011 499 1094 532 colli
1110 499 1304 540 mulierum,
1320 503 1357 531 et
1371 503 1512 531 ornatus
1527 509 1633 542 equo-

921 560 996 583 rum
1013 561 1034 583 a
1049 551 1137 583 collo
1152 549 1392 592 praependens.
1414 550 1599 582 maturant.

963 605 1028 634 330
1045 603 1225 634 ‘picturato
1254 601 1364 643 limbo]
1389 601 1542 634 Picturis
1562 601 1633 634 dis—

921 653 1043 696 tincto,
1064 658 1120 686 est
1136 657 1251 685 autem
1271 652 1416 694 pingere
1439 651 1546 684 etiam
1567 662 1633 685 acu

921 704 1066 737 variare.
1090 703 1218 745 Virgil.
1242 707 1250 721 ‘
1264 703 1387 735 Pictus
1402 712 1465 735 acu
1481 703 1633 746 chlamy-

921 754 1024 787 dem.¹
1068 754 1219 796 Lymbus
1232 763 1314 786 vero
1329 752 1441 786 fascia
1462 758 1530 795 est,
1553 764 1632 796 quae

923 805 1032 838 ambit
1060 805 1300 837 extremitates
1330 804 1480 837 vestium
1510 813 1634 838 seeun-

921 855 1004 888 dum
1019 855 1199 898 antiquum
1214 855 1332 887 ritum.
1356 855 1459 888 Idem.

964 909 1029 938 331
1054 906 1162 939 Fundi
1182 906 1347 948 pudorem]
1372 905 1423 937 Ut
1447 915 1558 947 pauca
1583 905 1632 939 lo-

921 961 1058 1000 quatur.
1083 956 1269 991 Silentium
1281 957 1372 989 enim
1388 955 1635 989 mulieremde·

922 1012 994 1050 cet,
1009 1007 1100 1050 quod
1115 1008 1304 1050 Sophocles
1320 1008 1380 1040 ait.
1425 1007 1521 1040 Dido
1538 1008 1632 1050 apud

920 1060 1104 1100 Virgilium
1130 1059 1285 1092 breviter
1311 1059 1476 1102 loquitur,
1507 1063 1546 1092 et
1573 1059 1632 1092 de·

922 1110 1030 1142 missis
1045 1111 1080 1142 in
1099 1114 1227 1143 terram
1242 1111 1365 1144 oculis.
1389 1111 1490 1144 Idem.

964 1163 1030 1192 332
1054 1160 1217 1202 Qualiter]
1242 1161 1393 1193 Pulchra
1418 1166 1472 1193 est
1494 1171 1634 1203 compa-

921 1211 1029 1252 ratio;
1051 1215 1089 1244 et
1112 1215 1169 1244 est
1194 1212 1279 1244 ordo
1306 1222 1349 1244 ac
1378 1221 1515 1245 sensus:
1540 1214 1635 1246 Talis

921 1266 998 1295 erat
1013 1262 1126 1304 imago
1141 1263 1239 1295 Divae
1256 1263 1467 1296 immutantis
1490 1269 1606 1297 uatum
1624 1275 1634 1304 ;

920 1323 999 1346 nam
1022 1323 1067 1345 ex
1082 1314 1157 1346 viro
1172 1312 1336 1345 feminam
1352 1313 1569 1352 faciebat‚.et
1584 1315 1636 1347 sic

920 1373 965 1396 ex
979 1364 1039 1397 illa
1053 1364 1203 1405 imagine
1229 1364 1295 1396 viri
1320 1365 1423 1397 aliam
1446 1365 1633 1399 formabat.

924 1416 1016 1448 Cerae
1037 1415 1182 1457 victure]
1208 1415 1251 1447 Id
1282 1420 1349 1456 est,
1380 1426 1458 1449 cum
1489 1417 1634 1449 victura-1

922 1466 1076 1498 membra
1103 1470 1230 1499 statuae
1258 1467 1351 1500 inter
1381 1478 1417 1500 se
1457 1469 1634 1511 accipiunt

922 1516 1047 1549 formas
1063 1517 1191 1558 pollice
1208 1517 1364 1550 artificis.
1389 1519 1489 1552 Idem.

965 1568 1028 1599 33⁵
1052 1567 1206 1609 Laetam]
1233 1568 1311 1600 Non
1335 1568 1394 1601 diu
1417 1568 1634 1601 informando

922 1616 1093 1650 Achillem
1122 1618 1304 1652 laboravit.
1334 1621 1435 1654 Idem.
1482 1621 1634 1662 Superest

921 1678 996 1701 nam
1020 1668 1192 1710 plurimus]
1222 1669 1302 1702 Hoc
1329 1670 1529 1712 dicit‚l1aud
1544 1671 1634 1703 diffi-

922 1719 988 1751 cile
1004 1719 1104 1751 matri
1121 1719 1226 1752 fuisse
1241 1721 1291 1752 ita
1302 1731 1512 1762 componere
1526 1723 1634 1755 filium

921 1774 961 1802 ut
974 1770 1095 1801 mulier
1106 1771 1329 1812 probaretur,
1340 1772 1422 1814 quia
1436 1773 1472 1804 in
1487 1783 1528 1805 eo
1546 1784 1635 1815 prae-

922 1825 978 1853 ter
994 1820 1084 1854 vires
1101 1822 1215 1854 iuerat
1230 1822 1336 1854 decor
1356 1827 1392 1855 et
1414 1824 1634 1865 pulchritudo

923 1871 1092 1913 quaedam,
1118 1876 1158 1904 ut
1173 1873 1271 1904 sexui
1297 1872 1447 1906 femineo
1464 1875 1561 1907 valde
1577 1885 1634 1907 ac·

922 1922 1075 1954 cederet.
1122 1922 1227 1964 Nam,
1248 1926 1286 1954 ut
1305 1923 1479 1955 Homerus
1498 1925 1631 1966 scribit,

921 1972 1070 2005 omnium
1119 1972 1324 2005 Graecorum
1362 1975 1633 2015 speciosissimus

921 2024 987 2057 fuit
1004 2029 1041 2057 et
1057 2023 1279 2057 fortissimus.
1304 2026 1461 2059 Britann.

963 2077 1028 2109 344
1051 2075 1107 2107 Sic
1131 2075 1185 2107 ubi
1206 2075 1374 2117 virgineis]
1389 2077 1478 2110 Haec
1495 2087 1633 2120 compa-

920 2125 1010 2158 ratio
1026 2125 1070 2157 ad
1097 2126 1250 2158 studium
1273 2126 1445 2160 duntaxat
1469 2129 1636 2171 pertinet,

920 2186 989 2219 quo
1018 2177 1054 2209 in
1084 2176 1237 2209 ornando
1266 2177 1337 2210 filio
1364 2179 1484 2210 Thetis
1512 2180 1633 2213 utitur.

921 2227 1073 2267 Hecate,
1095 2229 1227 2269 Diana,
1250 2238 1327 2270 quae
1344 2229 1466 2261 eadem
1482 2234 1518 2262 et
1535 2225 1644 2263 Luna*

921 2283 988 2319 est,
1000 2283 1038 2311 et
1051 2279 1106 2310 sic‘
1117 2282 1260 2311 vocatur
1282 2279 1373 2322 quod
1396 2280 1497 2322 louge
1520 2281 1634 2314 radios

922 2336 960 2362 et
974 2330 1088 2362 lumen
1104 2330 1316 2371 suumjacit.
1339 2330 1414 2363 ἑκὰς
1428 2331 1519 2363 euim
1545 2332 1636 2372 longe

922 2385 987 2414 est.
1035 2380 1210 2413 Hesiodus
1234 2381 1269 2412 iu
1293 2381 1424 2422 Tlieog.
1464 2382 1634 2416 Hecatom

923 2432 1011 2465 dicit
1024 2443 1090 2465 uon
1100 2441 1176 2465 esse
1191 2433 1449 2475 Proserpinam,
1459 2434 1519 2466 sed
1533 2435 1636 2467 aliam

925 2484 1083 2517 Asteries
1113 2485 1240 2516 sororis
1270 2485 1412 2517 Latonae
1444 2484 1562 2527 filiam,
1598 2492 1635 2519 et

923 2535 1048 2568 Persei
1079 2534 1196 2567 fratris
1227 2534 1369 2572 Astu-wi,
1400 2537 1457 2568 cui
1491 2537 1636 2579 Jupiter

924 2586 993 2618 vim
1009 2591 1044 2619 et
1060 2590 1270 2628 potestatem
1287 2586 1319 2617 in
1337 2586 1451 2618 omnia
1462 2588 1636 2622 concessit

924 2637 1110 2677 elementa,
1132 2636 1225 2668 unde
1255 2637 1392 2669 Hecate
1415 2638 1636 2672 existimatur

924 2687 1054 2727 vocari,
1069 2685 1182 2719 ἑκατὸν
1197 2687 1286 2718 enim
1304 2687 1479 2729 siguificat
1500 2693 1635 2729 centum,

925 2739 1006 2780 quia
1022 2736 1172 2770 infinitas
1188 2738 1304 2770 babuit
1321 2742 1527 2778 potestates.
1567 2739 1634 2771 Or-

923 2791 1030 2832 pbeus
1041 2789 1074 2820 in
1088 2788 1284 2830 Argonaut.
1301 2789 1473 2830 triplicem
1486 2790 1572 2822 hanc
1585 2790 1636 2822 di-

925 2840 974 2872 ‹it
997 2848 1086 2881 esse,
1117 2846 1154 2871 et
1177 2839 1244 2871 tria
1266 2839 1395 2873 habere
1407 2841 1536 2883 capita,
1552 2841 1635 2874 dex·
