1878 3164
244 212 246 214 ’
301 200 410 242 1760

297 305 430 346 qualem
468 304 602 345 paravit
643 303 750 336 Arcas
786 303 992 343 Mercurius,

295 364 434 387 carmen
449 354 610 385 dimensis
625 354 710 396 lyra,
725 363 802 395 quae
826 362 870 384 ex
885 357 991 384 testu-

295 403 375 435 dine
396 403 490 435 facta
516 407 580 444 est,
606 403 702 441 fecit,
724 406 760 433 ut
786 401 899 443 Lyrici
922 402 994 433 sint

294 453 374 485 inde
390 452 564 494 appellati.
590 452 727 483 Gronov.
741 451 855 484 Diatr.

334 505 377 534 98
403 503 446 534 Et
456 503 525 543 quis
537 502 638 542 dulce]
662 502 707 532 Et
718 500 840 543 quibus
857 505 991 542 gratum

292 551 370 584 fuit.
431 551 587 592 Tenuare]
621 552 840 592 Temperare.
882 551 990 592 Vires]

293 601 435 633 Heroici
472 600 640 633 carminis.
692 599 828 632 Lasciva
864 600 990 641 Thalia]

292 650 457 691 Elegiaco
474 650 632 680 carmine.
655 649 778 680 Domit-

333 702 376 731 99
401 700 522 730 Gressu
547 698 708 738 truncare]
739 697 780 730 Id
809 702 864 730 est
893 698 989 730 dimi-

289 758 394 780 nuere
411 759 477 781 uno
494 749 594 790 pede.
627 747 763 780 Senones
776 748 896 789 versus]
919 749 987 780 Sex

290 800 427 841 pedum.
471 799 608 840 Heroos]
654 799 696 831 Id
733 803 787 832 est
821 800 987 833 heroicos.

289 850 388 881 Idem.
783 867 786 870 ⁴

332 902 391 930 105
417 899 604 940 Crinemque
619 900 725 942 afflato
739 899 854 940 monte]
869 901 985 934 Quan-

286 958 386 990 quam
402 948 462 982 δύω
474 948 644 990 κοσμήτορε
657 951 742 981 λαῶν
755 949 789 982 J.
803 949 935 989 Lipsius
950 954 985 980 et

286 999 373 1030 alter
387 997 642 1040 πολυθρΰλλητον
655 1001 716 1031 τῶν
731 1001 861 1031 Μουσῶν
875 998 984 1040 ἆνθρή-

284 1060 348 1080 νιον
369 1050 540 1089 corrigere
565 1049 596 1081 h.
621 1050 643 1080 l.
668 1049 850 1090 coeperint,
868 1053 984 1090 tamen

284 1107 400 1129 verum
418 1103 471 1130 est
496 1098 637 1130 Poe'tam
653 1098 896 1139 scripsisse‚„nt
915 1099 984 1129 vul-

282 1157 325 1188 go
350 1148 486 1188 legitur.
529 1148 636 1181 Jubet
659 1148 914 1189 Parthenopen,
932 1147 982 1179 di-

282 1206 358 1228 vam
377 1197 557 1238 praesidem
581 1198 817 1238 Neapolitanae
831 1197 923 1229 urbis
946 1201 983 1230 et

278 1248 440 1289 regionis,
464 1250 592 1280 tumulo
618 1249 769 1290 parentis
795 1248 905 1281 crines
920 1249 981 1280 im-

281 1308 419 1338 ponere.
464 1300 579 1340 Fingit
605 1305 719 1331 autem
747 1300 851 1341 ipsam
871 1299 979 1331 Deam

280 1348 519 1390 Parthenopen
545 1350 734 1381 inhabitare
758 1358 822 1380 ceu
849 1357 979 1380 sacram

277 1398 341 1430 sibi
357 1399 473 1430 sedem
491 1404 636 1431 montem
648 1400 839 1431 Vesevum:
857 1403 894 1429 ut
908 1398 979 1439 ple·

277 1457 419 1490 rumque
444 1449 519 1480 loca
533 1448 709 1480 inaccessa
727 1448 877 1479 Deorum
902 1457 978 1479 esse

275 1499 495 1539 putabantur,
525 1502 561 1531 et
590 1499 753 1539 religione
777 1498 891 1538 etiam,
914 1497 978 1529 etsi

275 1549 358 1580 alias
380 1548 482 1585 invia,
506 1553 604 1590 septa
620 1553 729 1580 erant.
771 1547 977 1589 Pomponius

278 1598 371 1630 Mela
399 1599 458 1634 lib.
487 1608 542 1631 ιιι.
584 1599 710 1630 ‘Ultra
743 1599 830 1630 hunc
866 1598 976 1629 sinum

275 1657 369 1678 mons
399 1648 486 1679 altus
507 1648 562 1690 (ut
591 1648 706 1680 Graeci
725 1646 878 1688 vocant)
901 1649 977 1679 θεῶν

271 1697 388 1739 ὄχημα,
405 1698 580 1740 perpetuis
607 1698 741 1739 ignibus
763 1696 909 1737 flagra&
938 1703 976 1730 et

272 1757 350 1789 quae
380 1753 582 1789 sequuntur.
625 1750 710 1781 Tum
737 1748 973 1788 Parthenopes

272 1802 379 1839 caput
405 1798 533 1830 dicitur
568 1799 702 1838 merito,
732 1797 820 1839 quod
851 1797 971 1828 altissi-

272 1857 362 1880 mum
378 1849 413 1880 in
427 1849 657 1890 Neapolitano
673 1848 830 1880 districtu
846 1852 919 1887 est3
935 1848 969 1879 id

270 1901 324 1929 est
350 1907 443 1930 mons
458 1899 626 1938 Vesevus,
652 1898 709 1940 qui
726 1898 822 1939 ignes
840 1898 968 1939 ejecta-

270 1946 342 1979 bat.
387 1948 496 1979 Porro
533 1947 688 1979 ‘crines’
722 1947 850 1988 ignium
875 1946 966 1978 flam-

269 2005 333 2028 mae
359 1995 558 2038 frequenter
572 1997 744 2029 dicuntur.
770 1997 909 2028 Gronov.
932 1997 966 2029 in

269 2045 382 2078 Diatr.

310 2098 372 2127 107
396 2096 568 2127 Munichiae
587 2094 688 2135 arces]
710 2095 751 2126 In
768 2095 842 2127 aliis
859 2095 966 2127 omni-

266 2145 330 2178 bus
355 2147 529 2179 codicibus
554 2146 715 2178 mendose
733 2146 896 2187 scripturn
913 2150 966 2177 est

265 2196 438 2228 Monichioe
473 2200 580 2234 artes,-
625 2196 714 2238 quod
746 2205 811 2227 nec
846 2205 964 2227 sensus

265 2255 329 2278 nec
352 2247 440 2279 ratio
464 2246 558 2278 ferre
576 2249 712 2287 potest3
735 2254 799 2276 nec
816 2245 883 2276 ulla
899 2245 964 2276 eti-

263 2304 317 2326 am
345 2295 428 2327 ficta
453 2295 570 2327 fabula
599 2295 768 2327 suadebit.
812 2295 963 2335 Legatur

262 2345 368 2385 igitur
397 2349 517 2376 nostra
549 2344 815 2376 emendatione:
852 2344 962 2375 Mum·-

261 2395 341 2426 cht'oe
362 2404 467 2425 arces:
494 2394 581 2435 quod
604 2392 756 2425 Athenas
779 2393 961 2434 significat.

263 2445 351 2476 Nam
367 2444 542 2475 Munichia
566 2444 714 2475 tumulus
730 2444 871 2475 Athenis
887 2453 961 2475 cur-

261 2504 337 2533 vus,
367 2494 552 2534 ingressum
573 2494 700 2525 habens
725 2498 869 2534 angusto
888 2503 960 2534 ore,

260 2543 314 2575 cui
331 2547 437 2574 ternae
455 2543 635 2584 subjacent
647 2548 776 2584 portae3
792 2543 959 2584 quondam

259 2601 356 2623 muro
381 2592 519 2632 vallata,
549 2593 780 2633 complectens
798 2593 956 2626 Pireum:

260 2641 350 2672 unde
377 2651 473 2672 arces
499 2642 680 2673 Munichiae
705 2641 831 2674 Atticae
855 2643 957 2675 dictae

258 2694 350 2723 sunt.
369 2691 443 2722 Hoc
452 2691 498 2722 ait
513 2692 698 2733 Papinius:
716 2693 790 2725 Nec
802 2692 958 2735 Athenis,

257 2750 322 2774 nec
335 2741 480 2783 Cyrene,
496 2751 560 2774 nec
578 2741 822 2775 Lacedaemone
848 2744 955 2776 virum

755 211 895 242 NOTAE.
931 210 1194 242 VARIORUM
1231 211 1280 242 ΙΝ

1044 303 1320 343 praestantiorem
1346 312 1494 346 unquam
1517 307 1635 336 natum
1655 313 1741 338 esse

1044 357 1143 394 patre
1167 363 1246 386 suo:
1270 363 1347 386 nam
1373 364 1416 385 ex
1445 353 1496 384 his
1519 352 1630 385 tribus
1659 349 1743 387 loct·

1043 403 1313 444 praestantissimi
1327 404 1390 436 viri
1405 404 1608 437 extiterunt.
1630 403 1743 436 Dorus·-

1029 452 1119 485 ‘tius-

1084 505 1148 534 109
1169 502 1208 535 Si
1223 505 1260 535 ln
1275 504 1373 545 stirpe
1392 503 1495 544 vetus]
1517 503 1561 536 Iu
1582 503 1658 536 aliis
1684 513 1741 537 eo-

1041 550 1175 584 dicibus
1199 553 1359 585 mendose
1380 553 1547 595 scriptum
1563 557 1617 585 est
1632 556 1739 586 mas.-

1039 604 1100 636 sed
1131 608 1169 636 tu
1198 605 1274 646 lege
1301 608 1413 643 νείκη
1450 614 1529 638 nam
1555 605 1741 647 alloquitur

1040 654 1294 695 Parthenopen,
1321 658 1357 686 et
1383 654 1451 686 ait:
1475 653 1512 686 Si
1542 658 1580 687 tu
1600 654 1739 696 jaceres

1038 703 1090 735 tui
1119 703 1251 744 generis
1276 707 1311 735 et
1338 703 1551 736 conditorum
1574 704 1739 737 memoria

1037 752 1237 784 oblitterata
1266 758 1450 794 vetustate,
1472 758 1564 786 certe
1579 763 1665 786 nnus
1680 763 1741 796 pa-

1038 805 1092 833 ter
1106 811 1199 833 meus
1213 802 1296 834 civis
1309 807 1386 834 tuus
1402 803 1577 836 indicabat
1587 807 1623 836 te
1635 803 1736 837 Grae-

1037 861 1112 883 cam
1142 861 1218 883 esse
1250 852 1428 885 civitatem
1452 862 1511 884 sua
1534 853 1736 886 Graecarum

1035 901 1209 933 literarum
1224 901 1426 933 eruditione.
1449 902 1548 934 Idem.
1579 899 1753 944 Famaqne'

1034 951 1163 983 obscura
1175 950 1312 993 jaceres]
1334 952 1420 984 Ven.
1435 955 1471 982 et
1489 951 1559 984 Sal.
1575 951 1735 994 sanaque

1033 1000 1161 1032 obscura
1181 1001 1313 1039 jaceres.
1336 1001 1410 1033 Liv.
1437 1009 1526 1033 xur.
1551 1005 1560 1019 ‘
1575 1000 1734 1042 Incogni-

1035 1053 1105 1081 tum
1128 1049 1228 1081 famae
1259 1050 1457 1090 aperuerint
1487 1049 1588 1082 armis
1613 1050 1732 1083 orbem

1033 1100 1222 1146 terrarum?
1246 1100 1384 1133 Gronov.

1076 1140 1138 1181 122
1160 1150 1329 1189 Aonidum,
1341 1149 1510 1192 pueroque]
1533 1150 1642 1183 Quasi
1653 1150 1731 1183 Mu-

1031 1209 1078 1231 sae
1107 1205 1140 1230 et
1170 1198 1294 1240 Apollo
1324 1199 1415 1232 inter
1443 1198 1618 1240 γενεθλίυυς
1645 1199 1732 1234 θεοὺς

1032 1250 1255 1282 Praestitesve
1271 1252 1365 1282 Deos
1380 1256 1622 1284 censerentur:
1646 1252 1731 1285 licet

1030 1305 1178 1342 quatuor
1201 1304 1332 1333 tantum
1358 1311 1402 1332 ex
1424 1301 1583 1334 doctrina
1602 1295 1733 1343 AEgypss

1030 1350 1153 1382 tiorum
1178 1355 1399 1382 numerentur
1417 1361 1437 1383 a
1453 1351 1631 1384 Macrobio
1651 1351 1728 1384 Aac·

1026 1411 1103 1440 μων,
1138 1398 1239 1440 Τύχη,
1267 1399 1377 1442 Ἔρως,
1397 1399 1545 1440 Ἀνάγκη.
1593 1401 1727 1443 Genius,

1029 1451 1184 1489 Fortuna,
1198 1449 1308 1490 Amor,
1326 1450 1513 1482 Necessitas.
1536 1450 1672 1482 More-ll.
1720 1484 1725 1486 s

1072 1501 1133 1530 124
1158 1499 1226 1530 Nec
1247 1500 1393 1540 simplex,
1418 1499 1490 1540 ξω]
1513 1499 1570 1531 Ita
1583 1508 1726 1542 sequeu-

1027 1548 1077 1580 tia
1099 1548 1293 1587 scribenda,
1312 1548 1345 1580 id
1367 1553 1433 1589 est,
1448 1558 1513 1580 non
1530 1548 1674 1590 simplex
1690 1553 1726 1589 et

1027 1598 1162 1630 unicum
1173 1598 1234 1630 tibi
1248 1598 1369 1639 patriae
1381 1598 1487 1630 decus
1498 1602 1552 1631 est
1562 1609 1572 1638 ς
1587 1598 1647 1630 sed
1656 1599 1724 1632 ori-

1026 1657 1068 1688 go
1078 1647 1200 1678 natalis
1213 1647 1246 1678 in
1257 1647 1414 1688 ambiguo
1423 1648 1609 1680 certamine
1619 1649 1724 1690 gemi-

1024 1707 1077 1728 nae
1094 1703 1194 1728 terrae
1210 1697 1347 1737 pendet,
1361 1697 1449 1728 inter
1463 1706 1590 1738 anceps
1607 1703 1722 1731 certa-

1024 1757 1100 1779 men
1123 1748 1263 1779 duarum
1289 1747 1433 1787 urbium,
1450 1748 1613 1789 Neapolis
1635 1753 1721 1790 puta

1023 1804 1058 1829 et
1074 1798 1196 1837 Selles,
1210 1797 1404 1829 ventilatur.
1418 1798 1451 1829 in
1461 1797 1605 1838 ambiguo
1615 1798 1720 1831 hahet

1021 1848 1120 1879 Rom.
1150 1853 1186 1878 et
1215 1847 1301 1878 Ven.
1329 1847 1458 1887 editi0;
1495 1847 1587 1889 quod
1615 1847 1720 1880 miror

1018 1896 1145 1938 fugisse
1173 1897 1288 1927 oculos
1309 1896 1548 1928 studiosissimi
1571 1896 1719 1929 Linden-

1019 1946 1140 1988 brogii.
1184 1946 1298 1978 Semel
1331 1946 1396 1978 hoc
1429 1946 1597 1979 indicasse
1626 1945 1716 1979 suffi-

1017 1998 1097 2036 ciat,
1113 2000 1264 2028 veterem
1290 1996 1455 2038 codicem,
1471 1997 1568 2038 eujus
1585 1998 1717 2030 varian-

1017 2052 1069 2080 tes
1095 2048 1153 2079 ille
1178 2047 1299 2087 edidit,
1323 2056 1389 2078 non
1414 2047 1514 2078 alium
1532 2057 1631 2088 quam
1651 2049 1716 2080 Ro-

1016 2107 1149 2128 manum
1166 2102 1316 2128 nostrum
1342 2106 1428 2135 esse.
1474 2098 1528 2134 Ne
1551 2099 1716 2139 imposte-

1015 2156 1088 2178 rum
1113 2146 1205 2178 docti
1232 2146 1293 2177 viri
1319 2151 1446 2187 errent,
1463 2151 1501 2179 et
1530 2147 1599 2180 Ms.
1618 2147 1713 2180 illum

1015 2200 1149 2238 putent,
1163 2196 1227 2227 etsi
1244 2195 1383 2237 scriptis
1398 2196 1613 2238 aequandum.
1643 2197 1713 2230 Sed

1014 2246 1067 2277 vir
1091 2255 1252 2286 summus,
1280 2240 1493 2286 gravioribus
1515 2245 1638 2278 studiis
1653 2246 1714 2283 ime

1014 2296 1173 2336 plicatus,
1186 2299 1222 2327 et
1235 2295 1321 2326 hanc
1337 2304 1475 2336 operam
1501 2295 1535 2326 in
1552 2300 1713 2337 typogra-

1013 2347 1070 2388 phi
1086 2346 1227 2387 gratiam
1252 2351 1432 2387 praestans,
1453 2347 1638 2389 aliquando
1663 2348 1712 2379 in·

1012 2395 1212 2437 diligentius
1249 2405 1291 2427 eo
1327 2406 1406 2428 usus
1444 2401 1510 2429 est.
1564 2398 1710 2437 Degente

1011 2451 1107 2477 recte
1146 2445 1331 2487 discerpsit
1367 2447 1532 2478 Cruceus.
1591 2446 1711 2478 Graius

1010 2495 1171 2534 Magister
1207 2495 1322 2536 inepte
1358 2495 1484 2528 dieitur
1512 2496 1709 2535 Palinurus,

1009 2545 1065 2586 qui
1095 2545 1263 2586 Phrygius
1292 2549 1378 2578 erat.
1398 2568 1401 2569 ν
1425 2545 1493 2577 Sed
1523 2546 1533 2563 ‘
1551 2545 1707 2586 gratum’

1009 2594 1098 2625 dixit
1113 2595 1290 2635 Papinius,
1304 2595 1374 2626 sive
1390 2595 1518 2636 AEneae,
1531 2596 1603 2628 sive
1618 2597 1707 2628 'reu-

1009 2645 1088 2685 cris,
1112 2644 1183 2676 sive
1213 2644 1277 2686 ipsi
1305 2645 1425 2686 puppi.
1468 2646 1605 2678 Gronov.
1623 2646 1707 2678 Dia-

1009 2694 1084 2726 trib.

1052 2747 1114 2776 1³2
1136 2744 1207 2778 Alit
1221 2745 1317 2778 victos
1328 2745 1560 2788 immanis,85c.]
1582 2746 1624 2779 Id
1637 2751 1703 2790 est,
