1878 3164
305 216 419 259 1828

306 325 382 361 unt,
406 320 524 362 ibique
539 331 656 354 somno
682 322 835 363 oppressi
858 321 900 352 ab
915 320 1004 351 inse·

308 372 491 414 quentibus
521 377 601 404 sunt
621 372 831 413 interempti.
879 371 1005 412 Hyme-

307 432 402 455 naeus
427 422 554 454 relictis
576 423 623 454 ibi
650 422 836 463 virginibus
853 430 1006 452 reversus

308 471 475 513 Athenas,-
492 478 610 513 pactus
626 478 680 504 est
696 483 714 503 a
727 472 856 504 civibus
871 471 1007 503 dilectae

310 523 461 563 nuptias,
475 523 502 553 si
518 523 567 554 eis
582 523 669 554 filias
690 533 769 554 suas
792 523 1009 554 restituisset.

310 572 404 606 Quas
427 573 483 604 ubi
501 583 562 614 pro
583 578 663 605 voto
685 573 850 612 restituit,
866 577 1008 613 exopta-

309 625 379 653 tam
393 624 525 662 accepit
535 633 687 655 uxorem.
705 622 803 655 Quod
815 622 1010 662 conjuginm

311 671 391 712 quia
406 670 489 702 felix
503 671 628 712 fuerat,
646 672 779 713 placuit
795 670 1011 703 Atheniensi-

310 721 373 751 bus
388 730 509 752 nomen
523 722 651 763 nuptiis
664 722 842 763 Hymenaei
857 722 1010 754 miscere.

312 773 411 803 Idem.

354 825 417 854 285
444 822 556 863 Tyrios
582 824 620 854 de
648 823 814 864 sangnine]
843 823 1012 864 Suspecta

311 871 415 903 lectio
428 873 521 903 vocis
538 873 659 914 Tyrios.
697 874 737 904 In
754 874 882 914 optimo
897 883 1012 918 exem-

313 922 401 961 plari
417 931 483 953 vox
499 927 550 954 est
567 923 674 963 nihili,
692 924 793 955 Τίτου.
837 923 938 955 Unde
953 933 1012 954 au-

313 976 414 1012 getur
439 972 489 1003 vis
517 973 733 1013 suspicionis.
780 972 834 1005 Ab
860 972 1012 1004 Adriano

313 1021 478 1054 Behottio
495 1015 610 1054 collati
635 1023 711 1054 libri
729 1024 823 1065 Tyrio
848 1023 1012 1056 habuere.

314 1071 439 1104 Potest
471 1073 605 1105 mistum
632 1083 738 1113 genus
766 1084 809 1105 ex
832 1075 935 1115 Tyro,
949 1074 1013 1106 hoc

315 1126 367 1153 est
382 1122 502 1154 Cadmi
519 1124 682 1164 sanguine
699 1128 735 1155 et
750 1124 910 1156 Thebano
933 1134 1014 1166 agro

316 1173 443 1206 dicere.
468 1174 588 1206 Barth.

357 1227 422 1255 286
443 1225 537 1255 Jovis
559 1224 642 1256 serie
667 1225 782 1266 genus]
806 1224 925 1257 Cadmi
951 1225 1015 1256 sci-

314 1272 519 1313 licet,eujus
544 1275 640 1314 origo
664 1274 728 1306 hoc
753 1274 870 1305 ordine
894 1284 912 1305 a
927 1274 1016 1307 Jove

312 1323 503 1355 descendit.
546 1324 642 1356 Jovis
670 1323 759 1355 filius
800 1325 916 1364 Eleus,
942 1325 1016 1356 Elei

314 1372 433 1411 Belus,
461 1373 538 1403 Beli
563 1379 599 1404 et
626 1373 742 1414 Libyae
768 1372 920 1413 Agenor,
943 1373 1015 1404 Da-

315 1431 409 1462 naus,
424 1427 459 1453 et
472 1423 619 1463 AEgisxus
630 1433 642 1461 ς
666 1422 833 1462 Agenoris
847 1423 1015 1462 Cadmus;

316 1472 437 1503 Cadmi
459 1472 673 1513 Polydorus3
697 1473 859 1513 Polydori
888 1472 1018 1504 Labda·

316 1521 391 1552 cius
405 1532 415 1561 ;
437 1521 603 1553 Labdacii
617 1522 717 1553 Laius
731 1532 741 1561 ;
765 1522 838 1553 Laii
849 1522 992 1562 OEdipns
1006 1532 1015 1561 ;

318 1570 436 1611 OEdipi
453 1576 488 1602 et
512 1571 668 1603 Siueneae
683 1570 867 1611 Antigone,
892 1572 1017 1603 Etheo-

273 1659 277 1663 .
317 1621 401 1660 cles,
419 1621 615 1662 Polynices.
636 1622 834 1653 Laclantius.

361 1675 424 1703 290
448 1672 610 1714 Illyricas]
633 1673 702 1704 Ubi
719 1672 865 1704 Cadmus
885 1671 1019 1714 fugiens

317 1721 508 1754 infortunia
533 1722 736 1762 Thebarum,
757 1722 955 1754 existimans
983 1732 1020 1754 se

318 1781 394 1803 cum
407 1772 480 1803 loco
491 1772 592 1803 etiam
604 1778 735 1803 mutare
747 1770 931 1813 fortunam,
944 1781 1020 1803 cum

319 1820 506 1853 Har-mione
523 1822 667 1863 conjuge
695 1823 782 1853 versi
798 1827 875 1853 sunt
894 1823 929 1853 in
946 1823 1020 1854 dra-

318 1880 421 1903 cones
437 1871 472 1903 in
487 1872 638 1913 Illyrico.
663 1876 700 1903 ut
716 1873 844 1904 Lucan.
866 1872 876 1889 ‘
890 1873 1021 1903 Enche-

319 1922 374 1953 liae
407 1923 493 1953 versi
524 1926 690 1953 testantes
726 1921 847 1965 funera
881 1922 1022 1954 Cadmi.’

319 1972 419 2003 Idem.
463 1972 590 2011 Ejectot
614 1973 700 2004 uirus
724 1972 758 2003 in
784 1972 907 2013 herbas]
930 1973 1022 2004 Tan·

320 2022 372 2062 git
400 2021 549 2054 fabulam
572 2033 640 2064 qua
667 2023 852 2054 Harmione
874 2023 1020 2055 Veneris

318 2071 490 2113 filia,oum
513 2073 642 2104 Cadmo
663 2074 796 2109 niarito,
821 2073 854 2103 in
883 2083 1021 2114 serpen·

321 2125 392 2153 tem
409 2131 576 2153 conversa
590 2121 740 2162 fingitur.
766 2123 922 2154 Bernart.

364 2174 428 2203 294
448 2172 555 2203 Laedit
577 2172 612 2203 in
635 2172 794 2212 amplexu]
817 2172 1022 2204 stultissima

320 2222 426 2253 lectio
438 2233 448 2261 ;
462 2232 560 2263 quam
575 2223 665 2254 enim
682 2222 869 2263 gratiosum
884 2222 1022 2254 Amato-

322 2273 406 2303 rium
435 2271 596 2308 officium,
621 2272 654 2303 in
679 2282 745 2313 quo
760 2271 864 2303 Loesio
889 2272 958 2303 ulla
977 2273 1023 2304 sit

322 2321 427 2353 amati
450 2322 624 2363 corporis?
647 2322 722 2353 Nec
750 2322 844 2352 Mars
861 2326 952 2353 totus
975 2322 1021 2353 Α-

323 2372 484 2403 damante
499 2376 648 2403 armatus
665 2372 714 2402 sic
730 2371 892 2412 amplecti
908 2372 1022 2403 volue-

321 2421 367 2452 rit
383 2420 657 2452 formosissimam
674 2422 854 2454 Venerem.
897 2421 938 2452 In
961 2432 1022 2463 op-

323 2472 406 2503 timo
418 2472 476 2504 lib.
487 2473 576 2504 clare
594 2474 760 2513 seriptum
774 2473 923 2515 invenio,
937 2475 1022 2506 Red-

322 2522 372 2553 dit
385 2522 418 2552 in
437 2525 623 2564 amplexum.
665 2523 707 2555 In
725 2525 791 2556 alio
815 2529 869 2556 est
884 2525 1023 2565 vulgata

323 2573 493 2613 scriptura
502 2584 576 2605 cum
588 2574 875 2615 interpretatione
889 2586 897 2607 ε
914 2576 923 2592 ‘
935 2575 1023 2608 Quia

267 2629 270 2631 “
323 2623 454 2655 ferrata
479 2629 578 2655 erant
606 2626 766 2657 brachia!
807 2627 861 2657 Ex
883 2635 950 2667 qua
971 2624 1022 2657 fa'-

322 2672 415 2705 cias:
443 2674 555 2713 Illigat
568 2676 724 2715 amplexu.
748 2676 870 2707 Barth.
918 2697 920 2699 ·

367 2727 430 2756 300
456 2726 619 2757 Genitalia
638 2727 761 2766 soedera
778 2727 906 2768 Cadmi]
929 2727 1022 2767 Lips.

322 2774 410 2807 liber
425 2776 573 2818 scriptus
595 2777 728 2817 gentilia
747 2777 873 2816 [Φάσι-α
888 2778 998 2809 Cadmi
1012 2788 1023 2808 .-

762 225 905 258 No'rAE
938 224 1206 256 VARlORUM
1241 223 1292 254 ΙΝ

1054 317 1184 360 probe,
1175 327 1183 336 ·
1208 320 1286 349 nain
1298 315 1472 349 affinitatis
1483 316 1618 348 vinculo
1627 317 1758 351 eadm

1056 367 1240 399 adstrictus
1270 368 1381 408 Mars,
1409 367 1461 398 uti
1494 367 1567 408 jam
1593 366 1758 401 diximum·

1057 419 1207 450 Bernart.

1100 470 1162 499 302
1185 467 1310 499 Prius
1297 478 1332 499 m
1351 467 1476 509 patrui]
1501 468 1600 500 Prius
1614 432 1761 509 perdam

1058 518 1284 549 conditionem
1297 518 1395 560 hujus
1407 518 1571 558 civitatis,
1585 526 1687 560 quam
1697 517 1759 550 ali-

1059 568 1194 609 quando
1208 569 1276 600 mei
1291 570 1463 610 sanguinis
1473 569 1664 603 oblivincar.
1678 569 1761 633 ιἰι·

1060 622 1141 650 tunt.

1102 672 1165 700 303
1192 669 1400 710 Exarmulus]
1424 669 1526 701 Prius
1543 669 1708 711 perdam·
1699 678 1760 701 tm-

1061 720 1315 760 mortalitatem,
1329 730 1430 762 quam
1442 719 1511 752 mei
1523 720 1659 778 generis
1674 718 1762 756 obli·

1062 769 1186 801 viscar.
1205 770 1310 802 Idem.

1104 821 1168 850 304
1190 819 1354 860 Supremi]
1377 819 1527 852 Summi:
1555 823 1595 852 nt
1620 819 1762 853 Terent.

1060 868 1070 886 ‘
1081 870 1165 909 proh
1179 879 1336 910 supreme
1349 870 1371 904 J
1375 870 1512 911 opiter:
1533 870 1762 912 Jurejuraado

1062 918 1321 951 confirmaverat
1336 930 1372 951 se
1388 921 1536 951 omnium
1559 919 1769 962 memini-ze,-

1062 975 1098 1002 et
1116 976 1273 1012 superest
1289 976 1327 1003 ut
1348 972 1506 1013 querenti
1532 977 1655 1005 eontra
1677 972 1766 1005 The-

1062 1020 1169 1052 banos
1199 1021 1326 1062 aliquid
1357 1022 1479 1059 moliri,
1505 1031 1570 1064 per
1594 1022 1763 1055 venitiem

1063 1075 1188 1102 statum
1202 1081 1238 1103 se
1255 1077 1415 1103 excuset:
1437 1070 1527 1103 dicit'
1539 1073 1630 1104 enim
1653 1081 1692 1105 se
1714 1072 1766 1105 fa·

1063 1130 1157 1160 cere,
1173 1121 1233 1152 sed
1251 1126 1419 1154 coactum.
1448 1122 1549 1155 Idem.

1106 1174 1168 1202 305
1193 1171 1301 1212 Neque
1338 1171 1422 1203 enim
1466 1172 1641 1214 Vulcania]
1667 1172 1766 1205 Nun-

1064 1231 1163 1262 quam
1180 1221 1271 1252 enim
1285 1221 1326 1252 ad
1343 1221 1417 1252 haec
1435 1226 1550 1262 potest
1573 1222 1665 1254 mitti
1679 1222 1766 1254 Vnt-

1065 1280 1181 1302 canus.
1227 1271 1270 1302 Et
1296 1276 1466 1311 oportune
1490 1271 1782 1305 imbecillitatem.

1065 1321 1193 1362 objecit
1208 1322 1336 1361 mariti,
1347 1326 1386 1352 ut
1408 1324 1557 1357 amm-'em
1569 1322 1716 1355 Veneris
1730 1323 1767 1355 in

1065 1380 1101 1402 se
1119 1370 1331 1403 transferret.
1346 1371 1446 1404 Idem.
1727 1396 1730 1398 -

1108 1424 1169 1452 311
1198 1422 1332 1462 Concipe
1351 1431 1423 1453 cara
1437 1421 1554 1463 metm]
1571 1422 1612 1453 ld
1627 1426 1691 1462 est,
1707 1431 1768 1454 no-

1067 1470 1099 1501 lo
1117 1470 1237 1510 timeas
1259 1471 1430 1503 excidium
1447 1472 1695 1513 Thebanorum,
1710 1472 1770 1515 qui

1068 1530 1134 1552 non
1158 1523 1336 1553 vincentur
1365 1523 1426 1563 ita,
1450 1527 1488 1555 ut
1515 1523 1652 1564 penitus
1671 1532 1770 1566 pere-

1067 1575 1137 1603 ant.
1169 1572 1265 1604 [dent.

1111 1625 1174 1654 316
1196 1623 1333 1664 Aperta]
1358 1624 1465 1657 Coelo.
1490 1625 1590 1657 Idem.
1629 1642 1633 1646 ·

1111 1676 1175 1706 318
1193 1674 1245 1705 Ira
1255 1675 1364 1715 Jovis]
1382 1675 1537 1707 Fulmen.
1581 1675 1622 1708 Si
1632 1676 1770 1718 quando]

1070 1724 1236 1757 Quoniam
1267 1725 1298 1755 hi
1330 1730 1465 1757 montes
1497 1730 1566 1757 tam
1593 1724 1771 1767 finguntur

1070 1774 1238 1814 altissimi,
1266 1774 1315 1805 ita
1341 1779 1379 1806 ut
1405 1776 1495 1807 inter
1520 1775 1629 1835 nubes
1657 1774 1770 1817 potius

1071 1824 1285 1857 delitescant.
1309 1825 1406 1857 Idem.
1588 1835 1590 1838 ’

1113 1877 1175 1906 321
1209 1872 1365 1917 Tri-sulco]
1414 1876 1485 1907 Pro
1526 1875 1770 1917 quadrisulca.

1071 1925 1149 1965 quia
1164 1924 1292 1956 fulmen
1319 1935 1362 1956 ex
1383 1930 1529 1966 quatuor
1551 1926 1720 1966 consistit,
1737 1935 1774 1958 a·

1071 1985 1149 2016 qua,
1163 1975 1244 2015 igni,
1261 1974 1363 2015 nube,
1378 1980 1493 2007 vento.
1514 1975 1616 2007 Idem.

1113 2027 1178 2056 322
1201 2024 1349 2065 Ditibus]
1365 2025 1618 2066 Locupletibus.
1651 2025 1693 2057 Id
1706 2029 1773 2067 est,

1071 2073 1254 2106 fertilibus.
1277 2075 1378 2107 Idem.

1114 2127 1176 2155 323
1193 2125 1293 2164 Signa
1309 2125 1400 2166 dare]
1422 2126 1471 2158 Ut
1491 2125 1623 2167 signnm
1640 2126 1700 2159 det
1712 2130 1773 2159 aut

1071 2176 1242 2215 perituras
1265 2186 1339 2208 esse
1354 2176 1483 2218 fruges,
1500 2182 1560 2209 aut
1581 2177 1772 2220 naviganti-

1071 2225 1134 2257 bus
1149 2226 1323 2258 imminere
1338 2228 1527 2268 naufragia.
1549 2229 1648 2261 Idem.

1128 2278 1190 2306 325
1227 2276 1359 2309 Devexo
1395 2277 1593 2319 Pmymnoe]
1625 2277 1771 2310 Jnnonis

1072 2326 1235 2366 templum
1266 2331 1377 2366 notat,
1406 2327 1441 2358 in
1470 2327 1592 2359 Euboe
1631 2333 1772 2367 monte;

1072 2375 1169 2416 cujus
1189 2385 1269 2407 area
1285 2377 1475 2416 Prosymna
1490 2377 1633 2416 dicitur,
1648 2377 1692 2409 ab
1706 2386 1774 2409 una

1073 2435 1115 2457 ex
1138 2426 1286 2459 Junonis
1312 2426 1515 2459 nutricibus.
1555 2426 1625 2459 Adi
1643 2427 1773 2460 Pausa-v

1071 2478 1163 2509 niam
1180 2477 1418 2509 Corinthiacis.
1433 2478 1588 2509 Bernart.
1687 2510 1689 2512 ,

1114 2530 1179 2559 326
1193 2527 1372 2565 Stantsulti
1386 2528 1510 2568 pulvere
1524 2527 1643 2568 crines]
1657 2527 1698 2560 Id
1707 2532 1773 2566 est,

1073 2578 1165 2619 pleni
1183 2583 1271 2609 sunt.
1313 2578 1490 2609 Sisennins
1514 2578 1574 2610 lib.
1597 2587 1650 2610 tx.
1676 2579 1775 2611 ‘Coe-

1073 2628 1141 2659 lum
1166 2628 1311 2668 caligine
1337 2626 1431 2659 stat!
1475 2628 1584 2659 Varro
1614 2629 1775 2660 Eumeni-v

1073 2677 1170 2709 dibus
1186 2687 1194 2709 ε
1219 2681 1228 2695 ‘
1241 2677 1387 2715 denique
1403 2687 1524 2709 avarus
1547 2678 1632 2711 Quis
1646 2679 1773 2710 sanus?

1074 2727 1129 2758 cui
1157 2727 1184 2758 si
1211 2730 1281 2758 stet
1309 2731 1403 2758 terra
1428 2731 1465 2758 et
1494 2727 1641 2759 traditus
1671 2728 1774 2768 orbis,

1075 2777 1236 2809 Cur-ando
1252 2781 1366 2809 tamen
1389 2786 1428 2809 ae
1444 2777 1562 2810 morbo
1578 2777 1773 2810 stimulatus
