1878 3164
289 207 402 249 1856

291 321 365 343 rum
381 310 478 343 dicit.
502 311 600 343 Idem.

330 364 391 394 481
408 361 456 393 Tu
466 370 571 401 separe
585 359 680 401 coetu]
697 360 748 391 Ea
763 360 900 392 notione
911 359 985 391 dix·

287 411 328 452 it,
353 420 422 453 qua
451 409 609 451 ‘dispare
639 409 754 441 coetu!
798 409 917 442 Genus
940 410 986 440 lo·

288 460 414 503 quendi
435 469 454 491 a
473 458 590 500 paucis
616 463 825 500 usurpatum,
845 458 935 501 quod
949 468 985 491 e-

288 511 424 553 quidem
439 509 661 543 meminerim,
683 510 835 542 Bernart.

330 566 393 596 483
406 564 537 595 Potenti
553 563 689 595 Nubilus
698 562 800 594 Arcas
810 562 903 603 agat]
916 563 984 594 Nu-

287 613 367 645 bilus
382 613 543 645 infernus.
587 613 740 654 Imperat
762 617 876 644 autem
895 612 985 643 Mer-

287 663 384 694 curio
411 666 447 694 et
470 662 605 702 Libero,
636 667 675 694 ut
699 663 826 694 animas
853 662 985 703 piorum

287 717 443 744 evocent.
488 712 603 744 Quare
627 715 740 743 autem
765 721 827 752 per
847 721 884 743 se
907 716 985 743 cate

287 767 339 794 est
355 761 455 793 ratio.
498 761 644 794 Quidam
665 761 753 792 enim
777 762 896 793 volunt
918 770 984 793 non

286 814 383 846 Jovis
419 812 526 844 filium
564 821 637 844 esse
665 812 888 851 Mercurium,
924 811 984 844 sed

287 862 429 904 Pyrrliae
441 874 450 894 ι
467 862 502 894 in
513 871 580 904 qua
594 862 752 903 opinione
764 866 800 894 et
812 862 984 894 Hesiodus

287 916 446 945 versatur
470 913 504 944 in
524 912 575 944 his
592 912 699 952 libris,
717 921 798 953 quos
814 911 857 943 de
872 912 984 943 Theo-

286 963 387 1004 gonia
401 961 560 1004 scripsit:
583 961 719 1003 quidam
735 962 865 993 Persei.
900 961 982 993 Cor-

285 1012 384 1044 vilius
398 1015 544 1054 quatuor
559 1011 751 1043 Mercurios
764 1021 837 1043 esse
852 1011 981 1043 scribit.

286 1063 399 1094 Unum
415 1062 511 1095 Jovis
527 1067 563 1093 et
578 1061 685 1105 Maiae,
696 1061 800 1093 filium
815 1071 823 1092 :
839 1061 983 1093 alterum

285 1112 370 1152 Caeli
386 1115 422 1143 et
434 1111 536 1145 Diei:
560 1111 695 1143 tertium
713 1110 827 1142 Liberi
842 1115 878 1142 et
898 1111 983 1142 Pro-

284 1163 428 1204 serpinae
444 1173 453 1194 ι
476 1166 632 1203 quartum
644 1161 741 1194 ,Iovis
756 1166 791 1193 et
803 1162 982 1203 Cyllenes:

287 1222 307 1243 a
322 1222 388 1254 quo
414 1211 525 1252 Argus
549 1212 681 1243 occisus
708 1216 784 1243 est:
807 1221 907 1253 quem
932 1212 983 1254 ip-

286 1271 358 1293 sum
373 1260 417 1293 ob
428 1261 514 1293 hanc
529 1270 664 1293 causam
673 1261 788 1293 Graeci
803 1260 983 1303 profugum

284 1312 415 1352 dicunt,
438 1312 608 1354 AEgyptiis
635 1317 749 1344 antem
776 1313 909 1345 litteras
925 1313 983 1346 de-

287 1366 503 1392 monstrasse.
548 1362 640 1404 Ergo
655 1362 866 1394 Mercurium
882 1363 983 1395 Libe-

285 1410 315 1441 ri
337 1415 374 1441 et
389 1410 608 1451 Proserpinae
633 1411 740 1443 filium
765 1412 885 1444 dicunt
910 1413 982 1445 ani-

286 1469 358 1491 mas
384 1469 542 1492 evocare.
586 1462 642 1492 De
667 1471 734 1502 qno
758 1462 878 1503 Virgil.
897 1463 982 1495 ‘Le-

285 1511 412 1542 thaeum
434 1510 477 1542 ad
502 1509 640 1542 fluvium
668 1513 762 1544 Deus
787 1518 910 1545 evocat
925 1523 983 1555 ag-

284 1560 374 1591 mine
388 1560 534 1602 magno!
548 1560 639 1592 Lact.
674 1562 740 1593 Per
753 1562 983 1601 criminafune-

283 1610 342 1650 tis]
363 1610 546 1651 Tisiphone
573 1610 683 1652 pande
710 1611 812 1643 diem.
857 1612 983 1645 Sensus

282 1663 337 1694 liic
364 1666 436 1694 est:
462 1662 598 1693 Hecate
623 1666 660 1693 et
688 1662 881 1694 Mercurius
907 1665 982 1704 pias

284 1711 413 1743 animas
438 1711 574 1751 ducant,
599 1716 763 1744 nocentes
786 1713 981 1760 Tisiphone.

284 1761 383 1792 Idem.

284 1834 289 1836 .
325 1812 389 1842 484
425 1810 489 1846 Qui
523 1812 625 1851 plures
654 1812 773 1853 Erebo]
807 1813 856 1845 Ut
885 1813 981 1855 Virg.

283 1859 292 1876 ‘
308 1859 394 1892 Quae
422 1860 567 1892 maxima
586 1860 686 1892 turba
710 1861 785 1894 est!
828 1863 897 1895 Sed
914 1874 982 1896 mo-

284 1909 328 1942 do
355 1909 449 1941 aucti
476 1918 538 1950 per
566 1909 760 1951 sanguninem
783 1912 980 1946 Thebarum.

284 1959 383 1991 Idem.

325 2011 387 2040 485
415 2008 516 2049 Taxo]
533 2009 622 2042 Quia
644 2010 688 2042 de
703 2011 765 2043 hac
788 2012 911 2045 arbore
925 2021 981 2045 ve·

283 2068 414 2090 nenosa
429 2058 523 2091 faces
540 2059 637 2091 furiae
657 2059 818 2093 dicuutur
841 2062 980 2095 habere.

284 2108 384 2139 Idem.

325 2160 389 2190 486
430 2157 592 2199 Tisiphone
628 2159 710 2200 dux]
750 2160 816 2201 Tu,
857 2160 980 2202 inquit,

283 2207 467 2248 Tisiphone
497 2209 572 2240 illos
601 2209 707 2241 reduc
736 2209 794 2251 qui
821 2211 980 2242 scelerati

282 2262 374 2298 sunt,
391 2258 594 2299 plurimique
616 2258 659 2290 de
682 2258 789 2300 stirpe
810 2259 979 2292 Thebana.

283 2310 383 2341 Idem.

322 2362 387 2391 487
413 2359 566 2391 Cerberus
591 2360 734 2400 occursu]
759 2359 869 2400 Hujus
891 2359 979 2392 enim

282 2408 429 2441 officium
460 2414 547 2449 erat,
575 2409 724 2440 blandiri
754 2409 980 2451 venientibus,

279 2464 319 2490 ut
341 2458 454 2491 tristia
476 2460 553 2491 loca
577 2459 756 2495 intrarent,
786 2463 916 2490 terrere
942 2465 979 2491 et

281 2508 446 2539 devorare
484 2513 646 2540 conantes
682 2508 831 2549 regredi.
887 2508 978 2541 Vide

280 2557 425 2589 Hesiod.
441 2558 475 2589 in
494 2557 663 2598 Theogon.
678 2567 728 2589 vs.
743 2561 818 2590 769.
861 2558 977 2600 Fingi-

280 2610 338 2638 tur
364 2611 463 2638 natus
489 2607 543 2638 hic
570 2607 664 2638 canis
689 2617 733 2638 ex
759 2607 920 2648 Typhone
942 2613 978 2640 et

282 2655 449 2687 Echidna.
492 2656 580 2687 Vide
600 2656 719 2697 Higin.
737 2657 821 2689 Fab.
836 2666 926 2690 xxx.
942 2663 977 2690 et

282 2714 359 2744 cap,
372 2706 445 2735 151.
462 2708 498 2735 et
513 2705 655 2736 Hesiod.
675 2706 802 2747 Theog.
827 2717 876 2739 vs.
900 2710 975 2739 810.

282 2753 494 2786 Pascebatur
506 2755 611 2795 sanie,
620 2758 656 2787 et
664 2764 830 2789 venenum
845 2765 977 2798 spuma-

750 216 893 249 NOTAE
926 217 1149 249 vAluoRU
1160 217 1192 247 M
1227 217 1280 248 IN

1036 310 1104 342 bat.
1129 310 1244 350 Barth.
1291 310 1485 351 Delorqueat
1513 304 1654 353 umbras]
1680 309 1735 358 Q

1036 365 1146 392 vertat
1163 360 1205 391 ad
1229 369 1370 401 superos
1391 359 1527 401 quidem
1543 360 1658 393 venire
1672 367 1733 394 cn·

1034 409 1181 451 pientes.
1203 409 1295 449 Lact

1075 462 1140 492 489
1162 460 1218 491 Illi
1237 458 1411 498 formidine
1438 457 1541 499 nulla]
1565 458 1732 492 8ιὼιωί

1033 519 1118 549 mus,
1150 510 1285 542 stabant
1313 509 1458 542 Mantho
1490 513 1528 542 et
1551 509 1733 542 'Piraeum

1035 559 1136 591 Idem.

1077 612 1141 642 492
1178 610 1301 642 Vellera
1327 609 1461 651 pressat]
1489 608 1735 652 Amplectitur,

1036 659 1253 701 constringit,
1270 664 1393 701 petens
1406 661 1566 693 auxilium
1589 661 1732 719 timoris.

1036 710 1137 742 Idem.

1077 761 1140 791 493
1167 759 1344 801 confraga]
1369 759 1506 802 Aspera
1527 764 1565 793 et
1582 760 1732 794 deserta.

1036 808 1134 840 Idem.

1076 860 1141 890 496
1163 858 1209 889 Et
1231 857 1393 900 sudantia]
1413 860 1466 892 Ex
1491 869 1652 894 manuum
1676 870 1732 894 su·

1035 908 1129 940 dore.
1173 908 1262 940 Nam
1283 918 1345 951 per
1367 909 1464 942 timot
1469 919 1522 942 em
1545 910 1648 943 sudor
1665 910 1732 943 ori-

1036 961 1091 989 tur
1108 958 1275 990 venatori.
1297 958 1398 991 Idem.

1076 1011 1142 1040 499
1181 1009 1274 1040 Caeca
1308 1007 1452 1049 metitur]
1495 1009 1582 1043 Quae
1623 984 1734 1046 cacat

1035 1063 1183 1091 mentem
1199 1064 1235 1091 et
1250 1059 1434 1091 conturbat
1449 1068 1544 1091 eaeca
1566 1067 1658 1091 cure.
1680 1059 1734 1092 Id.

1076 1114 1136 1143 501
1163 1111 1259 1143 Hunc
1273 1111 1476 1152 sacravimus]
1501 1110 1598 1152 Lips.
1621 1110 1730 1151 liber:

1034 1160 1145 1201 quibus
1159 1161 1238 1192 lianc
1251 1156 1459 1193 saturavimus
1471 1160 1588 1200 igneum
1623 1160 1732 1194 Victi-

1035 1211 1098 1243 mis
1111 1211 1271 1244 videlicet
1282 1211 1472 1253 interjectis
1485 1216 1522 1244 et
1532 1211 1731 1244 combustis.

1034 1263 1134 1297 Rern.

1075 1316 1138 1345 502
1161 1312 1304 1353 Levaque
1319 1313 1471 1345 convulsa
1484 1312 1638 1353 dedimus]
1661 1313 1731 1348 Qui

1033 1361 1167 1393 sinistra
1180 1371 1282 1393 manu
1308 1361 1510 1402 funduntur,
1531 1362 1608 1394 leva
1629 1371 1731 1394 manu

1033 1410 1218 1443 infuderat.
1260 1411 1387 1443 Inferis
1403 1411 1539 1443 sinistra
1554 1421 1655 1444 manu
1669 1411 1730 1444 irn-

1033 1461 1193 1492 molamus
1208 1462 1341 1501 pocula.
1360 1461 1508 1492 Lucem.

1075 1513 1139 1542 506
1163 1511 1288 1542 Colchis
1300 1510 1391 1551 aget]
1414 1510 1547 1542 Civitas
1570 1509 1732 1552 Scythias,

1033 1560 1076 1592 de
1091 1569 1161 1603 qua
1171 1570 1287 1593 omnes
1304 1560 1477 1601 veneticae,
1490 1561 1580 1593 unde
1591 1561 1730 1595 Medea·

1033 1610 1132 1643 Idem.

1034 1697 1043 1701 „
1075 1663 1138 1692 507
1164 1661 1247 1692 Cura
1262 1660 1377 1700 γηίνων]
1400 1641 1478 1692 Hoc
1500 1664 1566 1701 est,
1587 1660 1655 1693 illis
1669 1662 1729 1694 ob-

1034 1711 1243 1750 temperatis,
1265 1715 1301 1743 et
1323 1715 1440 1743 nostra
1454 1716 1638 1753 praecepta
1648 1722 1728 1745 con-

1032 1758 1195 1791 temnitis.
1218 1758 1315 1792 Idem.

1073 1811 1137 1840 509
1160 1810 1285 1841 Mioetos
1304 1810 1430 1851 caelique
1447 1810 1616 1852 Erebique]
1641 1811 1730 1843 Cou—
1743 1820 1753 1832 ⁸

1032 1857 1116 1890 fusis
1126 1859 1275 1899 juribus.
1320 1859 1429 1892 Nefas
1444 1860 1534 1892 enirn
1550 1868 1625 1893 erat
1640 1861 1729 1894 inse-

1018 1917 1143 1940 -rorum
1160 1909 1254 1941 Deos
1269 1909 1468 1951 conspicere
1483 1911 1609 1943 Solem.
1656 1911 1726 1944 lta.

1031 1967 1096 1999 que
1111 1962 1148 1989 et
1171 1961 1307 1998 spectra
1323 1963 1360 1990 et
1375 1959 1503 1992 umbrae
1524 1961 1646 1992 excitae
1669 1961 1727 1993 So-

1031 2010 1097 2042 lem
1111 2009 1230 2051 fugere
1246 2010 1413 2043 orientem
1430 2021 1450 2043 a
1466 2012 1586 2045 Poetis
1608 2013 1728 2049 dicun.

1031 2063 1096 2092 tur.
1152 2060 1210 2091 Sic
1233 2061 1330 2101 jurat
1355 2061 1456 2093 Plato
1485 2071 1546 2103 pro
1574 2063 1727 2096 inaudito

1031 2110 1166 2151 penitus
1189 2115 1340 2143 monstro
1363 2111 1453 2153 apud
1477 2112 1599 2146 Claud.
1615 2114 1727 2156 primo

1032 2160 1074 2192 de
1089 2161 1225 2202 Raptu:
1247 2162 1257 2178 ⁴
1268 2160 1457 2195 Patefacta.
1465 2162 1565 2194 ciebo
1574 2164 1728 2207 Tartara,

1029 2210 1166 2242 Saturni
1191 2214 1323 2243 veteres
1348 2211 1470 2244 laxabo
1485 2217 1634 2250 catenas,
1647 2213 1727 2246 Ful-
1768 2244 1771 2245 γ

1030 2261 1128 2302 gidus
1144 2261 1301 2293 umbroso
1315 2261 1516 2294 miscebitur
1526 2262 1613 2295 Axis
1628 2272 1726 2296 aver-

1029 2311 1094 2343 no.'
1112 2312 1228 2343 Barth.
1271 2311 1336 2342 Sub
1357 2321 1450 2343 unum
1457 2310 1640 2353 funestare]
1656 2313 1725 2345 Pro

1028 2361 1062 2392 in
1083 2370 1186 2392 unum
1213 2365 1249 2392 et
1274 2361 1308 2392 in
1332 2356 1554 2393 communem
1571 2363 1726 2395 immola·

1028 2411 1159 2442 tionem
1174 2410 1330 2450 hominis,
1355 2415 1498 2452 propter
1525 2421 1724 2445 necroman-

1029 2460 1136 2491 tiam.
1167 2460 1216 2491 his
1246 2459 1336 2491 enim
1368 2458 1471 2492 inferi
1499 2460 1726 2504 delectantur»

1029 2510 1122 2542 Lact.

1071 2561 1132 2591 511
1157 2559 1348 2592 Functorum
1359 2568 1486 2600 carpere
1495 2559 1618 2602 fibras]
1646 2561 1723 2594 Μι-

1028 2618 1148 2650 goruin
1164 2609 1267 2640 ritum
1279 2608 1391 2650 tangit
1401 2607 1594 2650 Appuleius
1606 2610 1667 2644 lib.
1680 2620 1725 2644 1¹.

1027 2658 1038 2676 ‘
1053 2658 1121 2690 Sed
1135 2661 1173 2690 et
1188 2658 1295 2690 bustis
1305 2662 1340 2689 et
1355 2659 1445 2700 rogis
1459 2659 1614 2701 reliquias
1629 2670 1724 2702 qums

1027 2708 1117 2748 dam,
1133 2711 1175 2739 >et
1199 2708 1400 2740 cadaverum
1425 2710 1651 2751 praesegmina
1676 2711 1723 2743 ad

1027 2757 1218 2791 exitiabiles
1233 2757 1419 2792 viventium
1432 2758 1585 2793 fortunas
1601 2764 1722 2805 petou²
