1878 3164
440 252 481 284 P.
513 247 705 281 PAvmn
738 245 905 278 STATII
937 244 1086 277 THEB.
1116 244 1212 276 1213.
1251 242 1303 275 11.

142 346 242 382 adiit.
266 344 414 380 consule
434 341 641 379 Pausaniam
654 339 844 374 Corinthi&

143 399 205 432 cis.
227 397 380 430 ΒΜ.

187 450 251 482 184
270 447 346 481 Lux
367 442 533 484 intercisa]
556 442 770 482 Interrupta,
795 439 846 471 in-

141 497 322 540 tei-pulsia.
354 495 484 533 Marius
493 494 587 528 Vict.
603 492 728 525 Genes.
742 489 803 523 lib.
820 497 846 522 1.

144 549 155 567 ‘
165 548 314 581 Noctem
325 545 498 579 intercisae
511 543 655 585 parilem
667 540 783 573 fecere
796 544 846 572 te-

141 595 284 632 nebu:
324 594 488 629 Intercisi
509 593 583 627 dies
612 593 647 624 in
663 592 743 626 Vet.
761 591 845 632 jure

139 645 326 682 Ponuaeio
351 644 583 687 Pompiliano,
613 647 684 675 tam
707 641 846 675 bomini-

140 695 206 731 bus
229 706 332 740 quarn
346 697 421 729 Diis
437 695 524 734 dati,
540 694 589 726 uti
615 694 650 726 in
664 692 786 735 quibus
809 695 846 724 et

96 760 99 761 ⁷
136 747 286 783 bunna
298 746 449 789 negotis,
467 749 506 778 et
525 744 685 786 religiosa
699 741 846 774 tractari

138 795 192 830 fas
213 799 306 830 esset
320 804 447 838 opersz
471 793 576 827 veluti
600 802 666 825 non
691 792 845 833 integros

138 847 404 890 perhibes-,nec
413 845 493 878 lmic
500 844 619 878 necilli
628 843 719 886 parti
729 842 846 874 addic-

139 903 209 940 tos,
221 897 267 931 de
281 907 350 941 quo
361 901 440 940 post
454 896 601 928 Varrou.
617 892 775 927 Macrob.
784 893 845 925 Sa·

141 953 234 983 turn.
249 957 277 983 r.
291 958 367 990 cap.
383 950 438 980 16.
457 946 577 981 Barth.

185 1001 248 1033 18⁵
269 996 371 1039 Elea]
399 997 486 1031 Elea
514 996 639 1028 civitas
663 1001 718 1027 est
742 994 845 1027 OEno-

139 1049 222 1090 mai,
241 1048 340 1090 cnjus
364 1047 608 1081 crudelitatem
635 1045 843 1084 detestatur,

140 1099 232 1143 quod
248 1099 283 1132 in
298 1098 465 1140 petitores
479 1097 557 1129 tiliae
580 1106 649 1128 suae
666 1093 844 1137 Hippoda-

141 1149 220 1183 mia
237 1147 388 1182 crudelis
397 1147 567 1180 extiterit.
591 1146 739 1178 Laetam.

183 1202 248 1233 18⁶
272 1198 520 1239 Emisidesque
545 1196 632 1238 aliis,
657 1196 727 1238 εμπ]
765 1194 844 1227 Non

140 1253 320 1293 gemerent
339 1248 453 1281 Furias
477 1246 542 1280 sub
564 1247 616 1278 his
638 1251 674 1278 et
688 1245 755 1278 illis
770 1244 845 1277 aliis

137 1300 290 1335 Gracia
317 1298 470 1341 regibus.
506 1287 778 1338 Videlicetipsae
794 1295 846 1327 fu-

138 1351 200 1386 ries
223 1359 291 1384 non
306 1350 392 1383 ratis
410 1359 484 1382 esse
499 1348 694 1381 indicantur
710 1351 769 1383 totv
780 1347 845 1379 Re-

139 1401 298 1443 gularum
322 1399 476 1432 insaniis.
518 1398 655 1432 Lassari
673 1397 760 1430 dicit
775 1396 846 1429 dae-

136 1460 254 1488 monas
283 1450 388 1484 malos
415 1450 584 1491 ipsosmet
611 1451 664 1481 tot
693 1447 848 1486 incestis,

138 1500 343 1545 parricidiis,
372 1499 539 1538 caedibus,
575 1498 674 1537 dolis,
702 1507 846 1540 quorum

139 1550 310 1594 tragicum
326 1550 500 1584 theatrum
515 1547 584 1582 fuit
604 1550 673 1582 isto
689 1553 847 1590 tempore

139 1601 290 1637 Grecis.
312 1601 431 1635 Barth.
475 1601 522 1632 Ee
538 1598 623 1642 φατε]
646 1599 699 1632 De
723 1599 847 1642 quibus

136 1647 373 1697 impietatibus
395 1655 433 1683 et
460 1644 498 1683 tu
513 1649 679 1682 Thebane
703 1649 845 1691 Polyni-

138 1712 201 1739 ces
213 1702 312 1746 queri
328 1700 470 1744 poteris.
490 1699 644 1734 Luceant.

141 1776 143 1778 -
181 1755 243 1790 187
272 1752 343 1784 Nos
355 1759 430 1784 vero
441 1750 594 1791 volentes]
627 1748 663 1780 Si
681 1757 761 1782 vera
776 1749 846 1781 lec-

134 1803 201 1847 tio,
213 1802 375 1845 migravit
386 1802 443 1834 hic
455 1800 623 1843 Papinius
636 1799 846 1832 Grammati-

137 1862 257 1886 corum
281 1852 400 1894 leges:
419 1856 458 1884 ut
479 1851 583 1884 etiam
613 1850 672 1882 lib.
696 1859 734 1883 x.
759 1851 846 1882 ‘nec

137 1903 240 1942 deest
265 1901 411 1945 caeptis:
435 1906 474 1935 et
489 1901 549 1935 lib.
565 1909 619 1934 ιι.
641 1899 759 1932 ‘deest
773 1909 845 1931 ser-

139 1955 226 1989 vitio
255 1954 371 1997 plebes
385 1953 407 1984 ε’
427 1953 494 1985 nisi
519 1951 704 1993 utrobique
729 1951 846 1992 legen-

137 2006 221 2041 dum
234 2010 336 2048 putes
357 2005 368 2024 ‘
383 2002 492 2046 defin*
513 2003 605 2047 quod
630 2001 740 2043 magis
768 2010 844 2042 pro-

139 2056 207 2092 boa
241 2056 328 2091 licet
353 2065 423 2089 uon
446 2054 601 2096 ignorem
639 2057 774 2085 veteres
810 2052 846 2084 in

136 2105 260 2140 eodem
282 2114 382 2139 versu
413 2103 557 2137 eandem
579 2099 743 2146 syllabam
768 2111 844 2145 pro-

139 2158 269 2196 ducere
281 2162 319 2190 et
334 2155 508 2198 corripere
530 2153 704 2187 interdum
719 2154 845 2186 solere.

140 2207 372 2241 Theocritus:
393 2205 440 2239 Τὰ
453 2204 498 2246 μὴ
520 2204 605 2238 καλὰ
626 2204 710 2237 καλὰ
730 2202 846 2245 πέφαν-

135 2270 204 2292 ται.
246 2256 450 2290 Lucretius:
479 2255 692 2297 ‘Crassaque
717 2264 846 2296 pugna·

140 2309 227 2343 bant
240 2307 393 2350 liquidis,
408 2311 446 2339 et
460 2305 588 2348 liquida
599 2303 748 2337 crassis!
763 2304 846 2337 Ber·

162 2438 166 2441 .
181 2412 245 2445 197
259 2409 403 2445 Fortuna
413 2407 553 2440 transire
565 2406 638 2448 tua]
650 2405 722 2438 Sub
735 2406 846 2438 tutela

137 2458 286 2497 fortnnoe
304 2464 395 2499 tuae;
411 2459 478 2491 lioc
493 2462 561 2499 est,
570 2457 717 2501 ‚iunctos
734 2455 846 2489 felici-

137 2510 204 2548 bus
220 2508 378 2543 infelices
394 2518 494 2552 posse
506 2507 652 2541 adversa
668 2516 846 2549 superare.

139 2560 275 2594 Dicunt
296 2569 380 2602 ergo
399 2559 514 2592 laetari
536 2568 584 2595 se,
604 2557 695 2601 quod
711 2556 846 2593 futuras

137 2622 308 2650 erumnas
322 2622 400 2647 suas
414 2611 593 2646 felicitatis
613 2610 688 2653 ejus
704 2619 845 2654 prospe·

138 2665 242 2698 ritate
257 2664 398 2697 valeant
411 2662 554 2695 evitare.
578 2661 728 2694 Luceant.

180 2717 248 2751 8⁰4
270 2714 404 2757 Tumida
415 2713 503 2756 jam]
527 2713 682 2745 Matura.
705 2712 809 2744 Idem.

182 2769 246 2801 8⁰⁵
271 2766 398 2802 aa&
411 2763 527 2806 mente]
547 2763 590 2796 ld
606 2768 672 2803 est,
687 2763 767 2795 dum
787 2772 844 2795 vo·

140 2816 185 2852 tis
199 2817 300 2852 Deos
319 2816 512 2860 exagitant,
537 2814 697 2849 videntur
720 2823 844 2859 parare

1482 232 1595 277 1801

894 337 985 381 quod
1011 337 1203 380 gaudeant:
1233 335 1319 369 ordo
1342 344 1439 379 ergo,
1465 336 1598 371 alacres

895 388 981 431 Argi
997 388 1122 431 gaudia
1137 392 1252 421 mente
1267 391 1402 429 parant.
1425 387 1524 419 Idem.

937 442 1003 472 206
1025 440 1157 481 Lycaeos
1171 436 1435 478 Partheniosque]
1456 437 1596 469 Montes

894 487 1076 522 Arcadiae:
1101 494 1138 521 et
1157 489 1190 520 in
1213 489 1341 530 Lycaeo
1358 487 1525 528 templum
1541 491 1598 521 est

895 540 1022 580 Panos,
1036 540 1070 571 in
1087 549 1154 582 quo
1168 544 1266 571 natus
1281 538 1470 571 asseriturs
1496 536 1598 571 Unde

895 590 992 632 Virg.
1014 591 1024 609 ‘
1042 591 1158 622 Panos
1174 590 1218 622 de
1234 591 1326 621 more
1343 586 1484 630 Lycaei!
1531 588 1597 619 Fa·

893 650 983 673 mam
998 650 1081 682 ergo
1097 641 1146 672 ait
1159 640 1193 672 iu
1208 640 1282 673 haec
1297 639 1372 672 loca
1385 642 1597 680 penetrasse.

894 691 996 724 Idem.

936 743 1000 773 207
1028 740 1248 782 Ephyraeuque
1273 738 1366 779 rura]
1402 735 1597 770 Corinthio-

895 803 969 825 rum
985 792 1119 834 regioni
1134 790 1282 825 confinia
1298 795 1454 823 extrema
1470 788 1597 830 posuit,

895 844 1091 885 Corymbus
1106 851 1253 884 namque
1270 851 1290 874 a
1305 840 1390 873 mari
1407 839 1600 880 Arcadiam,

895 904 915 926 a
932 898 1025 926 terra
1040 894 1315 934 Peloponnesum
1331 890 1473 924 claudit.
1499 890 1553 921 Id.

937 946 1002 976 208
1027 942 1187 985 Ogygias]
1208 942 1361 981 Thebas,
1375 950 1444 978 ,non
1465 943 1598 972 montes

895 993 1063 1035 Ogygios,
1086 992 1147 1025 sed
1172 993 1284 1024 locum
1300 991 1358 1024 ubi
1372 989 1502 1022 Tbebae
1517 992 1598 1022 sunt

894 1044 1104 1076 constitutae.
1125 1043 1227 1076 Idem.

935 1098 1001 1128 209
1027 1093 1212 1135 Perfundit]
1233 1092 1441 1125 Rumoribus
1462 1090 1599 1133 implet·

894 1147 998 1180 Idem.

936 1200 1001 1230 210
1014 1196 1223 1238 Labdac-ium]
1240 1194 1432 1227 Etheoclen
1446 1203 1455 1225 ε
1480 1195 1600 1233 patro-

895 1250 1066 1293 nymicum
1087 1249 1130 1282 ab
1153 1258 1217 1281 avo
1233 1246 1364 1288 OEdipi,
1380 1245 1480 1287 hujus
1497 1254 1598 1285 proa-

895 1309 947 1333 vo.
963 1300 1061 1332 Idem.
1109 1300 1252 1331 Consona
1266 1297 1366 1338 nocti]
1384 1294 1600 1330 Convenien-

895 1351 958 1391 tia,
979 1356 1019 1383 ut
1041 1350 1125 1382 nihil
1149 1359 1170 1381 a
1189 1348 1329 1381 somniis
1351 1347 1599 1387 discreparent,

895 1401 1112 1434 Conveniens
1129 1409 1212 1441 ergo
1233 1408 1311 1431 cum
1333 1405 1452 1430 somno
1468 1404 1598 1437 praece-

895 1451 1010 1483 dentis
1025 1450 1150 1490 noctis,
1169 1459 1238 1492 qua
1254 1458 1275 1481 a
1290 1447 1375 1480 Laio
1395 1447 1430 1480 in
1452 1445 1598 1478 Tiresiae

896 1501 1044 1544 effigiem
1061 1500 1399 1542 mutato,Etheocles
1414 1496 1530 1529 fuerat
1540 1495 1600 1527 ad·

895 1552 1065 1584 monitus:
1084 1552 1137 1583 vel
1152 1551 1228 1591 ipsa
1237 1548 1328 1581 fama
1341 1557 1494 1581 consona
1510 1556 1600 1588 prae-

895 1603 1006 1635 missas
1022 1601 1128 1638 nocti,
1140 1601 1175 1633 id
1191 1605 1245 1633 est
1259 1610 1335 1642 quae
1348 1608 1458 1640 nuper
1473 1601 1600 1629 exacta

895 1659 962 1694 est,
979 1662 1046 1695 qua
1061 1651 1163 1684 Laius
1187 1660 1270 1683 avus
1293 1650 1408 1682 futura
1434 1649 1524 1681 visus
1545 1651 1599 1680 est

894 1712 1123 1736 commonere.
1169 1702 1326 1735 Consona
1355 1701 1446 1733 inter
1473 1709 1599 1732 conve·

894 1755 1047 1787 nientem
1073 1752 1197 1786 famam
1215 1762 1292 1784 cnm
1309 1751 1493 1794 praemissis
1509 1751 1599 1792 Laii,

894 1805 953 1847 qni
969 1805 1018 1837 ait
1034 1803 1210 1845 superius:
1235 1803 1245 1821 ‘
1257 1802 1340 1834 dant
1355 1802 1486 1834 animos
1501 1811 1601 1833 socer

893 1855 1035 1896 aiigurio
1062 1853 1179 1886 fatalis
1204 1852 1375 1885 Adrastus
1397 1851 1600 1893 dotalesque

894 1903 1000 1946 Argi.’
1025 1905 1126 1936 Idem-

936 1957 1001 1988 213
1023 1955 1099 1986 Jam
1129 1952 1222 1994 bella]
1247 1952 1334 1986 Quae
1364 1951 1458 1983 nulla
1485 1956 1599 1983 tamen

894 2005 1006 2037 adhuc
1034 2008 1146 2037 erant.
1206 2003 1320 2035 Nemo
1348 2002 1439 2035 enim
1469 2002 1601 2034 sciebat

894 2065 1053 2089 cessurus
1076 2057 1169 2087 esset
1190 2062 1314 2085 annum
1329 2061 1425 2085 suum
1442 2051 1601 2092 Polynici

895 2106 1072 2147 Eteocles,
1085 2114 1127 2137 an
1144 2113 1257 2136 secus.
1283 2103 1402 2135 Timor
1413 2106 1528 2147 autem
1541 2102 1600 2134 lio-

896 2158 1023 2190 minum
1033 2155 1136 2188 facile
1147 2154 1231 2187 talia
1242 2153 1512 2186 comminiscitur
1523 2162 1603 2184 con-

890 2208 1042 2250 jecturis
1067 2216 1110 2238 ex
1135 2206 1212 2246 ipsa
1234 2203 1463 2245 trepidatione
1484 2212 1600 2243 sump-
1636 2216 1638 2218 v

898 2259 953 2292 tis.
997 2257 1148 2291 Pulchre
1175 2254 1298 2288 Claud.
1322 2254 1332 2271 ‘
1353 2253 1466 2285 Malus
1492 2253 1599 2285 inter-

896 2320 977 2353 pres
1005 2318 1132 2347 rerum,
1163 2311 1274 2339 metus
1310 2314 1410 2337 omne
1438 2304 1600 2338 trahebat

895 2360 1087 2402 Augurium
1107 2357 1225 2400 pejore
1241 2355 1319 2389 via!
1338 2356 1456 2389 Barth.

938 2413 1001 2444 215
1029 2409 1164 2440 Cernere
1178 2405 1320 2447 auorum]
1343 2405 1504 2438 Cominus
1519 2404 1600 2436 ima-

896 2460 994 2502 gines
1014 2467 1153 2491 avorum
1177 2465 1319 2490 cernere
1334 2463 1388 2488 est
1405 2465 1600 2497 operaepre-

896 2511 1000 2544 cium.
1056 2506 1259 2548 Descriptio
1302 2514 1418 2537 eorum
1456 2514 1600 2547 quorum

895 2565 1022 2594 statum
1036 2559 1072 2593 in
1089 2558 1189 2591 domo
1204 2555 1346 2590 Adrasti
1362 2555 1503 2589 fuerant
1518 2565 1601 2588 eon.

895 2612 1041 2646 stitutae.
1061 2610 1212 2643 Laetam.

937 2664 1002 2696 220
1025 2660 1172 2694 Bellator
1198 2657 1301 2700 Abos]
1336 2656 1480 2690 Abantis
1510 2656 1600 2690 filius
1662 2664 1672 2674 ·

895 2713 1048 2752 Proetus,
1069 2710 1163 2752 cujus
1185 2708 1264 2741 tiliae
1282 2706 1456 2740 Proetides
1482 2705 1599 2746 furore

893 2762 1043 2796 immisso
1071 2770 1091 2793 a
1119 2759 1257 2791 Venere
1288 2757 1394 2789 boves
1425 2756 1489 2788 sibi
1519 2762 1599 2790 sunt

895 2812 1057 2848 creditae:
1094 2819 1178 2854 quas
1207 2808 1403 2851 Melampus
1433 2806 1601 2850 expiavit⁴
