1878 3164
67 10 69 14 ⁴
91 0 107 11 θ’

0 0 62 94 fl:

13 80 21 94 *i

0 98 15 131 'r

434 263 475 293 P.
507 259 699 292 PAPiNn
731 258 898 292 STATu
933 259 1080 289 THEB.
1112 259 1211 289 LIB.
1237 259 1288 288 ΙΙ.

127 361 265 396 uariunt
272 356 429 390 homines
438 354 630 390 invenusti?
645 353 726 397 quid
739 354 827 385 enim

124 408 247 450 mule
258 406 386 441 kaurin
396 404 557 439 homas?
572 414 685 447 gerrae
695 414 828 446 germa-

125 469 196 495 ne.
239 458 330 496 Libri
351 457 486 499 scripti.
509 462 544 489 et
567 456 732 498 princeps
755 455 827 486 etli-

123 510 196 547 tio·
215 507 304 552 prior
316 507 425 540 Merit
437 516 551 539 arenas
567 506 711 546 Ungula.
757 506 827 539 Qui

119 563 232 602 neget
256 559 347 592 hano
373 557 560 590 lectionem
592 555 825 597 recipiendam

120 619 230 652 me,
235 609 274 646 ἱε-
287 606 444 651 profecto
466 607 679 647 ‘Anticyras
706 605 826 638 melior

119 659 263 699 urbere
275 657 455 696 meracas,'
467 667 568 701 quam
585 662 624 690 ut
639 657 684 688 de
699 656 825 688 litteris

113 708 268 752 judicet,
311 708 457 746 Notum,
481 707 602 750 poetas
623 707 700 740 Diis
725 707 824 738 mari·

119 759 176 802 nia
195 767 334 797 carrum
355 758 512 792 tribuere
534 759 636 791 etiam
659 758 693 790 in
716 757 825 800 aquis,

119 808 288 852 Neptuno
314 817 424 851 equos
453 817 497 840 ex
526 807 698 841 anteriore
726 812 824 849 parte

118 867 203 895 roro
218 859 316 898 tates.
330 868 377 894 ex
392 859 583 901 posteriore
600 858 722 900 pisces.
752 858 824 900 Ap-

115 914 156 949 te
177 911 296 955 itaque
310 915 348 947 et
360 910 503 953 proprie
517 909 745 943 anterioribus
763 918 821 950 pe-

51 954 54 957 *
116 961 220 1004 dibus
231 970 370 1000 uenam
383 961 510 995 littoris
523 960 692 1002 dissipare
706 960 823 992 dicun-

119 1016 190 1046 tur.
213 1013 370 1047 Bet-nan.

120 1085 128 1093 »
158 1064 346 1102 &Devius
364 1064 491 1097 umbras
523 1064 666 1105 Τναηιεε]
693 1064 822 1096 'frames

109 1113 248 1156 itineris
262 1115 514 1157 compendium.
535 1115 684 1147 Laetam.

119 1166 143 1197 .‘
154 1166 203 1203 49
222 1165 325 1206 Nigri
337 1165 446 1207 Jooie]
474 1165 599 1208 Stygii.
644 1165 723 1198 Hac
749 1165 819 1197 ani-

113 1222 182 1252 1⁸ae
199 1215 655 1250 mortuorum.destinantur
670 1216 712 1247 ad
735 1216 820 1247 Tar-

114 1269 217 1304 tarus
239 1270 250 1286 '
263 1266 413 1301 Devium
423 1265 432 1279 ⁹
447 1265 549 1307 dixit,
564 1265 655 1308 quod
673 1266 720 1298 sit
735 1266 820 1298 vivis

111 1317 232 1353 devina
246 1322 387 1352 names.
407 1317 507 1351 Idem.

155 1371 198 1404 51
223 1369 371 1402 Gemitu
390 1368 568 1410 ρωποι-ιω]
605 1369 698 1402 Quas
725 1369 818 1410 apud

112 1417 249 1459 ,latei-o·
269 1425 435 1453 nocentes
464 1420 675 1462 persolvunt.
719 1419 817 1461 Atro]

112 1470 399 1512 Quintumuitus,
413 1472 472 1513 qui
495 1470 536 1504 fit
551 1470 644 1512 apud
668 1470 816 1508 Inferos,

111 1522 275 1555 auditur·
265 1531 300 1554 in
314 1522 372 1554 illo
387 1522 486 1554 loco:
521 1525 592 1555 atro
608 1531 704 1563 ergo,
719 1522 816 1565 quasi

105 1571 287 1609 infernali-
309 1572 408 1605 Idem.

151 1625 195 1656 52
216 1622 372 1665 Vomque
382 1623 566 1665 mutuasque]
585 1623 816 1666 Manus,quod

108 1671 257 1716 flagellis
280 1677 478 1715 personant,
500 1673 582 1706 dum
603 1674 725 1707 noxios
748 1684 816 1706 ca*-

109 1723 220 1757 dunt:
236 1733 336 1761 voces,
352 1721 536 1756 secundum
551 1723 744 1761 Maronem,
757 1724 815 1766 qui

107 1773 177 1810 ait·
211 1777 338 1807 ‘vocat
359 1773 496 1816 agmina
518 1783 613 1806 saeva
634 1773 815 1807 sororum!

104 1821 212 1858 Iden.

143 1876 194 1909 54
214 1874 383 1917 Agricolas
407 1874 541 1917 campis]
579 1876 685 1910 Quasi
709 1877 815 1918 juxta

104 1923 304 1960 habitantes
319 1930 450 1959 terrore
461 1935 523 1958 suo
533 1924 667 1968 fugavit
678 1927 813 1969 agrico-

104 1975 170 2014 las,
192 1976 293 2010 Idm.

149 2029 193 2065 ⁵6
214 2026 406 2069 Inferiusque
424 2026 544 2068 nubila,
571 2028 644 2070 ξω]
681 2028 731 2061 Ut
759 2038 810 2062 as-

105 2078 377 2116 tramnimirum
399 2078 587 2110 excellenti
610 2079 812 2121 splendore,

104 2133 143 2166 et
163 2137 290 2170 eorpus
310 2128 437 2161 divinae
461 2133 707 2172 perpetuaeque
723 2130 809 2163 lucis

105 2187 262 2219 conwrs,
275 2178 310 2214 in
323 2187 392 2220 quo
405 2178 541 2214 ltaerere
554 2180 647 2212 nulla
663 2179 810 2213 inferna-

103 2228 187 2261 lium
201 2228 470 2271 mortaliumque
485 2228 637 2261 locorum
653 2229 808 2263 obliisca-

104 2279 156 2320 tio
170 2279 288 2321 possit.
319 2278 544 2320 Mercurium,
556 2279 685 2321 Solem,
701 2280 808 2322 Apol-

101 2328 318 2372 Enemfidem
331 2329 469 2361 Numen
482 2328 635 2362 habitum
652 2330 808 2364 interiori

101 2378 370 2420 considerationi
397 2378 502 2411 docet
531 2380 642 2413 Macr.
667 2380 807 2416 saturn.

100 2429 162 2469 lib,
176 2438 204 2463 1.
219 2438 252 2462 c.
267 2431 321 2463 19.
343 2429 463 2465 Barth.

105 2509 115 2515 .
144 2483 190 2515 58
211 2481 280 2517 Per
290 2479 479 2522 Arcem]
501 2479 544 2513 Id
567 2485 623 2514 eat
645 2491 708 2524 per
730 2493 807 2526 sep-

99 2530 320 2566 tentrionem.
358 2530 436 2565 vPer
451 2529 583 2563 Arcton
599 2531 690 2564 enim
717 2534 807 2567 solet

100 2583 218 2621 volare
231 2582 437 2624 Mercurius,
451 2582 530 2625 quia
552 2583 599 2615 ibi
621 2585 731 2627 major
753 2591 807 2619 est

99 2637 236 2675 ventus,
250 2637 287 2666 et
307 2633 488 2666 citatiores
510 2633 598 2667 facit
617 2635 691 2677 ejus
715 2637 807 2669 vola.

100 2687 172 2721 tna.
212 2685 389 2726 Maiaque
422 2684 567 2725 silentia]
606 2685 805 2729 Philosophi

100 2743 177 2772 esse
198 2733 325 2768 terram
347 2734 481 2775 dicunt,
505 2745 582 2778 quae
607 2738 701 2770 circa
727 2748 804 2771 nos-

101 2789 195 2821 trum
214 2785 280 2820 hoc
299 2787 410 2822 solum
433 2787 565 2820 circulo
588 2789 714 2822 altiore
730 2800 804 2822 sus·

91 2845 209 2886 pensa
228 2841 297 2874 est.
340 2837 431 2877 Haec
452 2843 569 2879 autem
592 2840 706 2876 omnia
727 2850 804 2876 cor·

1477 249 1494 288 1
1503 249 1590 292 797

880 362 963 395 pora
994 353 1115 396 gignit,
1139 356 1261 394 utpote
1291 361 1368 394 quae
1398 351 1510 387 vicina
1539 352 1589 384 sit

878 405 976 437 caelo.
1024 404 1143 436 Posstoe
1174 403 1323 446 denique
1345 411 1462 435 omnes
1492 412 1586 434 asse-

878 459 958 487 runt
975 457 1106 487 leonem
1120 454 1163 486 de
1181 455 1231 486 liis
1249 454 1334 495 polis
1347 458 1585 495 ortum,quem

879 505 1048 538 Hercules
1066 505 1260 547 prostravit,
1278 510 1317 535 ut
1341 504 1446 536 etiam
1463 504 1586 544 Olym,-

877 566 940 597 pus
964 556 1027 597 ait,
1044 557 1140 598 quasi
1164 556 1338 596 proximus
1359 555 1403 586 sit
1427 555 1529 589 terris
1547 560 1584 587 et

876 607 1030 643 ultimus.
1054 607 1111 638 De
1128 607 1236 638 lunari
1249 611 1364 638 autem
1377 606 1477 646 globo
1489 607 1582 648 apud

875 658 1070 690 mortalium
1095 667 1202 698 genus
1225 657 1301 689 caeli
1331 656 1419 694 ratio
1446 657 1582 698 ignora-

875 712 952 740 tur:
975 708 1138 740 leviorem
1155 707 1399 749 perstringam,
1411 707 1502 748 quod
1518 707 1583 743 hoe

875 758 1026 791 divinum
1043 759 1158 791 lumen
1180 758 1310 790 animas
1335 763 1404 790 tam
1419 757 1463 790 de
1479 757 1582 793 astris

874 809 1043 850 omnibus,
1053 819 1154 852 quam
1167 809 1208 841 de
1224 809 1316 842 omni
1329 809 1474 841 materia
1486 818 1582 841 mun-

874 860 922 900 di,
938 861 1117 893 subtracta
1138 865 1237 902 parte
1261 870 1426 903 superna,
1449 860 1581 902 excipit

874 915 910 943 et
925 911 1096 953 decerpit,
1112 912 1206 954 quasi
1221 912 1349 952 lunam,
1365 921 1442 953 quae
1457 915 1582 952 postea

873 966 929 993 ter
951 962 1064 1004 quinis
1086 962 1267 1002 diebus,ut
1283 962 1482 1002 collegerat,
1499 961 1581 995 toti?

872 1012 948 1044 dem
964 1012 1117 1045 refundit
1132 1013 1166 1044 in
1180 1012 1338 1047 fratrem.
1361 1011 1564 1043 Lactantius.

912 1065 953 1094 61
980 1063 1143 1104 Numinis,
1157 1066 1190 1095 et
1203 1062 1303 1103 recto]
1325 1061 1519 1094 Translatio
1534 1061 1578 1093 ad

871 1123 999 1146 morem
1032 1115 1233 1154 Romanum,
1262 1123 1330 1156 quo
1359 1113 1501 1144 solenne
1539 1117 1578 1152 ut

870 1165 1020 1198 venienti
1037 1164 1250 1207 magistratui
1263 1170 1301 1197 et
1316 1164 1457 1206 privati,
1470 1167 1505 1195 et
1519 1162 1578 1195 mi.-

870 1225 932 1247 nor
947 1216 1168 1257 magistratus
1192 1215 1327 1256 majori,
1343 1219 1579 1257 assurgerent,

869 1270 906 1298 et
929 1266 972 1298 de
996 1268 1052 1298 via
1072 1266 1303 1299 discederent.
1349 1265 1510 1298 Pertinet
1533 1265 1576 1297 ad

870 1317 956 1349 hanc
968 1327 1037 1350 rein
1053 1317 1192 1358 elegans
1201 1317 1344 1349 Senecae
1357 1317 1451 1348 locus
1462 1316 1575 1357 Epist.

868 1376 953 1400 va.
975 1369 985 1385 ‘
1000 1368 1159 1399 Marcum
1183 1368 1350 1400 Catonem
1380 1373 1576 1409 utrumque,

868 1425 905 1450 et
935 1418 1078 1450 Laelium
1103 1418 1308 1460 sapientem,
1335 1423 1371 1450 et
1397 1418 1575 1454 Socratem

867 1479 944 1502 cum
962 1470 1123 1509 Platone,
1139 1473 1176 1501 et
1189 1470 1364 1501 Zenonem
1380 1468 1576 1500 cleantem-

869 1529 935 1563 que
959 1521 992 1552 in
1023 1521 1172 1552 animum
1202 1529 1312 1551 meum
1340 1520 1416 1551 sine
1442 1530 1574 1552 summa

869 1566 1069 1612 dignatione
1086 1569 1277 1611 recipiam?
1303 1579 1368 1610 ego
1392 1579 1473 1602 vero
1495 1570 1572 1602 illos

870 1630 1027 1662 veneror,
1041 1625 1079 1654 et
1102 1621 1206 1653 tantis
1230 1619 1421 1652 nominibus
1438 1629 1575 1662 semper

868 1670 1034 1713 assurgo!
1081 1670 1280 1713 Explicavit
1309 1674 1484 1710 accurate,
1521 1671 1572 1703 uti

866 1723 992 1763 omnia,
1016 1722 1165 1755 Senatus
1187 1722 1420 1754 litteratorum
1449 1721 1483 1753 in
1506 1721 1573 1754 hoc

866 1774 976 1806 lustro
1002 1774 1171 1816 Princeps
1197 1772 1344 1815 Lipsius,
1364 1773 1516 1805 Elector.
1549 1782 1573 1804 1.

865 1835 898 1857 c.
914 1827 968 1858 23.
991 1825 1091 1858 Ber-n.

905 1878 949 1908 64
974 1874 1208 1916 Pollutam'que]
1238 1874 1339 1909 Illam
1363 1874 1473 1914 tangit
1503 1873 1574 1906 his-

864 1925 1005 1958 toriam:
1024 1935 1102 1958 cum
1115 1925 1213 1956 Deus
1227 1924 1360 1956 scilicet
1372 1924 1571 1957 Mercurius

861 1986 1015 2010 somnum
1038 1981 1193 2018 caperet,
1215 1975 1367 2017 quidam,
1384 1975 1482 2017 cujus
1513 1985 1573 2007 no-

862 2036 939 2059 men
963 2026 1088 2059 fabulae
1111 2031 1245 2067 tenent,
1261 2026 1444 2058 dormienti
1461 2030 1574 2058 teten-

861 2078 913 2110 dit
929 2078 1079 2118 insidias,
1093 2077 1150 2120 qui
1166 2081 1292 2109 conata
1306 2077 1506 2119 peregisset,
1522 2076 1572 2108 ni-

860 2129 888 2161 si
919 2138 997 2160 eum
1025 2127 1096 2160 filia
1126 2127 1299 2165 Palaestra
1321 2127 1572 2160 excitavisset:

862 2180 933 2221 qni,
947 2189 1025 2211 cum
1041 2178 1121 2211 odio
1134 2182 1238 2211 terrae
1253 2178 1434 2220 migrasset
1449 2178 1493 2210 ad
1505 2188 1571 2211 cae-

860 2232 943 2272 lum,
959 2230 1112 2263 creditus
1130 2235 1184 2262 est
1200 2229 1346 2262 obiisse:
1382 2238 1450 2271 quo
1475 2228 1570 2261 facto

860 2281 1058 2323 injuriosam
1082 2281 1209 2312 meruit
1231 2280 1455 2320 sepulturam.
1501 2278 1569 2311 Sed

860 2332 983 2363 m'elius
1001 2331 1043 2363 de
1059 2330 1140 2362 Laio
1163 2329 1329 2370 creditur,
1343 2329 1400 2371 qui
1424 2339 1502 2362 cum
1525 2329 1568 2363 ad

860 2382 1031 2424 Polybum
1055 2381 1227 2423 hospitem
1251 2379 1415 2412 Phocidis
1446 2389 1569 2425 perge-

860 2439 929 2472 ret.
958 2433 1092 2465 occisus
1122 2442 1142 2464 a
1171 2431 1242 2464 filio
1273 2435 1339 2464 cst.
1398 2431 1569 2473 Despectae

861 2484 1019 2526 Phocida]
1041 2483 1094 2515 De
1109 2483 1193 2525 jugo
1217 2481 1358 2523 Cyrrhae
1380 2481 1468 2513 vidit
1491 2480 1571 2514 bus·

861 2539 932 2567 tum
956 2544 1067 2575 suum,
1088 2532 1181 2576 quod
1208 2531 1321 2564 fuerat
1343 2532 1377 2563 in
1402 2532 1568 2566 Phocide.

861 2584 995 2626 Cyn-rita
1010 2584 1156 2618 Boeotiae
1179 2583 1339 2624 planities
1362 2587 1428 2620 est,
1450 2583 1485 2615 in
1502 2593 1570 2625 quo
1623 2594 1629 2600 ·

859 2645 981 2676 campo
997 2633 1149 2676 Apollini
1164 2634 1308 2666 lustrum
1325 2632 1440 2668 datur.
1455 2634 1566 2667 ‘Pho-

858 2686 906 2718 cis
923 2695 1006 2726 ergo
1022 2685 1056 2717 in
1072 2684 1205 2716 Boeotia
1218 2688 1285 2716 est.
1312 2683 1410 2717 Idem.

899 2739 942 2768 70
964 2735 1147 2776 spiramina
1170 2733 1288 2775 virgae]
1314 2733 1324 2751 ‘
1341 2733 1469 2772 Virtus,
1497 2745 1565 2777 qua

856 2793 968 2825 tactus
983 2788 1088 2829 Laius
1105 2786 1298 2828 cogebatur
1312 2786 1408 2820 Jovis
1425 2787 1565 2820 manda-

856 2846 893 2877 ta
921 2839 1110 2885 perficere:
1149 2839 1314 2880 Gtossogr.
1361 2840 1560 2882 Spiramina,
