1878 3164
0 1085 5 1097 *
0 909 11 1046 „-·-v„vv·’-
0 879 2 881 -
0 809 15 850 ⁷3-
0 754 6 787 ...-

493 262 534 292 P.
566 259 757 292 PAPan
791 258 956 291 S'rs'rn
991 259 1138 290 THEB.
1173 259 1268 292 [ΑΒ.
1291 261 1321 290 1.

181 357 296 400 tisjus
308 355 526 398 compulisse,
539 364 581 387 eo
596 363 770 391 successu,
785 357 824 386 ut
838 353 880 385 ab

180 406 291 449 Argo,
317 405 395 448 qius
418 413 462 437 ex
488 404 559 437 filia
588 408 726 446 nepote,
748 404 881 445 integra

178 458 272 501 rufio
282 465 406 491 nomen
417 456 605 498 acceperit.
627 456 777 488 Consule
790 456 880 488 Pau·

179 507 509 545 sannorinthiscls.
533 508 686 539 Ber-mre.

218 561 285 594 Μ
307 559 475 591 emeda»
497 558 643 599 Pharia]
668 558 764 590 Bene
787 558 879 598 prius

177 616 292 645 m.
335 607 426 641 Nam
440 608 540 640 homo
556 609 615 650 qui
628 615 766 641 centum
781 608 881 640 habe-

179 659 370 693 htocnlos
391 659 455 691 nisi
479 668 596 691 somno
618 668 804 700 oppressus
823 668 879 691 oc·

176 707 248 742 eidi
269 716 338 741 non
365 713 514 750 poterat.
557 706 689 750 Argum
714 718 798 750 ergo
821 708 879 741 de-

177 756 311 798 scribit,
323 766 426 800 quem
438 758 632 790 Mercurius
647 758 774 790 dicitur
789 759 879 791 occi-

178 807 280 841 disse·
301 807 451 841 Mane.

218 860 282 892 ”⁶
305 857 414 900 Sentis
426 861 459 890 et
471 857 627 899 lumbus]
650 857 805 890 Acrisius
820 869 879 900 pa-

177 912 234 942 ter
245 907 392 948 Donnes,
401 909 457 951 qui
469 909 640 941 oraculum
652 909 789 949 accepit
800 918 879 941 cau·

168 967 247 995 ream
262 958 380 991 mortis
395 958 460 993 sibi
474 957 637 998 futuram,
658 959 737 1000 quia
752 969 794 991 ex
810 958 881 991 filia

176 1008 419 1043 nuceretum·
463 1008 533 1041 Sed
547 1009 713 1050 Juppiter
739 1018 880 1041 conver-

175 1068 235 1094 sus
263 1060 298 1092 in
322 1059 467 1093 imbrem
488 1069 626 1093 aureum
648 1059 785 1092 vitiavit
808 1061 879 1092 Da-

177 1108 278 1151 naen,
306 1118 350 1144 ex
370 1119 450 1152 ,quo
479 1110 574 1142 coitu
607 1110 755 1142 Perseus
781 1115 880 1143 natus

177 1157 316 1199 dieitur,
330 1160 390 1202 qni
403 1159 575 1194 Acrisium
591 1161 729 1202 obJecto
746 1161 879 1203 Gorgo·

176 1210 229 1243 nis
241 1210 356 1252 capite
369 1211 543 1244 convertit
556 1211 589 1242 in
604 1221 734 1244 saxum.
758 1212 858 1243 Idem.

218 1263 284 1293 256
306 1261 455 1294 Mentitis
479 1262 620 1303 ignosco]
644 1262 686 1294 Id
717 1267 786 1302 est,
811 1272 879 1294 non

176 1311 307 1345 irascor
320 1312 370 1344 illi
385 1313 533 1355 civitati,
546 1313 603 1346 ubi
618 1317 769 1346 mutatus
783 1313 880 1345 adul—

177 1362 268 1394 teria
281 1362 503 1401 commisisti:
527 1373 604 1396 cum
621 1364 693 1395 aliis
708 1364 798 1395 enim
810 1373 879 1395 ma·

170 1413 300 1455 jestnte
334 1413 546 1447 dissimulata
586 1414 796 1455 concumbis,
836 1413 879 1446 ad

175 1465 336 1498 Semelen
363 1474 445 1498 vero
471 1465 646 1507 professus
676 1475 801 1498 numen
829 1466 880 1497 in-

178 1516 290 1549 tmti.
312 1516 413 1550 Idem.

218 1569 284 1602 8⁶8
304 1567 352 1600 Et
365 1567 581 1607 musalminn
596 1567 734 1609 torques]
757 1567 799 1599 ld
817 1571 882 1608 est,

177 1618 326 1660 insignia
341 1620 549 1652 matrimonii
576 1620 656 1659 mei,
677 1629 754 1661 quae
775 1619 880 1650 debui

175 1668 247 1704 sola
255 1667 402 1702 sentire:
419 1670 474 1702 vel
485 1670 564 1702 mihi
575 1670 639 1701 soli
650 1675 744 1709 nota,
754 1673 791 1701 et
799 1670 882 1701 mibi

177 1723 310 1752 tantum
323 1720 481 1752 obnoxia.
524 1721 601 1752 Mea
610 1720 766 1762 fulmina]
788 1721 880 1762 Phy-

177 1769 284 1802 sieum
315 1775 390 1803 est:
412 1780 491 1803 nam
517 1771 666 1814 simplici
694 1771 826 1803 ratione
852 1771 882 1802 si

177 1819 356 1862 intelligis,
385 1830 526 1853 uxorem
559 1821 713 1863 respicis.
768 1820 881 1853 'Crete-

178 1874 252 1906 ruin
267 1870 396 1906 fulmen
411 1881 486 1904 esse
500 1872 575 1904 sine
586 1872 665 1904 aere
677 1882 744 1904 non
754 1876 883 1914 potest,

177 1921 260 1963 quis
273 1921 348 1963 ipse
359 1921 520 1956 sei-June
534 1927 590 1954 est
602 1933 613 1962 ;
635 1923 760 1955 etenim
774 1923 882 1959 sinon

177 1969 308 2006 fuerint
341 1972 450 2005 nubes
479 1972 561 2005 ae're
586 1973 728 2014 coliisae,
752 1971 883 2005 fulmen

176 2022 305 2054 nullum
321 2029 385 2055 est.
409 2023 510 2055 Idem.

219 2075 282 2105 261
306 2073 354 2105 Et
381 2073 500 2106 Samon
527 2076 561 2105 et
584 2072 719 2114 meren]
750 2073 883 2116 Samos,

176 2129 215 2158 et
236 2125 409 2167 Mycena,
432 2130 535 2168 atque
558 2126 711 2168 Spartae,
733 2125 883 2158 Graeciae

177 2176 349 2215 civitates,
364 2175 496 2209 ,lunoni
520 2182 665 2209 sacratae
688 2180 780 2208 sunt.
822 2176 882 2207 Sa-

177 2236 250 2259 mos
279 2228 370 2259 enirn
393 2227 497 2259 chara
518 2228 648 2261 Junoni
666 2238 674 2258 ε
696 2228 770 2259 haec
792 2227 883 2258 enim

175 2277 288 2318 prima
309 2277 456 2310 ,lunonis
483 2277 623 2319 nuptias
644 2277 774 2309 vidisse
798 2277 884 2309 dici·

177 2334 244 2360 tur.
289 2326 376 2360 Ideo
405 2328 510 2360 chara
544 2328 668 2369 insula,
691 2332 882 2361 attestante

177 2379 280 2411 etiam
295 2378 460 2420 Virgilio:
485 2377 710 2410 ‘Posthabita
733 2378 881 2409 coluisse

174 2427 301 2461 Samo)
346 2429 507 2470 Spartam
524 2437 606 2460 vero
617 2427 705 2459 dixit
720 2427 881 2459 Laconiae

176 2479 352 2513 civitatem
370 2479 530 2520 regionis.
552 2479 703 2511 Laetam.

217 2533 283 2564 80²
305 2531 467 2571 Sanguine
470 2530 574 2571 festo]
591 2529 739 2561 Victima
750 2528 882 2561 sacrifi-

176 2582 318 2615 ciorum.
343 2581 444 2614 Idm.

217 2635 283 2666 268
308 2632 422 2665 Ruris
438 2631 515 2674 Eoi]
539 2630 581 2663 Id
595 2635 650 2663 est
666 2630 789 2663 Saboei.
815 2631 868 2664 ld.

217 2687 281 2717 265
306 2683 436 2725 Coptos]
460 2683 593 2716 Civitas
616 2682 810 2714 Mareotica
825 2681 881 2713 ΙΕ-

177 2735 288 2777 gypii,
304 2735 338 2767 in
350 2744 419 2776 qus
430 2734 471 2766 Io
486 2743 586 2766 versa
600 2732 635 2765 iu
652 2732 780 2765 Isidem
798 2732 880 2764 coli-

177 2791 257 2818 tur:
291 2786 389 2827 cujus
416 2785 522 2818 saeris
559 2784 660 2817 sistro
693 2783 880 2816 celebratis

176 2835 277 2868 Nilus
305 2839 485 2869 exastust.
523 2835 621 2868 Idem.
664 2834 807 2867 AErisoni
831 2834 880 2865 lu-

1522 249 1635 293 1781

927 353 1054 395 gestia]
1091 352 1332 386 Tenebricosae
1362 352 1488 386 fabulae
1525 354 1637 387 lucem

929 403 990 436 dat
1005 404 1194 435 Pausanias
1209 402 1398 435 Boeoticis:
1422 404 1432 421 ‘
1442 402 1509 435 His
1524 404 1638 441 consi-

929 453 1022 485 milia
1052 453 1095 485 de
1124 453 1289 485 Phoenice
1320 453 1466 495 quodam
1499 453 1638 486 homine

930 505 1068 537 audivi:
1102 505 1284 546 AEgyptios
1315 505 1401 537 Isidi
1434 504 1542 541 festos
1564 505 1637 538 dies

929 554 1118 596 celebrare,
1142 565 1211 596 qua
1237 555 1317 586 anui
1345 559 1443 597 parte
1467 556 1577 596 lugeri
1593 556 1638 588 ab

930 615 972 637 ea
988 605 1104 638 Osirin
1128 605 1272 637 dicunt:
1302 615 1342 638 ac
1369 615 1432 647 per
1457 606 1534 639 illos
1556 616 1638 639 saue

930 655 1003 687 dies
1027 656 1181 697 incipere
1202 656 1319 688 Nilum
1336 666 1552 698 excrescere,
1568 668 1636 700 quo

927 704 969 737 fit
984 709 1024 737 ut
1036 706 1223 737 incolarum
1241 706 1342 738 turba
1354 706 1505 747 dictitet,
1519 709 1637 749 augeri

930 757 1046 789 Nilum
1071 761 1175 798 atque
1197 757 1344 798 impleri,
1367 758 1506 800 lateque
1529 768 1572 791 ex
1595 769 1636 791 eo

930 817 1013 839 srva
1033 807 1169 849 irrigari
1193 808 1295 840 Isidis
1314 809 1498 851 lacrymis!
1541 810 1636 851 Apte

929 857 973 889 ad
991 858 1215 899 posteriorem
1232 863 1384 899 partem:
1409 864 1445 891 at
1456 870 1517 892 cnr
1531 861 1639 893 oeriso-

927 908 984 940 m'?
1006 913 1148 950 propter
1172 910 1286 949 sistra,
1305 920 1446 952 quorum
1472 910 1636 953 frequens

929 961 963 992 in
980 961 1082 992 Isidis
1096 962 1200 992 sacris
1215 971 1305 994 usus.
1344 963 1428 994 Erat
1444 968 1559 995 autem
1576 963 1637 995 sis-

930 1015 1033 1053 trum,
1056 1017 1095 1044 ut
1115 1013 1151 1044 in
1170 1012 1394 1044 marmoribus
1415 1014 1565 1055 antiquis
1589 1014 1638 1045 vi·

929 1062 1013 1095 dere
1043 1068 1112 1104 est,
1150 1064 1412 1105 crepstacfflum,
1443 1066 1542 1106 cujus
1574 1075 1638 1106 per

928 1119 1108 1155 angustam
1131 1114 1290 1146 laminam
1313 1115 1347 1146 in
1367 1115 1504 1147 modum
1527 1115 1637 1148 baltei

917 1159 1147 1195 ‘recurvatam
1176 1165 1330 1206 trajectae
1368 1165 1481 1197 medio
1517 1175 1636 1206 paucae

930 1215 1080 1255 ungulae,
1110 1214 1286 1255 crispante
1311 1214 1453 1246 brachio
1476 1216 1638 1256 tergemi-

930 1274 992 1295 nos
1021 1264 1122 1304 ictus,
1137 1264 1286 1296 reddunt
1313 1270 1472 1306 argutum
1504 1275 1636 1298 sonum.

930 1315 1084 1346 Bernart-

973 1368 1036 1398 271
1074 1365 1308 1397 Subterlabieur
1335 1366 1435 1408 unda]
1473 1367 1637 1399 Fabulam

928 1416 1053 1455 tangit.
1075 1416 1164 1447 Nam
1180 1410 1302 1446 dicunt
1311 1414 1483 1456 Alpheum
1495 1416 1638 1449 fluvium

930 1465 1040 1497 Elidis
1055 1470 1092 1497 et
1105 1465 1277 1506 Pisarum,
1291 1475 1366 1507 quae
1384 1472 1465 1499 sunt
1478 1467 1637 1500 civitates

932 1515 1104 1555 Arcadiae,
1131 1515 1174 1549 ad
1212 1515 1418 1548 Arethusam
1455 1518 1639 1559 nympham

929 1567 1058 1598 Siciliae
1092 1575 1155 1607 per
1186 1567 1342 1599 occultos
1372 1569 1475 1600 maris
1504 1573 1637 1601 meatus

930 1616 1057 1649 venire.
1071 1616 1219 1658 ideoque
1234 1617 1321 1649 dicit
1337 1628 1346 1657 ;
1361 1618 1541 1660 fluctivaga
1552 1629 1637 1660 prae-

930 1668 1097 1701 ter-labitur
1121 1669 1217 1700 unda.
1272 1668 1343 1700 Alii
1371 1674 1487 1701 autem
1518 1669 1639 1702 dicunt

931 1719 1024 1762 quod
1054 1718 1229 1751 Arethusa
1255 1720 1415 1751 venatrix
1451 1719 1531 1760 fuit,
1562 1731 1638 1763 quae

932 1781 1009 1803 cum
1025 1770 1108 1802 selu
1122 1769 1261 1803 flumine
1276 1770 1414 1812 Alpheo
1438 1775 1518 1812 post
1543 1771 1639 1804 labo-

932 1830 1004 1852 rem
1019 1820 1190 1861 ablueret,
1205 1820 1247 1851 ab
1267 1830 1308 1852 eo
1327 1820 1484 1853 adamata
1501 1826 1576 1854 est:
1602 1828 1639 1855 et

932 1869 990 1901 diu
1013 1868 1161 1911 fugiens,
1186 1871 1342 1902 Deorum
1367 1870 1587 1903 miseratione
1602 1872 1639 1904 in

932 1920 1065 1953 fontem
1088 1924 1235 1961 mutata,
1262 1921 1304 1952 ad
1328 1921 1478 1954 Siciliam
1502 1932 1566 1964 per
1589 1933 1642 1955 se·

933 1977 1047 2003 cretos
1067 1977 1200 2003 meatus
1225 1972 1330 2012 venit,
1360 1982 1462 2014 quarn
1485 1972 1639 2015 Alpheus

932 2021 1061 2054 dicitur
1083 2022 1246 2063 persequi
1275 2030 1383 2065 nsque
1409 2024 1443 2056 in
1462 2025 1637 2056 Siciliam:

933 2072 1023 2114 quod
1046 2073 1146 2115 Virg.
1173 2083 1350 2116 exequens
1375 2075 1446 2108 ait:
1465 2076 1481 2103 .‘
1494 2077 1540 2108 Et
1566 2081 1640 2108 tan·

933 2123 1011 2155 dem
1027 2124 1128 2155 velox
1152 2124 1274 2165 positis
1290 2123 1461 2157 Arethusa
1484 2126 1642 2168 sagittis!

932 2173 1086 2216 Ideoque
1100 2174 1194 2208 Juno
1220 2180 1383 2216 precatur
1397 2176 1533 2215 Jovem‚
1556 2182 1594 2209 ut
1613 2177 1644 2218 si

933 2224 1070 2265 placeat
1096 2224 1161 2256 sibi
1175 2224 1361 2257 emendare
1378 2227 1516 2263 saecula,
1532 2232 1640 2268 retro,

933 2274 968 2306 id
981 2279 1033 2306 est
1046 2284 1065 2306 a
1081 2274 1220 2306 sedibus
1231 2274 1310 2315 illis,
1323 2275 1479 2317 incipiat,
1494 2286 1638 2318 parcens

931 2324 1071 2357 interim
1085 2324 1238 2366 Argivis.
1268 2325 1467 2358 Lactantius.

974 2379 1038 2408 2⁷3
1062 2375 1202 2408 Arcades
1215 2376 1266 2407 hic
1279 2371 1345 2415 tud,
1357 2377 1428 2418 εγω]
1451 2378 1492 2409 In
1509 2379 1639 2420 optimo

932 2426 1130 2468 Exemplari
1143 2431 1210 2466 est,
1223 2426 1379 2466 nefandis.
1412 2429 1509 2462 Jovis
1526 2435 1640 2462 sutem

931 2478 1026 2510 Licei
1043 2477 1209 2518 templum
1234 2477 1269 2509 in
1292 2478 1445 2511 Arcadia
1465 2480 1562 2518 dicit,
1581 2482 1639 2513 ubi

932 2527 1218 2560 sacrificabantur
1240 2529 1350 2569 pueri.
1395 2530 1475 2562 Vid.
1493 2531 1642 2573 August.

931 2578 974 2610 de
991 2579 1096 2611 Civit.
1119 2578 1240 2611 Divin.
1263 2579 1322 2610 lib.
1340 2588 1448 2613 xviii.
1493 2582 1503 2599 ‘
1518 2582 1642 2615 Nefas-

932 2632 968 2661 ta
980 2629 990 2644 '
1010 2634 1071 2661 aut
1094 2630 1103 2647 ‘
1116 2628 1266 2661 nefanda
1281 2630 1357 2662 loco
1370 2630 1378 2643 '
1394 2631 1493 2672 dicit,
1507 2633 1588 2674 quia
1599 2643 1641 2665 eo

931 2680 999 2712 loci
1013 2680 1166 2713 homines
1192 2681 1318 2712 mutari
1345 2681 1379 2712 in
1408 2682 1505 2724 lupos
1521 2684 1644 2716 crede-

932 2731 1071 2769 bantur,
1087 2735 1126 2763 ut
1138 2740 1182 2762 ex
1194 2731 1307 2763 Plinio
1323 2726 1441 2764 noia'nt
1454 2733 1642 2775 Augustini

932 2782 1000 2814 duo
1027 2782 1226 2814 Sciioliastae
1258 2783 1453 2815 Ludovicus
1470 2784 1576 2816 Vives
1603 2791 1639 2817 et

932 2832 1131 2865 Leouardus
1162 2833 1340 2875 Coquaeus.
1397 2833 1495 2867 Idem
1535 2835 1638 2867 Tem-
