1878 3164
451 201 493 234 P.
526 201 720 235 PAPth
752 201 920 234 STATn
952 203 1101 236 THE-B.
1133 204 1230 237 MR.
1266 206 1354 238 v11.

209 297 272 330 142
295 296 400 330 Natat
421 296 534 335 omnis,
557 298 629 340 qt]
650 297 709 331 Sic
727 297 869 339 alligata

161 348 268 389 euim,
293 353 334 381 ut
359 347 540 380 unda-eas
568 349 688 382 alluat.
730 349 871 381 Natura

161 399 254 432 enin
267 397 354 432 ferri
376 405 453 431 uon·
467 397 553 439 fert,
577 403 616 431 ut
642 404 742 432 natet
763 408 870 441 super

161 458 282 491 aquas.
325 449 441 482 Dulcis
466 447 576 490 tellas]
611 449 691 482 Non
721 449 871 482 sentitur

159 499 237 542 ejus
251 499 418 540 dulcedo,
436 498 502 532 nisi
525 509 603 533 cum
627 509 705 533 eam
729 500 869 544 reliqui-

159 559 249 584 mus.
276 549 348 584 Vct.
362 549 468 582 sesa.

203 604 266 635 146
305 601 493 634 Gla-ieram
526 602 683 645 cohortes]
730 603 869 636 Praeter

158 651 315 686 ordinem
328 651 538 686 festinanter
559 654 763 698 impingere.
786 654 868 687 Iac-

158 705 247 736 tene.

203 756 267 788 14⁶1
286 752 517 787 mxim-
529 754 636 798 ignes]
659 754 702 788 Iu
716 758 868 789 mentem

158 805 304 839 veniunt
341 806 451 849 putris
487 805 647 847 fulmina,
675 807 799 849 quibus
831 817 870 840 se

160 861 262 892 utero
275 857 398 890 matris
411 857 573 890 excussit.
595 857 696 891 Idem.

202 911 268 942 us
289 907 504 950 Purpureum]
518 907 719 940 Pulchrum.
741 906 843 941 Idem.

197 962 268 992 *loo
281 957 437 1001 strum]
448 957 572 991 Hasta.
618 956 774 991 Comibus
783 957 869 1000 um]

158 1008 261 1043 Dicit
274 1009 445 1043 moesticia
458 1009 623 1042 Liberum
638 1014 797 1042 ornatum
813 1019 870 1042 ca·

158 1059 244 1102 pitis
257 1059 430 1102 posuisses
453 1060 583 1103 ubique
605 1060 696 1093 enim
713 1061 790 1093 uvis
806 1060 870 1093 de-

158 1114 298 1144 comus
326 1108 532 1143 ostenditur.
562 1110 670 1144 Ovid.
700 1111 794 1144 Fast.
815 1121 869 1146 vt.

158 1165 170 1180 ‘
180 1161 320 1194 Bacche
337 1159 563 1193 racemiferos
578 1161 706 1194 beders
722 1161 870 1195 distinc-

159 1215 196 1245 te
223 1211 386 1254 capillos,
413 1211 456 1244 Si.
480 1211 601 1244 domus
627 1212 687 1244 illa
714 1217 775 1245 tua
803 1218 870 1254 est,

158 1261 270 1305 dirige
285 1262 373 1295 vatis
394 1271 493 1305 opus.
535 1261 681 1295 Arserat
703 1263 869 1306 obsequio

158 1315 296 1348 Semele
309 1313 422 1354 Jovis,
447 1314 577 1356 accipit
604 1314 670 1347 Ino
683 1315 746 1358 Te,
768 1325 869 1358 puer,

158 1371 197 1400 et
221 1376 356 1400 misma
376 1366 495 1400 sedula
517 1367 626 1399 nutrit
646 1376 726 1410 ope.
770 1367 870 1400 Intu-

159 1418 248 1451 muit
262 1417 473 1460 Juaossrapta
493 1418 587 1460 quod
610 1418 736 1459 pellice
750 1421 870 1450 uatum

160 1468 324 1502 Educat:
347 1472 386 1501 at
411 1467 548 1510 sanguis
567 1467 627 1500 ille
643 1467 768 1500 sororis
784 1473 872 1500 erat.

160 1519 256 1552 Hinc
279 1518 395 1562 agitur
415 1517 514 1551 furiis
538 1518 703 1551 Athamas
729 1518 762 1551 in
787 1519 871 1551 ima·

160 1569 241 1612 gine
275 1568 396 1611 falsus,
421 1568 543 1612 Tuque
577 1569 707 1602 cadens
743 1569 872 1612 patria,

160 1619 449 1662 mue-harche,
463 1619 592 1653 manu!
607 1620 708 1652 Idem.

179 1687 181 1689 ·
203 1674 268 1704 us
292 1671 507 1703 Exscindine
528 1670 616 1712 tuos]
645 1670 751 1703 Liber
777 1670 871 1712 opti·

159 1729 255 1755 mus
279 1721 528 1754 sudantem-e.
576 1721 705 1753 Forte:
732 1722 870 1753 Exscin-

157 1771 232 1805 dine
245 1775 330 1805 nos.
374 1771 551 1813 Intellige,
561 1772 716 1814 patieris.
731 1772 871 1804 Gronov.

203 1825 268 1856 1⁶⁷
290 1823 485 1865 Deoefliqsoe
509 1822 604 1864 luris]
637 1823 730 1855 Dolo
760 1822 870 1856 Juno-

159 1873 213 1906 uls
227 1873 318 1907 dicit
341 1880 454 1906 morte
478 1874 598 1906 matris
623 1882 696 1906 snae
716 1873 871 1906 Semeles

158 1924 320 1958 viduatos
336 1928 493 1966 penates.
508 1924 667 1956 ›Laetum-

203 1977 270 2008 158
293 1974 382 2007 otim
410 1974 562 2016 insitum]
600 1973 804 2017 Synaeresis,
831 1978 871 2006 ut

158 2025 225 2058 hoc
254 2025 346 2058 enim
370 2025 505 2057 Semele
532 2029 726 2067 pateretur,
754 2029 871 2057 extor-

160 2076 221 2110 sit.
263 2076 375 2109 Petitt
387 2081 428 2109 nt
440 2075 485 2108 ad
501 2086 538 2109 se
548 2075 748 2108 fulminibus
759 2084 871 2107 arma-

163 2133 221 2161 tus
247 2127 407 2160 intraret.
451 2126 550 2160 Dicit
573 2126 665 2159 euim
696 2134 787 2158 nunc
815 2125 872 2157 Li-

162 2179 239 2217 ber,
263 2176 293 2210 si
318 2182 401 2210 ante
422 2177 552 2210 invitus
575 2177 656 2209 dum
678 2181 801 2209 amatae
824 2176 873 2208 nil

162 2236 269 2271 negas
305 2227 341 2260 in
378 2226 518 2260 Thebas
556 2226 684 2259 fulmen
722 2226 874 2269 ejecisti,

161 2288 267 2321 nunc,
282 2278 404 2322 inquit,
421 2278 498 2321 quis
513 2279 679 2320 compulit
689 2282 729 2311 ut
744 2278 873 2311 bellum

162 2331 213 2364 eis
228 2330 374 2373 juberes
391 2328 534 2361 inferri?
557 2329 659 2363 Idem.

205 2383 270 2416 162
285 2378 447 2420 Danaam]
458 2379 500 2412 ld
516 2384 584 2422 est,
598 2379 734 2423 quaudo
750 2378 794 2412 ad
806 2379 875 2412 Da-

162 2432 251 2467 nai÷n
267 2433 406 2466 venisti.
428 2433 530 2464 Idem.

206 2487 270 2518 1oe
291 2483 560 2525 Parrhasiumque
573 2483 696 2525 nemus]
709 2482 804 2515 Silva
816 2481 875 2514 ubi

162 2535 306 2578 cuysto
330 2545 350 2568 a
375 2533 466 2569 Jove
491 2543 685 2576 compressa
707 2538 774 2574 est,
796 2542 874 2575 quae

163 2591 288 2629 postea
302 2588 313 2606 ‘
331 2586 458 2620 Helice
469 2585 479 2600 ’
498 2594 623 2618 nomen
638 2585 789 2626 accepit.
813 2583 874 2616 Le-

164 2637 338 2679 amque]
361 2636 405 2669 Id
420 2640 488 2679 est,
513 2645 590 2669 cum
613 2635 656 2668 ad
673 2635 802 2667 Ledam
818 2644 874 2666 ve-

166 2687 260 2720 nisti.
283 2688 387 2721 Idem.

210 2740 274 2770 164
297 2738 329 2770 Ε
342 2737 465 2770 eunetis
478 2737 551 2779 ego]
571 2736 617 2770 Se
633 2735 719 2769 dicit
734 2736 840 2769 Liber
856 2746 876 2768 a

167 2787 284 2821 multis
310 2787 511 2822 mortalibus
538 2796 633 2830 soepe
656 2785 764 2820 fuisse
792 2796 875 2828 neg-

1511 197 1626 241 1917

919 298 1061 339 lectum,
1074 302 1115 331 ut
1138 299 1299 341 Lycurgo
1325 304 1430 342 atque
1455 301 1624 336 Pentheo.

920 349 1009 381 Nam
1023 349 1131 382 ovid.
1144 351 1292 392 quodam
1313 351 1390 384 loco
1406 351 1510 384 verba
1532 354 1625 385 Pen-

921 399 992 431 thei
1003 399 1198 441 injuriantis
1222 400 1384 433 Liberum
1406 403 1456 434 ita
1469 402 1625 446 descrip-

919 450 991 483 sitz
1023 451 1135 485 ‘Quis
1164 450 1262 484 furor
1285 453 1486 495 anguigenae
1509 455 1625 496 proles

919 501 1096 534 Mavortia
1122 506 1257 534 vestras
1287 502 1451 536 Attouuit
1479 509 1627 547 mentes,

918 551 1097 585 Pentheus
1111 553 1181 587 ait:
1201 564 1316 587 aerane
1329 559 1462 589 tantum
1479 557 1557 589 AEre
1571 568 1626 590 re-

918 604 1019 646 pulsa
1040 604 1171 645 valent,
1192 609 1229 637 et
1252 605 1387 639 adunco
1402 607 1486 639 tibia
1505 617 1625 650 cornu,

920 654 968 687 Et
982 654 1124 696 magicae
1139 654 1290 698 fraudes,
1301 661 1341 689 ut
1355 667 1440 700 quos
1462 660 1530 691 n'on
1555 659 1626 691 bel·

918 706 1006 738 licus
1022 706 1126 746 ensis,
1148 706 1228 739 Nou
1257 708 1342 740 tuba
1364 710 1540 750 terruerit,
1554 719 1624 742 non

918 756 1051 789 strictis
1065 757 1200 798 agmina
1215 757 1304 799 telis,
1317 759 1502 791 Foemineae
1513 769 1628 802 voces,

920 811 959 840 et
987 810 1081 839 mota
1118 806 1250 840 insania
1277 809 1370 849 vino,
1400 809 1626 853 Obsceniqne

920 866 1044 899 greges
1073 860 1110 890 et
1132 858 1248 890 inania
1272 862 1438 901 tympana
1459 859 1602 893 vincant
1613 861 1634 892 ἴ

919 909 1037 941 Vosne
1067 917 1169 940 senes
1193 908 1324 949 miseri,
1348 909 1407 952 qui
1433 910 1535 952 longa
1562 909 1627 954 pei·

920 968 1058 1001 aequora
1074 959 1179 1000 vecti,
1206 959 1285 991 Hac
1307 959 1439 1001 Tyron,
1464 960 1531 993 hac
1550 971 1628 1002 pro-

919 1008 1018 1051 fugos
1043 1009 1204 1052 posuistis
1235 1010 1319 1042 sede
1345 1011 1503 1053 penates,
1522 1012 1627 1046 Nunc

918 1059 1032 1092 sinitis
1042 1060 1117 1091 siue
1131 1059 1248 1092 Ma'rte
1262 1059 1339 1102 capi
1350 1059 1375 1092 ?’
1398 1061 1498 1093 Idm.

963 1112 1028 1143 166
1052 1110 1182 1143 Pondus
1203 1111 1304 1153 eram]
1329 1111 1499 1145 Quoniam
1514 1111 1630 1144 fulmi-

917 1165 1001 1194 nata
1015 1166 1126 1194 matre
1141 1160 1264 1194 femori
1286 1162 1387 1196 Jovis
1410 1167 1465 1195 est
1490 1163 1628 1196 insitus.

920 1212 1023 1244 Unde
1053 1211 1158 1244 Liber
1189 1211 1391 1245 ‘Bimater’
1430 1213 1628 1255 appellatus

920 1266 988 1302 est,
1003 1261 1093 1305 quod
1116 1262 1201 1294 duas
1217 1262 1324 1295 veluti
1347 1267 1474 1296 matres
1495 1263 1630 1297 habuit.

918 1313 929 1330 ‘
944 1312 1193 1355 Dithyrambus
1206 1313 1216 1328 ’
1238 1313 1350 1346 dictus
1365 1320 1432 1355 est,
1448 1313 1540 1356 quod
1557 1314 1630 1346 vel-

920 1367 960 1396 ut
978 1373 1042 1406 per
1060 1364 1144 1396 duas
1171 1368 1289 1405 portas
1309 1363 1456 1396 exierit:
1480 1363 1542 1395 sed
1565 1364 1629 1396 hoc

919 1413 1115 1446 fabulosum
1137 1414 1354 1456 intelligitur.
1398 1414 1470 1447 Sub
1490 1415 1555 1447 hac
1571 1424 1632 1447 au-v

922 1468 992 1497 tem
1011 1464 1122 1507 figura
1136 1464 1320 1507 mysticum
1337 1464 1562 1506 philosophiae
1578 1474 1631 1497 se-

921 1521 1054 1548 cretum
1065 1519 1140 1547 est:
1164 1524 1243 1546 nam
1260 1519 1297 1547 et
1312 1515 1397 1547 illud
1410 1514 1633 1548 falsissimum

922 1571 976 1599 est
986 1566 1077 1608 quod
1089 1565 1240 1597 Tiresias
1252 1565 1344 1597 subit
1358 1564 1422 1584 ⁸⁸*
1433 1566 1534 1598 Idem.
1572 1566 1630 1598 Iu-

922 1626 1005 1659 geus
1019 1616 1095 1649 haec
1109 1618 1244 1657 lacuna,
1259 1625 1336 1659 quae
1350 1616 1408 1649 hic
1424 1616 1458 1648 in
1476 1616 1630 1649 Luctatii

923 1667 1054 1701 Comm.
1081 1667 1308 1709 conspicitur,
1332 1677 1376 1699 ex
1403 1667 1496 1699 nullo
1512 1676 1630 1700 exem-

921 1719 1069 1761 plarium
1085 1718 1238 1760 suppleri
1253 1721 1380 1760 potest.
1403 1718 1520 1751 Barth.

966 1773 1028 1803 1⁷1
1066 1769 1180 1811 Buxa]
1214 1769 1311 1802 Tibia
1341 1769 1396 1801 vel
1427 1759 1632 1810 scabellum,

923 1820 1041 1863 quod
1031 1830 1067 1852 m
1090 1820 1197 1853 sacris
1224 1820 1386 1852 tibicines
1402 1819 1494 1862 pede
1509 1828 1632 1851 sonare

922 1877 1187 1905 consueverunt.
1234 1872 1358 1904 Timent
1373 1871 1512 1913 thyrsos]
1538 1871 1631 1904 Quo-

922 1923 1027 1955 modo
1040 1922 1194 1955 Thebani
1206 1922 1298 1954 bella
1313 1931 1381 1954 non
1396 1923 1551 1958 timeant,
1572 1921 1633 1963 qui

923 1973 1164 2006 bacchantium
1191 1978 1340 2005 matrum
1366 1972 1522 2014 Thyn-sos
1552 1971 1631 2003 hor-

923 2028 1077 2056 rescunt.
1108 2028 1145 2056 et
1175 2028 1213 2056 ut
1240 2022 1393 2055 bellandi
1434 2024 1527 2055 inter
1555 2023 1633 2054 illos

924 2078 1134 2106 monstraret
1158 2073 1324 2115 speciem,
1360 2073 1432 2105 ait:
1469 2073 1634 2105 ‘Timent

924 2130 1110 2167 nuptarum
1127 2125 1249 2167 praelia
1271 2128 1433 2157 matrum.
1437 2123 1447 2138 ’
1467 2124 1619 2156 Lactant-

969 2179 1032 2209 174
1055 2175 1174 2217 Peltis]
1196 2176 1342 2208 Lunatis
1367 2176 1482 2218 scutis,
1509 2176 1649 2219 quibus

926 2231 1073 2260 utuntur
1084 2226 1291 2259 Amazones.
1316 2227 1418 2259 Idem.

969 2280 1031 2310 175
1066 2278 1122 2310 Sic
1145 2278 1242 2310 hostis
1264 2277 1382 2320 ᾱςῇιίῠ]
1406 2277 1634 2320 Interpositio

926 2328 1148 2361 narrationis.
1171 2328 1272 2360 Idem.

970 2381 1033 2410 177
1058 2379 1176 2410 Ditare
1191 2377 1358 2421 Mycenas]
1379 2378 1543 2411 Inimicus
1568 2377 1634 2410 Αϊ-

927 2438 987 2471 gos
1000 2428 1237 2460 Thebanorum
1252 2429 1371 2470 spoliis
1381 2428 1505 2461 ditare.
1550 2429 1632 2461 sen·

926 2489 998 2522 sus,
1017 2479 1141 2511 melius
1157 2480 1266 2512 iratus
1291 2480 1376 2512 alios
1400 2479 1515 2512 hostes
1530 2479 1636 2512 elice·

927 2533 995 2570 ret,
1010 2539 1055 2561 ne
1079 2539 1140 2562 vos
1158 2529 1373 2562 inimicorum
1396 2529 1531 2563 faceret
1546 2539 1635 2572 prae-

926 2580 1017 2613 dam.
1042 2580 1143 2612 Idem.

972 2634 1034 2664 18⁰
1053 2631 1218 2673 Thracem,
1231 2631 1384 2673 silvasque
1394 2630 1552 2674 Lycurgi]
1563 2631 1636 2664 No-

927 2686 982 2716 tat
995 2681 1159 2723 fabulam,
1170 2692 1238 2725 qua
1249 2683 1427 2725 Lycurgus
1439 2683 1515 2714 Rex
1529 2682 1635 2713 Thra-

928 2735 993 2767 ciae
1010 2733 1179 2775 Dryantis
1202 2733 1307 2775 filius,
1334 2733 1487 2766 nutrices
1504 2733 1636 2764 Bacchi

929 2784 1016 2818 urbe
1041 2783 1129 2817 Nisa
1153 2783 1330 2818 latitantes
1352 2788 1570 2827 persecutus,
1584 2784 1636 2825 ip-
