1878 3164
291 244 403 290 1830

333 353 396 383 868
424 350 557 391 Vimque
576 348 702 389 nocens]
726 349 910 382 Meliores:
943 349 989 381 vi-

288 405 386 443 toeque
405 411 528 433 noc-ena.
573 401 621 432 Ut
644 400 703 432 lib.
719 409 744 432 1·
773 405 782 420 ⁸
799 401 988 433 Fortunate

288 451 415 483 animi!
452 451 525 483 Lib.
543 459 592 483 iv.
613 451 623 469 ⁶
638 449 692 482 Ab
707 449 819 483 miseri
834 451 989 484 morum!

290 501 429 532 Gronov.

330 552 393 582 369
416 548 574 590 Pambos]
604 549 653 581 Ut
684 549 877 591 hujusmodi
905 551 987 583 milii

285 609 426 640 parares
456 599 622 631 insidias:
655 603 715 632 aut
752 605 848 633 certe
878 601 987 642 qualis

286 650 421 691 Tydeus
443 660 600 682 reversus
625 655 692 690 est,
708 651 784 683 talis
801 656 837 683 et
864 661 928 693 ego
943 652 987 684 ad

285 699 398 741 Argos
414 700 575 732 redirem.
597 700 794 734 Lactantius.

327 752 392 780 374
415 750 482 780 Res
508 750 622 781 dextra
649 750 777 790 levavit]
814 751 890 783 Nec
917 761 986 791 me,

282 799 406 840 inquit,
416 803 547 830 tantum
560 799 696 831 extollit
707 801 854 843 conjugii
867 810 987 843 repen·

284 849 356 880 tina
367 848 526 889 felicitas,
536 852 575 881 ut
587 850 734 882 nesciam
748 861 849 892 quam
866 851 910 883 sit
924 851 987 884 du-

283 909 357 931 rum
384 900 522 942 quietos
547 900 698 932 homines
723 900 765 932 ad
782 901 872 933 bella
896 912 986 935 com-

282 950 424 992 pellere.
469 951 545 982 Hoc
562 956 676 982 autem
697 952 781 984 mire
803 953 986 994 anticipat,

282 1009 326 1031 ne
365 1004 484 1042 postea
520 1000 593 1041 ipse
627 1002 809 1042 culpetur:
834 1003 984 1045 alioquin

281 1051 394 1082 nullus
406 1051 513 1092 magis
530 1051 622 1083 bella
637 1051 821 1085 desiderat.
858 1053 985 1095 Agitur

282 1100 411 1141 quippe
448 1100 491 1141 de
527 1101 600 1142 ejus
638 1101 792 1142 imperio.
837 1102 986 1137 Laetam.

283 1149 352 1179 Neo
368 1158 415 1179 me
428 1149 504 1180 adeo
525 1158 576 1180 res
598 1149 728 1191 dextra]
751 1150 892 1183 Utinam
915 1162 984 1184 om-

281 1208 343 1230 nes
361 1207 425 1229 uon
442 1208 463 1230 a
476 1200 643 1240 supremis
659 1200 770 1240 labiis,
787 1201 847 1233 sed
870 1211 889 1233 e
904 1212 984 1243 pec-

282 1253 371 1285 tore,
387 1254 423 1280 et
446 1253 484 1280 ut
508 1249 567 1280 ille
593 1250 641 1282 ait
669 1251 704 1282 ἐκ
729 1253 847 1292 φρενῶν
869 1253 983 1292 μυχοῦ,

279 1300 369 1331 hanc
385 1300 590 1331 sententiam
613 1311 866 1343 usurparemus,
882 1313 983 1344 quam

279 1349 368 1381 belle
383 1349 560 1382 nobiscum
576 1355 736 1391 ageretur
750 1352 759 1383 1
784 1352 839 1383 vix
855 1351 984 1384 afflavit

280 1400 401 1432 melior
417 1400 571 1442 quaedam
588 1400 736 1433 fortunae
754 1412 850 1442 aura,
866 1403 982 1434 statim

280 1451 445 1492 aequales,
472 1450 552 1482 dein
578 1452 782 1492 superiores,
809 1458 985 1494 postremo

279 1506 414 1532 nostras
441 1500 508 1541 ipsi
537 1510 615 1542 spes
649 1502 781 1533 anteire
814 1512 984 1544 paramus.

278 1550 403 1591 insani,
425 1556 460 1583 et
474 1551 604 1583 Comici
618 1551 721 1583 verbo
733 1552 742 1570 ‘
757 1552 870 1594 lapide
885 1553 983 1584 silice

279 1601 481 1634 stultiores.'
509 1602 695 1639 enimvero,
721 1613 788 1645 quo
803 1605 813 1621 ‘
831 1604 984 1635 Fortuna

279 1652 382 1684 altius
420 1653 545 1684 Evexit
581 1662 621 1684 ac
658 1652 784 1685 levavit
820 1653 983 1685 humanas

281 1711 376 1743 opes,
393 1702 471 1734 Hoc
487 1712 523 1734 se
547 1702 654 1743 magis
678 1703 892 1744 supprimere
908 1703 982 1735 feli-

280 1763 338 1784 ces
360 1752 486 1785 decet.'
530 1753 610 1784 Feri
632 1757 668 1784 et
688 1754 810 1786 inculti
831 1754 982 1786 homines

277 1803 313 1834 id
327 1803 470 1843 scivere,
481 1803 538 1845 qui
554 1803 703 1836 animose
718 1804 809 1846 apud
825 1803 982 1837 Curtium

278 1854 455 1886 inculcant
483 1864 602 1896 regum
625 1854 792 1886 maximo:
816 1856 825 1872 ‘
840 1855 981 1887 arbores

281 1915 418 1947 magnas
434 1905 492 1937 diu
508 1914 675 1945 crescere,
690 1915 758 1938 una
780 1905 862 1938 hora
877 1906 982 1937 extir-

280 1955 378 1997 pari.'
422 1955 571 1987 Imbibes
594 1959 630 1987 tu
654 1955 711 1997 qui
733 1954 836 1987 infida
857 1955 983 1988 fiducia

281 2011 317 2038 te
334 2005 484 2045 extollis,
511 2005 574 2036 nisi
597 2005 700 2044 serio,
725 2005 786 2036 sed
810 2015 886 2037 sero
911 1999 982 2046 plo-

279 2066 356 2088 rare
380 2055 487 2087 velis:
512 2054 787 2096 quandoquidem
814 2064 882 2086 non
908 2064 983 2087 cer-

280 2106 350 2137 tius
377 2105 481 2136 solem
508 2104 652 2135 meridie
675 2104 806 2142 lucere,
822 2115 921 2146 quam
945 2106 982 2137 il-

279 2157 339 2190 lud
355 2156 508 2197 Tragici:
532 2154 543 2174 ‘
559 2156 724 2197 Sequitur
751 2157 917 2197 superbos
934 2158 983 2190 ul-

280 2213 334 2240 tor
351 2218 370 2239 a
387 2212 484 2247 tergo
499 2205 620 2238 Deus.¹
637 2205 790 2238 Rern-art.

323 2262 388 2291 376
414 2258 520 2290 Ullius
534 2257 657 2298 domus]
695 2257 783 2288 Nolo
806 2257 983 2290 domorum

280 2310 408 2341 habere
435 2307 631 2344 maledicta,
647 2307 674 2338 si
691 2317 766 2348 quae
789 2306 920 2339 fuerint
935 2308 983 2340 vi-

280 2361 395 2391 duatae
408 2358 615 2390 necessitate
633 2357 809 2389 bellorum.
823 2357 975 2390 Laetam.

324 2412 386 2441 377
415 2408 547 2448 Obliquo
574 2407 688 2439 lumine
712 2406 844 2447 matres]
882 2408 983 2440 Filio-

282 2470 355 2491 rum
378 2458 551 2490 desiderio
577 2457 658 2489 mihi
683 2456 830 2489 infestae.
854 2461 892 2489 ut
908 2457 981 2489 Ho-

282 2516 346 2543 rat.
368 2511 378 2528 ‘
396 2509 560 2550 Bellaque
571 2507 982 2549 matribusDetestanda,’

280 2562 315 2593 id
337 2565 402 2601 est,
416 2569 560 2601 quarum
582 2558 643 2589 filii
666 2567 719 2590 me
736 2563 922 2600 sequantur
938 2558 980 2591 ad

280 2612 383 2644 bella.
399 2611 498 2642 Idem.

323 2664 387 2694 379
409 2658 562 2699 Auditus]
585 2658 616 2690 A
633 2667 686 2690 me
707 2658 853 2700 scilicet,
870 2663 907 2691 ut
921 2659 981 2692 ob-

281 2719 476 2754 temperans
504 2711 646 2751 primum
663 2721 671 2740 :
693 2710 756 2741 hoc
773 2710 856 2742 dicit
873 2715 909 2742 ut
931 2710 981 2743 111·-

281 2765 472 2805 telligamus
494 2760 681 2801 Polynicen
697 2759 739 2791 ad
752 2760 885 2792 Thebas
900 2765 980 2793 ante

282 2817 332 2848 ire
360 2813 519 2852 voluisse,
548 2810 842 2852 sed,prohibitun1
875 2821 911 2844 se
937 2811 979 2844 ab

746 256 887 288 NOTAE
921 256 1187 288 VARloRUM
1221 258 1272 289 ΙΝ
1304 263 1308 266 ’

1037 348 1187 382 Adrasto
1212 351 1384 393 queritur,
1413 354 1452 383 ut
1485 350 1580 393 prin's'
1606 351 1740 394 legdtio

1036 402 1246 434 mitteretur.
1303 402 1501 436 Artificiosa
1537 413 1623 446 ergo
1655 410 1739 438 eon-

1035 452 1167 493 questio
1189 457 1255 490 est,
1271 463 1348 495 quae
1373 454 1424 486 sic
1441 455 1502 495 ait,
1524 454 1612 486 utin
1633 455 1738 488 ultio-¹

1036 510 1114 533 nem
1139 502 1190 534 sui
1207 503 1310 535 etiam
1338 504 1491 537 nolentes
1509 504 1559 537 ire
1586 504 1737 547 compet-

1035 551 1094 583 lat.
1118 551 1218 584 Idem.
1735 572 1737 574 -

1077 605 1142 634 383
1160 603 1311 635 Omnibus
1321 603 1422 645 ultro]
1444 603 1595 636 Defectu
1610 603 1737 636 ornum.

1034 652 1086 684 uis
1102 652 1206 684 totius
1223 654 1359 694 aperuit
1376 654 1600 686 voluntatem.
1645 653 1735 688 Nam

1035 703 1113 734 dum
1123 707 1238 735 astute
1250 702 1455 744 repudiabat
1466 703 1605 744 auxilia,
1616 703 1653 736 id
1663 703 1738 746 egit

1034 756 1072 784 ut
1094 757 1298 785 mereretur.
1327 754 1436 796 Ultro]
1457 755 1566 795 Bene,
1579 754 1660 796 quia
1676 754 1738 787 ille

1033 802 1208 842 ingeniose
1235 803 1403 843 noluerat,
1429 809 1552 845 putans
1578 813 1617 836 se
1642 804 1737 847 ultro

1034 852 1146 892 velle;
1166 857 1226 885 aut
1253 854 1336 885 ultro
1352 853 1440 886 ultra
1461 853 1672 895 accipimus:
1697 858 1737 886 ut

1032 902 1131 944 Virg.
1145 903 1155 920 ‘
1169 907 1206 934 et
1219 902 1467 935 miserescimus
1483 902 1598 936 ultro?
1613 903 1715 938 lam.

1076 955 1137 985 391
1165 954 1321 994 Tantaque
1332 953 1366 985 in
1379 953 1549 995 sunguine]
1565 953 1632 987 Qui
1646 958 1736 987 stm-

1033 1012 1089 1034 mo
1113 1012 1176 1035 suo
1201 1003 1397 1035 discrimine
1420 1003 1519 1036 nobis
1547 1007 1600 1036 tot
1619 1003 1736 1038 hostes

1034 1063 1111 1086 cum
1126 1062 1247 1094 magna
1263 1063 1324 1085 sua
1336 1053 1442 1095 gloria
1457 1053 1599 1094 occidit,
1610 1058 1650 1086 ut
1664 1063 1738 1086 me-

1033 1103 1101 1135 rito
1117 1103 1210 1135 illum
1226 1103 1427 1144 gloriantem
1442 1103 1609 1136 audimus.
1621 1104 1736 1146 Antiq-

1035 1154 1143 1186 Schol.

1077 1207 1140 1236 398
1166 1203 1376 1245 Epidaurius]
1399 1203 1529 1237 Civitas
1539 1204 1573 1236 in
1583 1204 1613 1237 G
1620 1204 1738 1245 ruscia,

1034 1254 1124 1286 unde
1148 1254 1363 1295 AEsculapius
1385 1253 1491 1286 fuisse
1511 1254 1652 1295 dicitur,
1665 1265 1737 1287 me-

1034 1305 1157 1337 dicinae
1175 1305 1259 1337 artis
1284 1305 1464 1337 inventor:
1487 1310 1524 1338 et
1541 1306 1628 1338 bene
1644 1307 1738 1348 perh

1034 1359 1069 1386 to
1093 1354 1227 1387 medico
1248 1355 1334 1386 illius
1349 1355 1501 1387 civitatis
1519 1355 1640 1388 tribuit
1660 1356 1736 1397 glo·

1032 1405 1129 1445 riam,
1146 1416 1165 1437 a
1180 1415 1247 1446 qua
1263 1405 1417 1437 inventor
1429 1406 1512 1438 artis
1527 1406 1635 1448 ipsius
1649 1405 1736 1438 diei·

1034 1460 1089 1487 tur
1102 1456 1285 1495 sumpsisse
1302 1455 1522 1496 principium.
1545 1455 1694 1490 Luceant.

1076 1507 1140 1536 399
1163 1503 1258 1536 Num
1284 1506 1374 1536 velox
1391 1505 1500 1546 ferro]
1523 1505 1604 1538 Non
1623 1505 1667 1538 ad
1683 1512 1737 1538 as·'

1034 1555 1219 1596 peritatem
1242 1554 1374 1595 retulit,
1388 1554 1449 1587 sed
1475 1555 1519 1587 ad
1541 1555 1630 1587 bene
1654 1553 1736 1588 faci·

1033 1606 1157 1638 endum
1175 1604 1360 1637 velocitate
1375 1605 1503 1647 operis,
1511 1606 1589 1638 dum
1605 1605 1735 1648 aliquid

1034 1660 1224 1686 resecatur.
1250 1654 1349 1686 Idem.

1074 1707 1138 1736 401
1162 1704 1330 1745 Principia
1345 1705 1481 1746 irarum]
1503 1705 1545 1737 Id
1570 1709 1637 1746 est,
1657 1714 1735 1738 ora-

1033 1754 1135 1786 tionis
1159 1763 1229 1784 suae
1257 1753 1464 1794 libertatem,
1478 1754 1534 1785 vel
1556 1764 1633 1796 qum
1656 1755 1734 1798 huie

1033 1805 1074 1837 ab
1093 1804 1255 1836 Etheocle
1273 1799 1436 1844 responsa
1451 1802 1601 1837 fuerunt.
1617 1805 1717 1838 laun.

1072 1858 1135 1886 405
1163 1853 1303 1896 Cuifida
1328 1863 1422 1886 manu
1436 1855 1592 1896 Adseupet
1613 1855 1736 1896 oranti]

1031 1905 1087 1937 Ita
1111 1905 1253 1945 vulgati,
1266 1909 1442 1945 corrupte,
1456 1909 1495 1938 ut
1510 1910 1547 1937 et
1562 1915 1657 1938 caeco
1672 1901 1732 1947 apss

1033 1960 1143 1997 paret.
1189 1954 1316 1986 Verum
1345 1963 1389 1986 ex
1425 1955 1664 1997 manuscriptis
1695 1960 1734 1988 et

1031 2005 1182 2038 editione
1198 2004 1358 2046 principe
1377 2004 1571 2045 planissime
1586 2006 1734 2048 emergit

1031 2056 1207 2094 severitas,
1230 2055 1282 2085 cui
1301 2054 1375 2096 fidu
1402 2064 1526 2086 manus.-
1554 2053 1733 2096 scripsisse

1032 2107 1081 2139 ita
1104 2105 1289 2147 Papinium
1316 2114 1384 2136 nou
1409 2104 1584 2137 dubitabit
1598 2105 1654 2147 qui
1679 2115 1733 2138 ra·

1032 2157 1160 2189 tionem
1191 2164 1324 2187 omnem
1357 2154 1506 2187 nondum
1542 2155 1638 2189 exuit
1673 2160 1733 2193 ant

1033 2216 1180 2239 sensum.
1193 2200 1347 2237 Ber-min.

1073 2260 1136 2289 407
1161 2256 1291 2288 Devexo
1318 2253 1477 2295 margine]
1497 2253 1670 2286 Inclinato
1697 2253 1734 2286 in

1033 2317 1107 2340 eam
1132 2311 1265 2348 partem
1292 2305 1510 2346 mundi‚quae
1535 2304 1579 2335 de
1594 2304 1732 2336 coeloiu

1032 2366 1198 2389 oceanum
1225 2354 1414 2396 mergitur:
1439 2358 1514 2385 tota
1534 2354 1624 2385 enim
1650 2353 1733 2395 poi}-

1032 2407 1101 2439 tica
1120 2405 1305 2446 descriptio
1327 2404 1494 2436 translata
1518 2409 1573 2436 est
1594 2404 1639 2436 de
1659 2404 1732 2436 Ho-

1032 2466 1135 2488 mero.
1178 2456 1244 2487 Ille
1271 2454 1359 2486 enim
1384 2454 1471 2485 hanc
1499 2454 1668 2486 schemam
1695 2454 1730 2486 in

1033 2506 1186 2548 Neptuni
1210 2504 1442 2546 descriptione
1456 2503 1628 2545 depinxit.
1650 2503 1732 2536 Lae-

1031 2560 1112 2588 tant.
1718 2580 1723 2586 .

1073 2609 1137 2640 410
1159 2605 1336 2637 ,decurrunt
1364 2602 1481 2644 Hom]
1508 2603 1614 2637 Quasi
1642 2603 1733 2636 Solis

1033 2658 1138 2690 Horae
1166 2657 1233 2687 sint
1257 2654 1412 2686 comites.
1456 2654 1638 2685 Praeterea
1671 2653 1730 2685 de-

1031 2706 1227 2748 scriptionis
1266 2705 1365 2736 istius
1394 2702 1640 2749 consideranda
1675 2699 1730 2736 est

1031 2759 1177 2801 pictura,
1202 2753 1487 2798 quemadmodum
1515 2753 1651 2787 diversa
1681 2754 1731 2791 di-

1032 2808 1137 2842 versis
1152 2805 1339 2848 fungantur
1355 2803 1486 2838 officiis.
1501 2804 1600 2838 Idem.
