1878 3164
483 258 522 288 P.
556 254 745 287 PAPINU
779 253 944 285 STA‘ru
981 251 1185 283 Aenum.
1221 251 1315 282 Lm.
1337 251 1369 280 1.

197 351 269 385 Aut
275 352 344 394 jam
357 360 395 384 se
402 343 567 392 equalem
578 352 724 391 prestat
734 348 835 390 patri.
847 348 898 381 ld.

237 404 281 434 4⁴
302 399 470 440 mm]
490 399 622 439 Iliacae,
644 398 783 430 Paridis
806 397 898 428 scili-

196 455 265 484 cet.
294 450 481 484 *Rhoetium
497 458 592 480 mons
608 452 662 480 est
677 448 806 480 vicinus
821 447 898 484 Ilio,
914 471 915 474 η

194 501 230 533 in
239 510 308 544 quo
319 500 400 533 urbs
412 499 478 532 fuit
489 498 642 541 ejusdem
658 499 815 539 nominis,
819 499 900 540 jux-

196 557 301 594 taque
325 551 505 583 AEantenm
530 559 608 582 cum
633 548 747 591 Ajacis
770 548 900 581 tumulo

195 605 234 634 et
248 601 377 643 templo
392 604 428 632 et
443 604 557 632 statua
573 608 673 641 quam
689 599 732 631 ab
749 598 900 630 Antonio

196 651 346 684 ablatam
370 655 407 682 et
431 650 467 681 in
482 650 666 691 AEgyptum
690 652 900 690 asportatam

195 703 372 745 Augustus
387 703 504 735 Caesar
529 701 713 733 Iliensibus
737 699 900 732 restituit.

199 753 331 796 hbes]
355 754 482 786 Naves.
511 752 697 784 Materiam
713 760 777 792 pro
793 748 901 783 forma

197 805 325 849 posuit.
347 805 531 836 Matar-ane.

238 859 282 889 45
305 855 436 888 Imm·
458 853 629 895 madonis]
650 851 799 883 Paridis.
842 850 901 882 In-

198 910 324 939 eaestus
335 908 391 938 est
404 903 462 946 qui
475 913 552 936 cum
563 902 726 943 sanguine
737 900 901 942 conjunc·

199 957 245 990 tls
274 956 358 992 coit,
387 955 441 987 vel
469 963 546 986 cum
577 951 902 985 sanctimonialibus.

198 1007 270 1040 Hie
294 1006 419 1040 abusus
442 1008 508 1041 est,
527 1006 563 1036 et
578 1012 642 1045 pro
658 1001 815 1034 adultero
842 1010 902 1043 po-

199 1056 280 1090 suit.
309 1055 408 1088 Idm.

241 1109 286 1140 48
306 1107 524 1146 Dextramque
552 1101 694 1143 secundi]
724 1100 903 1134 Notandus

193 1156 373 1200 ,iuventuti
389 1156 484 1188 locus
500 1165 511 1194 ς
533 1164 625 1194 nam,
638 1158 678 1186 ut
699 1162 742 1185 ex
758 1162 903 1194 sequen-

200 1207 293 1240 tibus
305 1207 448 1246 clarum,
459 1214 524 1248 per
537 1205 547 1223 ‘
558 1203 746 1236 secundum
756 1203 905 1242 Jovem,’

200 1257 403 1299 Neptunum
431 1254 608 1296 intelligit.
660 1253 758 1287 Jovis
782 1261 904 1284 nomen

201 1307 369 1350 siquidem
397 1306 507 1339 tribus
534 1304 676 1338 Saturni
705 1303 784 1336 finis
812 1313 903 1335 com-

201 1366 318 1398 mune,
330 1357 375 1389 de
390 1365 432 1389 eo
453 1356 512 1399 qui
534 1355 620 1388 caelo
636 1363 784 1396 praeesse
801 1352 903 1394 tinge-

200 1406 326 1440 batur:
350 1407 510 1449 exempla
531 1413 695 1447 nusquam
709 1413 777 1436 non
793 1403 904 1435 obvia.

202 1458 356 1491 Ber-mre]

243 1511 288 1541 4⁹
309 1509 376 1541 Per
406 1508 540 1549 Tethyos
563 1506 684 1548 amnes]
709 1505 830 1538 Malim
860 1515 904 1538 ex

202 1559 448 1601 manuscriptis
462 1560 591 1602 legere,
612 1568 670 1601 per
693 1559 829 1598 Tethyos
848 1567 905 1588 an-

202 1620 279 1644 m:
301 1615 454 1643 ceterum
475 1614 525 1649 tu,
547 1610 606 1651 qui
623 1609 658 1639 in
674 1607 799 1639 studiis
816 1611 905 1648 tyro,

202 1670 247 1694 ne
262 1669 326 1703 per
339 1659 488 1701 seipsam
499 1657 694 1700 Nympham
708 1666 830 1698 rogare
847 1666 905 1689 au-

203 1715 328 1751 tumes,
340 1710 438 1751 scito,
459 1709 607 1750 Tethym
621 1708 740 1740 Terrae
766 1713 804 1740 et
819 1707 906 1740 Caeli

203 1760 320 1802 filiam,
347 1760 482 1793 Oceani
505 1768 648 1792 uxorem
676 1757 796 1791 Poetis
818 1768 906 1799 esse,

204 1812 360 1845 Deorum
374 1809 524 1844 omnium
535 1813 572 1842 et
586 1818 698 1842 rerum
715 1814 904 1852 parentem.

205 1862 307 1896 Idea.

199 1936 201 1938 -
245 1914 287 1944 st
322 1911 424 1944 Unum
457 1911 605 1953 hiemem]
638 1912 904 1953 Tempestatem.

203 1962 386 1997 namne.
430 1962 566 2004 Regem]
587 1963 750 1995 Nereum.
774 1963 875 1995 Idem.

245 2015 290 2045 62
311 2012 434 2046 Μουκία
445 2012 553 2054 lacus]
575 2012 619 2044 Id
634 2017 701 2055 est,
712 2011 859 2055 dapibus
869 2012 904 2045 in

204 2062 331 2096 mensis
343 2063 522 2105 appositis.
544 2062 643 2096 Idm.

249 2117 291 2146 66
316 2113 475 2155 Mam]
496 2114 656 2146 Monstra
668 2113 811 2153 marina,
827 2123 905 2155 quae

205 2163 306 2205 virg.
319 2163 504 2196 describit:
526 2162 682 2196 ‘Caerula
692 2164 822 2196 concha
838 2165 906 2196 Ex-

206 2218 342 2247 terrent
361 2214 467 2254 freta,
487 2213 543 2246 cui
564 2214 710 2246 laterum
726 2220 824 2247 tenus
838 2214 906 2246 his-

206 2265 287 2307 pida
298 2265 394 2296 nanti
409 2265 516 2296 Frons
527 2264 695 2297 hominem
707 2263 862 2307 praefert‚
871 2265 907 2296 in

207 2315 337 2358 piscem
353 2315 480 2347 desinit
495 2315 617 2348 alvus!
638 2316 739 2348 Idem.

247 2368 291 2398 66
314 2363 543 2407 Tyrrhenique]
563 2365 810 2407 Delphines‚in
823 2375 907 2407 quos

206 2417 372 2460 Tyrrheni
397 2417 533 2460 quidam
561 2418 760 2450 navicularii
782 2422 861 2450 sunt
888 2427 908 2449 a

208 2468 350 2501 Baccho
380 2468 515 2508 mutati,
547 2477 623 2500 cum
654 2473 835 2510 acceptum
869 2473 909 2500 ut

207 2519 344 2552 Naxum
372 2517 696 2559 transgrederentur
719 2518 908 2551 nutricibus

209 2568 393 2601 redderent
404 2568 472 2600 alia
486 2578 548 2609 spe
560 2568 685 2609 proedae
697 2569 838 2610 pellecti
848 2569 908 2600 du-

208 2628 288 2652 eere
297 2619 503 2652 voluissent:
520 2628 620 2661 quam
635 2617 786 2651 fabulam
799 2619 909 2661 Higy-

210 2678 273 2702 nus
287 2669 419 2703 scribit.
442 2670 542 2702 Idem.
566 2712 569 2714 -

253 2722 296 2752 68
320 2720 450 2761 Triplici
460 2719 536 2761 telo]
556 2720 734 2753 Tridente.
757 2721 910 2754 Britann.

210 2769 360 2810 sagula]
381 2769 424 2802 Id
447 2775 514 2810 est,
536 2769 682 2812 Phocus,
697 2771 820 2813 quibus
835 2781 911 2805 cur,

211 2829 269 2853 rus
285 2819 417 2855 Oceani
432 2820 518 2852 tralii
535 2820 675 2854 dicitur.
701 2822 798 2856 Idem.

1535 241 1650 283 2009

990 349 1034 379 59
1058 344 1258 386 Glomerant]
1278 345 1442 377 Volvunt.
1467 345 1565 377 Idem.

991 400 1034 429 60
1057 397 1142 428 Pone
1170 396 1297 437 notant]
1321 396 1408 433 Nam
1435 396 1575 436 Phocis,
1591 397 1649 437 qui

949 452 986 480 et
1002 447 1102 479 vituli
1118 446 1238 478 marini
1261 446 1433 487 dicuntur,
1450 446 1555 487 pedes
1571 451 1652 478 sunt

949 503 1081 532 tantum
1110 497 1313 538 anteriores,
1352 501 1478 529 caetera
1507 507 1587 538 pars
1617 498 1651 529 in

949 548 1091 581 caindam
1113 547 1217 589 piscis
1240 547 1379 580 desinit.
1403 547 1508 589 Pone]
1534 548 1653 588 Retro,

949 599 983 630 id
1015 602 1082 638 est,
1109 597 1218 630 cauda
1242 601 1378 638 natant,
1400 607 1477 638 quae
1500 607 1578 638 pars
1601 602 1654 629 est

950 649 1141 691 posterior3
1165 657 1241 679 nam
1259 652 1337 689 post
1355 658 1490 680 currum
1507 649 1653 690 intelligi

949 709 1018 731 non
1043 703 1173 741 potest,
1189 708 1266 731 cum
1279 698 1322 730 ab
1345 698 1386 730 iis
1401 708 1521 731 currus
1537 699 1653 731 traha-

950 754 1018 783 tur.
1044 751 1144 782 Idem.

992 803 1035 833 64
1058 801 1112 832 Ex
1139 801 1213 842 quo]
1235 801 1288 832 Ex
1317 810 1358 832 eo
1388 804 1542 842 tempore
1574 811 1654 844 quo.

950 852 1129 884 Matarant.
1171 852 1254 883 ἅτινα
1267 851 1368 893 freti]
1392 852 1479 885 Quae
1495 858 1592 884 erant
1610 862 1654 884 ne

949 901 1142 933 hominibus
1167 905 1261 933 esset
1287 901 1454 942 pervium.
1498 902 1654 942 MaJ'esta-

951 955 1013 983 tem
1025 950 1205 991 verendam]
1220 951 1331 984 Quam
1342 951 1490 983 revereri
1501 952 1654 984 homines

951 1001 1164 1040 debuissent,
1180 1005 1216 1033 et
1227 1001 1400 1033 contrario
1415 1002 1587 1034 elemento
1602 1011 1655 1034 se-

951 1063 989 1086 se
1004 1063 1071 1086 non
1089 1052 1250 1085 credere:
1267 1052 1309 1084 ab
1322 1061 1376 1093 eo,
1386 1052 1509 1094 inquit,
1525 1058 1656 1094 tempo-

953 1114 990 1137 re
1005 1109 1156 1146 eoeptum
1172 1107 1225 1135 est
1241 1102 1283 1135 ab
1296 1103 1487 1134 hominibus
1503 1106 1656 1135 contem·

952 1155 987 1187 ni
1003 1163 1109 1195 mare,
1124 1163 1191 1196 quo
1205 1153 1311 1187 Jason
1324 1163 1401 1185 cum
1413 1153 1543 1186 delecta
1556 1154 1655 1186 Grae-

952 1207 1016 1238 ciae
1036 1207 1235 1248 juventute,
1258 1203 1422 1236 fabricata
1444 1204 1521 1235 navi
1546 1203 1656 1244 Argo,

953 1267 1052 1299 quam
1069 1257 1210 1298 primam
1228 1254 1346 1287 dicunt
1361 1253 1467 1286 fuisse
1482 1254 1609 1296 poetae,
1620 1255 1656 1287 in

954 1308 1157 1340 Colchorum
1183 1306 1360 1347 regionem
1376 1298 1564 1346 navigavit,
1578 1305 1656 1337 mis-

953 1368 1010 1390 sus
1037 1368 1058 1390 a
1080 1363 1204 1400 patruo
1225 1355 1324 1388 Pelia
1338 1355 1401 1388 sub
1417 1355 1551 1387 honoris
1567 1364 1657 1396 prae-

954 1413 1054 1442 textu
1079 1407 1124 1440 ad
1149 1407 1258 1439 vellus
1286 1416 1427 1439 aureum
1457 1415 1657 1447 comparan-

954 1457 1047 1499 dum,
1077 1458 1174 1499 cujus
1204 1456 1296 1488 fama
1333 1457 1451 1488 orbem
1488 1460 1658 1487 terrarum

953 1509 1168 1550 impleverat.
1213 1508 1307 1538 Nota
1331 1510 1384 1537 est
1405 1505 1532 1545 fabula,
1557 1515 1658 1547 quam

955 1559 1076 1591 scribit
1103 1567 1147 1590 ex
1171 1556 1297 1589 uostris
1320 1555 1480 1588 Valerius
1501 1556 1660 1596 Flaccus,

955 1619 999 1640 ex
1021 1609 1155 1641 Graecis
1187 1607 1348 1649 Orpheus
1374 1610 1411 1638 et
1430 1604 1655 1648 Apollonius:

954 1668 1018 1692 nec
1034 1658 1178 1692 Ovidius
1194 1658 1359 1690 intactam
1375 1657 1528 1699 reliquit.
1566 1657 1659 1689 Satis

955 1714 1090 1741 constat
1119 1709 1222 1741 etiam
1251 1707 1367 1740 Plinio
1393 1713 1535 1739 auctore
1559 1707 1660 1749 longa

954 1759 1032 1792 navi
1049 1759 1193 1802 primum
1204 1759 1364 1792 Jasonem
1382 1757 1570 1799 navigasse.
1586 1758 1638 1790 Id.

996 1813 1038 1843 65
1061 1811 1182 1852 Puppis
1204 1808 1378 1850 Pagasaeu]
1401 1808 1538 1842 Jasonis
1562 1808 1660 1841 navis

954 1861 996 1893 ad
1026 1861 1180 1902 Pagasas
1207 1858 1391 1891 fabricata.
1436 1858 1579 1900 Pagasae
1605 1868 1662 1890 au-

954 1916 1025 1944 tem
1042 1910 1163 1943 civitas
1179 1909 1244 1942 fuit
1259 1909 1455 1949 Thessaliae,
1471 1909 1660 1941 Pherarum

953 1961 1154 2004 emporium,
1171 1971 1191 1993 a
1206 1960 1328 2003 quibus
1344 1959 1533 2001 nonaginta
1551 1959 1661 1992 distat

954 2012 1088 2049 stadiis,
1102 2012 1144 2044 ab
1159 2012 1287 2044 Colcho
1307 2020 1389 2043 vero
1405 2010 1539 2052 viginti.
1583 2011 1661 2044 Quo

955 2073 1000 2096 ex
1023 2064 1098 2096 loco
1122 2063 1240 2095 Pelias
1259 2062 1420 2095 Jasonem
1437 2071 1477 2094 ac
1494 2061 1589 2103 Argo
1602 2071 1661 2093 na·

955 2124 1031 2146 vem
1043 2114 1168 2155 emisit,
1176 2118 1212 2146 et
1224 2114 1377 2155 Pagasas
1392 2111 1529 2154 quidem
1542 2112 1661 2153 appel-

955 2166 1042 2198 latas
1061 2165 1216 2204 voluere,
1236 2164 1317 2206 quia
1333 2164 1405 2195 illic
1421 2172 1542 2194 navem
1563 2161 1660 2204 Argo

956 2216 1204 2257 compegerint,
1219 2215 1274 2246 vel
1290 2214 1559 2255 proptersontes,
1576 2223 1660 2255 quos

955 2266 1059 2306 πήγας
1074 2266 1192 2298 Graeci
1209 2269 1340 2296 vocant.
1377 2264 1514 2296 Strabo.
1538 2264 1639 2295 Idem.

998 2319 1042 2348 66
1065 2317 1118 2347 En
1145 2314 1247 2355 aliud]
1271 2314 1368 2346 Sicut
1393 2313 1498 2347 Jason
1530 2313 1659 2346 auxilio

957 2375 1036 2398 usus
1049 2365 1186 2397 Medeae
1197 2363 1274 2396 filiae
1286 2365 1398 2397 OEetae
1414 2364 1504 2405 regis
1519 2364 1662 2396 Colcho-

958 2428 1029 2449 rum
1047 2417 1172 2459 pellem
1187 2416 1279 2448 illam
1296 2420 1450 2447 auratam
1471 2413 1564 2447 furto
1582 2416 1661 2448 sub-

957 2468 1070 2510 duxit,
1085 2468 1134 2500 ita
1148 2471 1185 2500 et
1201 2467 1370 2499 Helenam
1385 2470 1421 2498 et
1438 2466 1527 2498 bona
1539 2466 1662 2499 Mene-

957 2520 1003 2551 lai
1018 2519 1118 2551 Paris
1132 2516 1226 2550 furto
1242 2517 1424 2557 subtraxit,
1447 2517 1480 2551 in
1497 2526 1564 2558 quo
1580 2526 1662 2548 vera

957 2564 1001 2602 de
1018 2570 1146 2602 Jasone
1163 2568 1320 2610 tangitur
1335 2567 1488 2599 historia.
1510 2568 1609 2599 Idem.

1000 2623 1041 2652 67
1067 2618 1278 2660 Temerarius]
1299 2618 1433 2650 Stultus
1449 2623 1485 2650 et
1496 2618 1569 2650 sine
1584 2628 1662 2651 con-

958 2671 1046 2703 silio.
1091 2671 1176 2702 Cum
1203 2669 1294 2702 enim
1322 2674 1390 2701 tres
1406 2669 1490 2700 Deae
1507 2668 1550 2700 de
1573 2669 1662 2702 malo

958 2721 1140 2754 discordie
1168 2721 1259 2752 inter
1289 2730 1325 2752 se
1354 2719 1618 2760 contenderent,
1642 2730 1662 2752 a

958 2773 1047 2806 Jove
1061 2771 1105 2804 ad
1120 2771 1281 2804 Paridem
1305 2770 1416 2802 missae
1437 2773 1537 2801 sunt:
1562 2770 1590 2801 is
1613 2770 1661 2800 vi-

961 2823 1043 2855 dere
1055 2821 1160 2854 nudas
1172 2821 1295 2854 voluit:
1313 2829 1455 2862 cumque
1466 2820 1488 2852 J
1493 2829 1559 2852 uno
1568 2818 1661 2851 Asius
