1878 3164
352 328 415 357 557
438 324 588 357 Forsitan
604 322 911 365 0Juven0318ensue
928 325 1006 357 talis

305 379 383 408 est:
408 373 518 406 Credo
533 374 731 405 sanctissimi
743 374 901 414 juvenes,
915 375 1004 406 unde

308 424 406 455 nobis
436 424 505 455 sint
536 433 709 455 sacrorum
734 423 801 455 ista
830 424 1005 464 solemnia,

310 475 440 506 animos
457 477 587 505 vestros
601 473 687 505 velle
702 482 918 514 cognoscere.
942 473 992 505 Id.

352 526 416 555 660
447 523 598 554 Exercita
625 522 775 564 cladibus]
802 522 1008 564 Antiquiora

307 573 468 606 Thebano
483 572 571 604 bello
587 576 743 613 tempora
761 572 836 604 fere
850 572 1008 603 universa

307 623 518 664 ignorantur,
541 621 605 654 nisi
628 631 694 663 qua
717 621 870 654 cladibus
896 622 1006 663 regio-

308 683 389 706 num
415 677 451 705 et
479 681 594 704 earum
615 671 920 703 restaurationibus
946 675 1007 703 aut

310 721 544 754 eversionibus
564 725 686 752 notata
702 725 792 754 sunt.
836 721 921 752 Cum
937 721 1007 761 pri-

309 783 364 805 ma
380 777 493 805 autem
509 781 529 803 a
543 770 670 802 diluvio
684 770 759 802 haec
773 770 935 802 memoria
950 771 1007 803 ho·

309 823 435 854 minum
449 821 668 862 suggesserit,
685 819 814 853 factum
830 826 931 853 estut
940 821 1007 862 pri-

309 873 356 904 mi
381 872 582 904 liberatores
600 871 853 912 provinciarum
878 874 937 902 aut
952 880 1006 902 ur-

311 922 404 954 bium
418 921 532 953 divino
543 921 637 953 cultu
652 920 840 952 consecrati
855 919 1005 952 fuerint:

310 971 344 1002 in
360 980 503 1013 quorum
516 970 651 1002 nomina
660 973 825 1002 venerunt
843 969 1006 1009 deinceps

309 1021 367 1052 alii
384 1020 634 1061 opitulatores,
647 1022 686 1051 ut.
695 1023 747 1051 tot
755 1019 777 1052 J
781 1018 1006 1057 oves‚Hercu-

310 1071 372 1107 les,
387 1070 578 1111 Apollines,
591 1072 655 1102 &c.
678 1069 820 1110 fuerint,
835 1075 918 1112 quot
932 1070 1008 1102 loca

311 1121 445 1162 Regum
461 1119 651 1152 feliciorum
667 1120 793 1151 auxilia
815 1123 1006 1151 senserunt.

312 1170 479 1211 Exercita]
501 1171 696 1212 Exagitata‚
721 1170 860 1212 afflicta,
885 1170 1010 1212 fatiga·

310 1226 360 1260 ta,
383 1230 558 1260 concussa,
585 1221 728 1261 agitata.
780 1221 854 1253 Usu
885 1228 1008 1262 praeter

310 1271 375 1302 hoe
388 1280 494 1312 genus
510 1270 616 1302 verba
628 1271 759 1302 Latinis
770 1275 893 1303 amato.
918 1270 1009 1304 Vide

312 1319 461 1351 Nonium
484 1319 603 1351 Tract.
634 1328 661 1352 1.
685 1319 823 1351 Servius
852 1319 927 1352 AEn.
947 1329 1007 1352 111.

310 1369 429 1401 Barth.

352 1420 415 1449 564
441 1418 614 1460 Ter-entem]
639 1418 775 1450 Crebris
796 1417 1009 1460 amplexibus

312 1474 520 1500 tenuantem.
546 1470 691 1500 Lactant.

353 1522 414 1550 565
434 1519 598 1559 Castaliis]
612 1520 745 1560 Magnae
759 1519 899 1551 arbores
906 1518 1008 1559 juxta

313 1569 501 1601 Castalium
517 1567 645 1600 fontem
655 1572 743 1606 sunt,
755 1569 812 1611 qui
826 1570 861 1599 in
871 1568 1009 1600 Boeotia

313 1628 388 1650 esse
400 1618 539 1658 dicitur,
548 1618 656 1650 Musis
668 1623 900 1649 consecratus.
909 1618 1006 1648 Idem.

354 1672 418 1700 566
441 1669 560 1700 sitiens
585 1669 732 1700 alimenta
753 1668 880 1709 veneno]
907 1669 1008 1701 Quae-

311 1727 390 1749 reus
421 1718 578 1758 accipere
603 1718 776 1757 alimenta,
805 1722 843 1749 ut
867 1721 1009 1758 augeret

311 1777 454 1800 venena.
498 1769 639 1800 Veneno
653 1769 741 1799 enim
755 1768 901 1809 proficit,
917 1766 1010 1809 qnie-

311 1818 394 1860 quid
425 1819 599 1859 acceperit
627 1827 768 1859 serpens
802 1819 985 1851 bibendum
1000 1826 1009 1848 t

312 1873 350 1899 ut
362 1876 485 1908 supra:
498 1868 507 1885 ‘
518 1867 728 1908 Sulphureas
741 1868 942 1909 permiserat
953 1877 1011 1900 au·

310 1917 432 1958 guibus
448 1917 579 1948 undas!
609 1918 708 1950 Idem.

353 1970 417 1999 568
443 1968 575 1999 Centum
595 1976 652 2008 per
670 1967 802 2008 jugera]
823 1968 1011 2009 Eleganter

311 2028 406 2059 sane,
422 2019 502 2060 quia
526 2028 665 2059 serpens
693 2019 788 2050 vivus
814 2027 949 2059 semper
974 2027 1010 2049 se

310 2068 467 2110 implicat
481 2076 490 2098 t
507 2077 571 2100 nec
581 2069 667 2099 male
680 2073 793 2100 tamen
806 2068 941 2105 dixeris,
952 2078 1011 2109 op·

311 2117 429 2148 timum
455 2116 592 2157 poetam
621 2117 774 2149 alludere
808 2118 849 2149 ad
878 2123 1011 2158 gestum

310 2170 530 2198 mortuorum.
567 2166 771 2207 Sophocles:
789 2167 919 2209 Γέροντα
931 2167 1012 2209 μόρῳ

313 2215 491 2248 ἐκτανύσαι.
535 2216 727 2249 Martialis:
755 2218 764 2236 ‘
775 2218 826 2249 'I'u
848 2219 1011 2258 languore

311 2266 449 2308 quidem
465 2265 577 2298 subito
593 2265 741 2307 fictoque
757 2267 909 2299 laboras:
940 2267 1010 2299 Sed

310 2329 387 2352 mea
398 2319 550 2360 porrexit
562 2319 727 2359 sportula,
739 2318 862 2359 Paule,
873 2318 976 2359 pedes
988 2317 1010 2359 ;’

311 2369 346 2400 id
361 2373 425 2409 est,
439 2373 572 2400 mortua
587 2373 650 2400 est.
675 2369 825 2399 Bernart.

353 2421 417 2450 570
442 2417 586 2458 Crotopi]
605 2417 672 2448 Hic
689 2427 747 2448 rex
763 2417 908 2457 Argivus
931 2417 1010 2459 fnit,

310 2467 368 2509 qui
383 2467 576 2507 Apollinem
589 2467 760 2507 Typhonis
784 2467 879 2498 caede
902 2469 1009 2508 pollu-

310 2522 383 2548 tum
395 2516 547 2557 expiavit
561 2527 570 2547 :
585 2516 663 2547 huie
675 2515 745 2547 filia
757 2517 915 2548 Psamate
931 2517 1009 2557 fuit,

312 2576 387 2597 cum
414 2576 480 2607 qua
503 2565 629 2606 Apollo
655 2567 849 2607 concubuit,
875 2567 917 2598 de
942 2577 1008 2609 quo

310 2626 507 2657 compressu
518 2616 639 2655 edidit,
650 2626 689 2647 ac
701 2626 779 2647 mox
792 2617 919 2649 editum
933 2627 1009 2658 par·

312 2670 382 2696 tum
415 2664 574 2704 exposuit
586 2676 596 2696 ε
627 2665 715 2706 quod
746 2666 869 2706 Apollo
898 2666 1008 2707 indig-

311 2719 434 2745 nanter
452 2714 634 2754 accipiens,
654 2714 689 2745 in
711 2715 895 2748 vindictam
921 2716 1008 2756 inju-

311 2764 371 2800 riae
387 2773 455 2795 suae
473 2763 594 2804 injecit
607 2768 805 2806 monstrum,
820 2765 907 2807 quod
921 2766 1008 2798 Cho-

769 230 912 262 No'rAE
946 231 1207 265 VARIORUM
1239 233 1291 265 IN

1054 325 1167 358 roebus
1179 325 1320 358 occidit.
1340 325 1487 358 lactant.

1098 378 1160 407 5⁷2
1185 376 1306 408 Decore
1316 376 1384 417 pio]
1405 377 1457 409 Ex
1473 379 1595 408 natura
1610 376 1749 410 venien·

1057 424 1096 465 ti,
1109 434 1175 456 non
1191 424 1278 456 fucis
1293 429 1352 457 aut
1364 434 1448 457 eura
1463 425 1638 458 decorato.
1661 426 1751 459 Nata

1052 473 1196 515 penates]
1224 475 1409 507 Psamaten
1433 475 1519 508 dicit
1545 474 1687 517 Crotopi
1709 475 1749 508 fi-

1056 525 1146 556 liam.
1193 524 1360 567 Sei-nabat]
1383 524 1601 558 Possidebat.
1622 525 1722 558 Idem.

1099 576 1162 605 573
1187 574 1304 614 Foelix,
1325 574 1354 605 si
1376 574 1485 616 Delia]
1507 575 1549 607 Id
1576 579 1642 616 est,
1667 574 1752 607 felix

1058 622 1085 654 si
1099 632 1269 665 nunquam
1280 623 1400 656 fuisset
1412 623 1578 668 Apollinis
1589 634 1753 667 perpessa

1058 674 1268 706 concubitus.
1291 674 1391 707 Idem.
1658 688 1662 689 ⁷

1098 726 1160 755 575
1183 723 1388 765 Adflumim‘s
1401 723 1530 765 undam]
1552 723 1682 756 Morem
1693 723 1752 757 ha·

1057 772 1140 805 bent
1161 773 1285 814 poeta»,
1306 778 1344 806 ut
1359 783 1401 806 ex
1416 774 1490 806 Diis
1504 774 1636 815 genitos
1649 782 1753 815 super

1057 821 1229 854 flaminum
1250 822 1341 863 ripas
1366 826 1555 855 memorent
1572 832 1648 855 esse
1674 832 1754 855 con-

1058 877 1187 914 ceptos,
1203 879 1241 904 ut
1256 872 1363 904 facilis
1378 872 1534 905 nimirum
1555 872 1664 914 possit
1677 882 1752 905 esse

1058 921 1198 953 ablutio.
1222 922 1320 954 Idem.

1099 974 1163 1003 576
1189 972 1248 1004 Bis
1273 972 1396 1013 quinos]
1422 971 1508 1004 Vult
1532 970 1636 1013 poeta
1658 979 1754 1003 mon-

1057 1025 1166 1054 strare
1180 1022 1332 1063 legitime
1348 1022 1478 1054 editum
1490 1025 1627 1063 partum
1652 1030 1753 1062 puer·

1058 1081 1173 1112 perae:
1195 1076 1335 1104 auctore
1345 1072 1508 1112 Virgilio3
1532 1070 1658 1103 ‘Matri
1678 1070 1752 1103 lon·

1058 1131 1100 1162 ga
1122 1121 1241 1154 decem
1266 1122 1417 1154 tulerunt
1441 1120 1580 1154 fastidia
1598 1119 1755 1154 menses?

1059 1172 1158 1204 Idem.

1100 1225 1163 1254 577
1187 1221 1357 1263 Nepotem]
1369 1220 1436 1256 Qui
1451 1230 1495 1253 ex
1510 1219 1670 1263 Apolline
1680 1229 1756 1253 nas·

1060 1271 1215 1303 cebatur.
1238 1271 1336 1303 Idem.

1101 1324 1163 1353 581
1189 1321 1334 1362 Custodi]
1349 1320 1463 1362 Hujus
1477 1321 1513 1353 in
1526 1319 1757 1352 historialis·

1058 1371 1128 1403 leni
1140 1381 1261 1403 nomen
1277 1371 1461 1403 invenitur.
1490 1370 1636 1403 Luceant.
1675 1370 1754 1401 Cus-

1057 1419 1139 1460 todi]
1150 1419 1310 1452 Emacula
1323 1419 1412 1461 apud
1421 1420 1616 1452 Luctatium
1627 1429 1638 1451 ι
1649 1418 1660 1436 ‘
1671 1419 1754 1451 Hel-

1058 1468 1186 1501 lanici.'
1244 1468 1464 1501 Hellanicum
1497 1467 1754 1512 celeberrimum

1060 1518 1288 1559 mytholo'gum
1315 1523 1351 1549 et
1371 1518 1584 1559 Philolognm
1606 1523 1756 1550 veterem

1060 1570 1168 1600 citant
1203 1568 1294 1600 Plin.
1329 1568 1403 1600 Cic.
1428 1567 1555 1600 Donat.
1584 1567 1755 1609 Higinu03

1060 1619 1257 1651 Scholiastae
1286 1618 1472 1660 Apollonii,
1501 1617 1659 1657 Homeri,
1695 1617 1757 1649 So·

1060 1668 1202 1708 phoclis,
1217 1670 1280 1700 &c.
1301 1677 1345 1698 ex
1366 1667 1484 1709 quibus
1508 1667 1551 1698 de
1576 1677 1616 1698 eo
1634 1676 1695 1699 nos
1722 1667 1756 1698 in

1060 1717 1169 1749 dubiis
1186 1717 1420 1757 scriptoribus.
1444 1716 1561 1747 Barth.

1102 1769 1164 1798 584
1191 1766 1304 1798 Clausa
1314 1764 1449 1805 arbutei]
1465 1765 1570 1799 Quasi
1582 1765 1756 1797 indumen-

1061 1821 1096 1848 ta
1111 1817 1184 1858 ejus
1200 1820 1312 1848 essent
1327 1826 1368 1847 ex
1383 1815 1478 1848 libris
1490 1821 1526 1848 et
1541 1817 1671 1849 arbuto.
1693 1816 1758 1848 Ar-

1061 1867 1161 1899 buteis
1185 1876 1266 1908 ergo
1293 1876 1354 1907 pro
1378 1866 1497 1907 ligneis
1522 1867 1659 1908 posuit;
1680 1876 1758 1898 nam

1061 1918 1199 1950 arbutus
1216 1922 1353 1958 tegmen
1368 1927 1434 1949 non
1449 1917 1567 1950 habet.
1587 1917 1736 1949 Laetam.

1103 1970 1167 1999 586
1201 1966 1317 1998 Pecori
1337 1966 1507 2008 commune]
1528 1967 1578 2000 Ut
1600 1967 1758 1999 ostende-

1062 2023 1116 2049 ret
1144 2017 1260 2058 pecori
1289 2017 1485 2058 pastorique
1515 2017 1650 2050 domum
1683 2026 1770 2057 esse,

1061 2077 1281 2100 communem.
1324 2067 1387 2099 Sed
1404 2067 1480 2105 fata
1504 2077 1559 2099 nec
1587 2067 1691 2108 illum]
1713 2067 1758 2099 Id

1061 2122 1132 2158 est,
1154 2116 1300 2149 fatorum
1328 2118 1516 2150 necessitas
1537 2127 1679 2159 puerum
1711 2117 1757 2149 vi·

1061 2177 1144 2200 vere
1173 2177 1237 2199 nee
1265 2167 1300 2199 in
1329 2167 1469 2209 indigno
1494 2168 1570 2200 loco
1595 2167 1758 2209 permisit.

1063 2217 1165 2250 Idem.

1104 2270 1167 2299 590
1189 2266 1337 2308 Disiieit]
1360 2266 1491 2299 Omnes
1506 2265 1585 2298 libri
1600 2266 1757 2298 meliores

1060 2317 1188 2349 habeut
1203 2317 1351 2348 Dissicit.
1396 2316 1439 2347 Id
1453 2315 1592 2347 verbum
1601 2315 1672 2357 jam
1690 2326 1758 2348 non

1059 2367 1159 2408 pauci
1176 2373 1308 2398 erutum
1323 2366 1598 2407 illustratumque
1613 2366 1759 2398 auctori-

1061 2419 1122 2450 bus
1135 2418 1230 2449 bonis
1246 2417 1480 2449 restituerunt.
1523 2415 1612 2448 Vide
1632 2416 1678 2448 sis
1701 2416 1759 2447 Fr.

1060 2468 1174 2502 Jureti
1200 2468 1308 2500 Notas
1333 2466 1376 2498 ad
1401 2466 1594 2498 Paullinum
1617 2465 1659 2497 de
1674 2466 1758 2497 Vita

1061 2517 1203 2549 Martini
1227 2516 1286 2548 lib.
1301 2526 1359 2548 ιιι.
1382 2525 1469 2548 verS.
1484 2518 1556 2548 360.
1583 2521 1620 2548 et
1645 2516 1758 2547 novis-

1060 2568 1142 2599 sime
1165 2567 1265 2599 Joan.
1293 2566 1394 2606 Casp.
1423 2565 1620 2597 Gevartium
1644 2565 1757 2596 Elect.

1059 2617 1121 2648 lib.
1135 2625 1176 2647 ιι.
1197 2625 1273 2656 cap.
1283 2618 1315 2646 4.
1359 2614 1451 2646 Ante
1477 2618 1636 2646 notar-ant
1659 2615 1758 2646 Lam-

1060 2666 1157 2698 binus
1171 2665 1214 2697 ad
1230 2664 1412 2696 Caelianam
1428 2664 1615 2705 Ciceronis,
1629 2663 1672 2696 A.
1682 2664 1757 2696 Ma·

1061 2716 1175 2747 nutius
1189 2714 1438 2755 orthographia
1452 2714 1599 2756 Majore,
1620 2719 1699 2755 post
1720 2719 1757 2746 et

1061 2765 1151 2798 And.
1177 2764 1406 2798 Schottus'ad
1430 2763 1651 2796 Claudianum
1679 2764 1755 2798 Ma-
