1878 3164
281 198 301 239 1
309 197 395 240 778

283 311 351 334 non
364 302 375 323 ‘
393 300 511 333 Asiam
533 301 649 333 sorte?
693 302 742 333 Ut
755 301 876 334 eodem
891 302 979 334 libro

283 361 408 393 supra:
442 352 557 383 ‘sorte
587 351 678 384 Asiae
707 351 945 393 depellendum
959 352 982 384 :’

282 407 319 435 et
333 401 432 443 infra,
446 403 455 420 ‘
468 412 539 434 sors
557 401 647 433 Asiae
663 402 697 433 in
713 411 801 441 eum,
817 402 875 443 qui
891 402 979 433 Con-

283 452 443 483 sularium
459 451 687 492 Maluginensi
701 451 875 493 proximus
891 457 978 494 erat,

283 502 441 535 conlata!
465 502 603 533 Gronov.

327 555 390 585 166
412 552 502 584 Solus
514 552 549 583 in
562 551 650 592 aula]
674 550 751 583 Non
767 560 849 583 vere
863 551 953 583 solus
967 562 976 583 ε

284 602 345 634 sed
361 602 439 644 quia
462 602 489 633 is
514 611 576 643 pro
601 601 702 633 turba
724 605 778 633 est
792 601 907 642 homo,
922 602 980 644 qui

282 652 356 684 aliis
372 656 426 684 est
440 651 518 683 odio
533 652 635 683 solus.
657 651 803 683 Lactant.

326 704 388 733 168
412 702 479 732 Par
492 704 576 732 stare
589 701 698 742 caput]
713 700 755 732 Id
768 704 821 733 est
835 700 885 733 tui
900 710 979 733 con-

283 756 408 783 sortem
425 748 640 783 diadematis.
662 750 764 782 Idem.

326 804 391 833 169
413 801 535 840 Plebis,
550 800 619 842 Sym]
640 801 825 832 Echionem
839 801 978 833 virtutis

283 859 364 891 ergo
380 849 527 881 Cadmus
546 849 611 881 sibi
634 859 796 891 generum
822 850 978 883 adscivit.

282 900 468 931 Pausanias
480 899 566 931 libro
578 907 631 931 lx.
653 899 688 930 Is
701 905 799 940 pater
811 898 876 931 fnit
887 900 978 931 Pen-

281 950 366 989 thei,
383 948 507 981 fabulis
532 949 709 981 notissimi.
754 950 896 981 Nonnus
921 951 978 981 lib.

281 1007 385 1032 xmv.
427 998 576 1031 ‘Ovidius
602 999 691 1031 Met.
716 1009 773 1032 ιη.
796 1000 893 1031 Unus
923 1010 977 1032 su-

281 1053 415 1090 perstes
439 1058 483 1080 ex
507 1049 655 1091 quinque
672 1049 830 1081 dentibus
845 1051 977 1083 Draco·

280 1099 331 1130 nis
348 1099 510 1140 prestitis,
526 1099 629 1131 Ovid.
656 1099 773 1131 Barth.

324 1150 387 1180 170
408 1149 454 1179 Et
468 1148 522 1188 qui
543 1158 617 1180 moa:
637 1149 770 1189 populis,
790 1149 858 1190 mu]
893 1149 978 1182 Abs·

281 1208 349 1239 que
364 1198 512 1229 lectione
527 1198 643 1235 ‚veteri
664 1202 767 1237 esset,
784 1204 978 1240 poteramus

280 1248 454 1289 vulgatam
478 1247 649 1279 retinere:
685 1248 743 1279 sed
772 1248 850 1279 dum
879 1259 980 1282 mem·

280 1297 404 1329 branas
420 1297 574 1329 consului
590 1302 636 1332 et,
648 1297 830 1329 editionem
853 1299 978 1340 princi-

279 1357 371 1388 pem,
393 1351 519 1388 praesto
541 1347 720 1387 legendum
743 1357 837 1380 esse:
870 1353 903 1380 et
925 1350 979 1390 qui

278 1407 343 1429 mos
353 1398 476 1438 populis
488 1401 637 1429 venturus
647 1399 782 1430 amatur.
795 1391 893 1430 acuta
905 1408 978 1430 sen-

279 1447 391 1478 tentia
420 1447 512 1487 vulgi
548 1446 729 1478 levitatem
766 1448 978 1490 perstrinxit,

279 1495 372 1537 quod
409 1496 622 1538 plerumque,
656 1496 806 1528 Salustio
835 1497 975 1538 judice:

278 1546 447 1586 ‘Ingenio
483 1546 599 1577 mobili
636 1546 834 1578 seditiosum
871 1552 975 1589 atque

279 1595 537 1635 discordiosum,
560 1596 720 1637 cupidum
746 1606 906 1628 novarum
922 1607 976 1629 re-

277 1654 365 1685 rum,
381 1645 484 1686 quieti
509 1649 544 1675 et
565 1645 635 1676 otio
652 1645 856 1677 adversum)
901 1646 975 1678 Ma-

277 1695 406 1736 lignum
423 1694 569 1736 denique
581 1694 737 1735 quiddam
749 1699 784 1726 et
797 1696 974 1736 querulum

276 1745 412 1777 imbibit
437 1746 471 1777 in
499 1745 718 1785 imperantes,
741 1749 777 1776 et
801 1749 839 1776 ut
861 1745 976 1786 lepide

277 1795 337 1827 ille
365 1796 435 1827 ait:
472 1795 599 1835 ‘magis
630 1795 720 1836 regis
748 1793 855 1826 filium
884 1801 975 1828 amat

224 1881 227 1885 ,
252 1842 261 1845 ’
280 1854 381 1886 quam
395 1844 535 1885 regem-⁹
558 1845 712 1877 Bernart.

321 1898 378 1927 171
405 1894 534 1926 Humili
556 1894 685 1935 veneno]
715 1894 757 1925 Id
780 1898 847 1934 est,
872 1895 974 1927 male·

277 1943 435 1976 dictionis
450 1953 593 1984 carpere
612 1943 781 1976 meliores.
802 1943 950 1976 Lactant.

320 1996 382 2026 173
406 1994 541 2026 Hancne
570 1993 722 2037 pgygiis]
760 1992 913 2034 Ogyges,
935 1999 974 2026 ut

275 2044 358 2076 Var.
375 2044 477 2076 docet
500 2045 534 2076 in
554 2044 650 2075 libris
672 2044 716 2075 de
731 2049 834 2084 gente
850 2045 974 2085 Populi

276 2093 345 2127 Ro.
372 2103 432 2125 rex
455 2093 522 2125 fuit
542 2094 792 2134 Thebanorum,
816 2094 877 2125 sub
906 2104 973 2135 quo

275 2144 422 2185 primum
443 2143 605 2175 diluvium
630 2143 761 2175 factum
783 2148 850 2184 est,
871 2144 975 2184 longe

217 2224 219 2228 ,
275 2198 457 2235 antequam
473 2193 568 2235 illud,
582 2194 670 2235 quod
687 2193 749 2224 sub
764 2192 973 2225 Deucalione

274 2242 402 2275 factum
427 2253 502 2275 esse
524 2247 698 2274 narratur:
724 2247 783 2274 aut
808 2247 905 2273 certe
930 2241 972 2275 ab

277 2291 411 2333 Ogygio
441 2302 508 2324 uno
530 2293 713 2333 terrigena,
737 2291 973 2323 Thebanorum

275 2342 385 2383 primo
400 2352 492 2383 rege,
518 2352 538 2374 a
562 2352 627 2383 quo
642 2341 795 2373 Thebani
819 2341 973 2382 antiquas

274 2400 329 2422 res
343 2391 498 2432 Ogygias
513 2391 752 2431 nominabant;
776 2391 833 2432 qui
844 2390 972 2432 primus

276 2440 325 2472 eis
341 2441 535 2481 imperavit.
559 2441 658 2471 Idem.

320 2493 381 2521 174
406 2490 531 2522 Totiens
555 2489 692 2530 mutare]
716 2489 806 2522 Quia
824 2488 972 2520 vicissim

274 2540 453 2580 placuerat
483 2540 660 2580 imperare.
715 2538 772 2570 Illi
796 2537 906 2579 inquit
933 2541 972 2570 ut

274 2589 445 2634 imperent
472 2591 564 2621 vices
591 2593 737 2629 mutant,
757 2598 818 2619 nos
834 2587 972 2619 servitia

273 2648 341 2670 non
357 2643 536 2671 mutamus.
567 2639 664 2670 Idem.

317 2690 380 2719 176
405 2689 528 2719 Partiti
537 2687 677 2727 versant]
701 2686 742 2718 Id
755 2690 821 2727 est,
832 2685 893 2718 sub
906 2686 971 2717 Im-

274 2737 370 2778 perio
386 2742 421 2769 et
433 2736 562 2768 ditione
577 2737 714 2769 habent.
757 2735 972 2778 Manuquefi]

739 208 881 239 NOTAE
913 208 1179 242 VARIORUM
1213 211 1264 242 IN

1030 302 1072 334 Id
1089 306 1142 335 est
1157 302 1463 345 contemptibilem.
1484 302 1576 336 Nam
1594 302 1733 339 fortune

1029 354 1116 385 solet
1128 352 1356 396 facere-reges
1367 358 1402 385 et
1413 353 1543 385 exules.
1565 352 1630 385 Isti
1642 352 1746 386 fece«

1030 407 1108 434 runt
1118 407 1154 434 ut
1162 403 1253 434 circa
1265 413 1362 444 reges
1373 407 1408 434 et
1417 404 1533 435 exules
1540 412 1581 434 ea
1593 402 1734 439 fortuna

1029 457 1197 491 servetur,
1207 456 1245 483 ut
1259 462 1301 484 ex
1316 453 1449 484 illorum
1462 453 1639 485 voluntate
1651 462 1732 485 cou-

1030 501 1184 533 stitutum
1202 502 1259 542 sit,
1279 502 1415 544 quando
1430 502 1580 535 debeant
1593 502 1731 535 exilium

1030 554 1162 590 petere,
1187 550 1322 593 quando
1347 551 1389 583 ad
1406 551 1587 592 imperium
1601 561 1731 585 remea-

1029 609 1066 632 re
1080 611 1089 632 z
1112 601 1230 642 itaque
1245 601 1280 633 in
1303 602 1369 633 illis
1385 595 1536 643 fortuna,
1552 612 1627 645 quae
1644 613 1731 635 sem-

1029 659 1091 691 per
1114 651 1200 683 solet
1222 659 1295 683 esse
1317 651 1431 692 dubia,
1451 661 1518 684 non
1540 652 1643 686 babet
1665 663 1729 696 po·

1030 702 1209 732 testatem:
1244 700 1372 742 quippe
1408 711 1485 734 eum
1523 702 1566 734 de
1603 701 1729 736 futuris

1029 750 1113 781 certi
1128 750 1208 791 sint,
1232 755 1267 782 et
1284 751 1349 791 ipsi
1365 755 1490 793 regunt
1512 751 1583 785 fata
1597 753 1729 796 popuii,

1028 798 1105 830 dum
1123 800 1341 832 excluserunt
1356 799 1540 834 fortunam.
1563 801 1663 835 Idem.

1070 851 1131 880 177
1163 849 1344 890 Semperne]
1377 850 1466 884 Quia
1495 859 1630 891 semper
1656 852 1726 884 dux

1028 902 1103 930 erat
1132 899 1326 931 multandus
1355 899 1460 931 exilio
1476 910 1487 932 a
1516 904 1554 932 et
1575 900 1657 932 licet
1682 900 1729 937 sit

1028 948 1139 988 gravis
1156 949 1263 980 omnis
1278 949 1438 989 servitus,
1456 949 1590 990 gravior
1613 953 1728 990 tamen

1027 1002 1081 1029 est
1096 1008 1170 1039 quae
1191 999 1348 1039 subjacet
1360 998 1521 1040 indignis.
1569 999 1728 1041 Vicissim]

1027 1048 1152 1079 Rerum
1170 1049 1409 1091 mutabilitate,
1420 1053 1479 1082 aut
1492 1050 1565 1083 vice
1578 1051 1728 1083 servieri-

1027 1097 1072 1130 di.
1096 1099 1196 1131 Idem.

1072 1150 1133 1180 179
1164 1148 1282 1189 Sociis]
1314 1149 1468 1190 Propter
1495 1149 1730 1191 Harmoniam,

1027 1207 1103 1238 quae
1145 1198 1211 1231 fuit
1249 1198 1372 1231 Martis
1406 1203 1442 1231 et
1473 1199 1616 1231 Veneris
1642 1199 1726 1233 filia.

1028 1248 1127 1280 Idem.

1070 1301 1133 1330 180
1155 1297 1262 1338 Sedit]
1285 1297 1434 1330 Placuit.
1458 1298 1556 1331 Idem.

1071 1350 1131 1379 181
1159 1348 1211 1380 Ex
1226 1358 1283 1389 quo
1308 1347 1448 1389 Sidonii]
1471 1349 1549 1380 Non
1569 1348 1728 1387 Sidonius

1021 1396 1205 1438 juvencus,
1220 1397 1279 1429 sed
1294 1398 1469 1430 Sidonium
1486 1398 1629 1439 pondus.
1668 1400 1726 1432 De

1026 1446 1152 1478 Sidone
1167 1447 1254 1478 enini
1269 1445 1334 1478 fuit
1349 1447 1486 1488 Europa
1501 1457 1602 1489 quam
1625 1453 1728 1490 pater

1028 1496 1165 1537 Agenor
1180 1496 1309 1528 Cadmo
1332 1495 1565 1538 inquirendam
1587 1497 1726 1529 manda-

1025 1547 1086 1578 vit.
1130 1547 1197 1579 Ille
1213 1556 1289 1579 cum
1305 1550 1522 1588 penetrasset
1534 1555 1626 1579 mare
1642 1547 1725 1580 Car-

1025 1597 1170 1637 patium,
1195 1596 1231 1628 id
1255 1601 1308 1629 est
1329 1597 1549 1638 AEgyptinm3
1570 1607 1646 1630 cum
1660 1607 1726 1631 nee

1025 1655 1173 1677 sororem
1200 1645 1355 1686 reperire
1391 1646 1574 1687 potuisset,
1604 1655 1726 1679 secun-

1025 1695 1104 1726 dum
1122 1700 1297 1736 praecepta
1311 1695 1416 1736 patris
1427 1695 1462 1726 in
1478 1696 1580 1728 exilio
1595 1705 1726 1729 reman-

1025 1745 1082 1785 sit,
1112 1749 1149 1776 et
1178 1744 1265 1776 duce
1293 1743 1455 1785 Apolline
1485 1745 1644 1785 pervenit
1679 1745 1724 1779 ad

1023 1793 1155 1825 Thebas
1170 1793 1315 1825 Boeotiae
1331 1803 1341 1827 ε
1367 1802 1451 1834 quas
1466 1793 1646 1834 Hyanteas
1668 1804 1727 1827 vo-

1025 1848 1118 1884 cant,
1156 1853 1176 1875 a
1199 1842 1348 1884 nympha
1374 1852 1450 1884 quae
1480 1843 1551 1875 illie
1576 1844 1724 1876 colitur:

1023 1893 1078 1924 vel
1092 1901 1133 1924 eo
1146 1891 1234 1934 quod
1247 1891 1317 1924 illic
1332 1891 1435 1923 draco
1445 1890 1549 1924 fuerit
1561 1892 1725 1925 iuterfec-

1024 1947 1093 1982 tus,
1108 1942 1204 1983 cujus
1218 1941 1305 1973 sevit
1321 1941 1452 1972 dentes.
1474 1941 1573 1973 Idem.

1066 1995 1130 2025 186
1153 1992 1264 2024 Cernis
1278 1991 1329 2031 ut]
1351 1991 1361 2010 ⁴
1374 1990 1491 2024 Verba
1513 1990 1623 2032 plebis
1644 1998 1722 2025 esse

1023 2041 1067 2074 de
1092 2042 1170 2074 novi
1185 2041 1289 2082 Regis
1312 2040 1495 2072 insolentia
1514 2044 1626 2072 amoto
1641 2049 1721 2072 con-

1022 2096 1114 2123 sorte
1140 2091 1259 2132 regni,’
1280 2095 1375 2122 reete
1401 2093 1501 2121 notat
1520 2089 1722 2131 Glossogra-

1023 2143 1108 2183 phus
1130 2142 1280 2174 Priscus.
1325 2139 1513 2172 ‘Erectus'
1535 2140 1721 2181 superbum

1023 2191 1166 2222 denotat
1188 2201 1208 2222 a
1230 2194 1362 2222 statura
1383 2188 1476 2222 fastu
1499 2190 1721 2223 excelsiorem
1770 2213 1773 2217 ,

1023 2239 1216 2275 affectante.
1245 2239 1256 2257 ‘
1268 2238 1418 2277 Rectus:
1434 2239 1551 2270 nullibi
1563 2238 1720 2276 inflexus.

1023 2291 1080 2331 qui
1115 2290 1246 2321 babitus
1282 2287 1498 2320 insolentium
1534 2287 1719 2325 homiuum,

1023 2339 1189 2372 Barthius.

1066 2391 1128 2419 190
1150 2387 1264 2429 Affatu
1279 2386 1389 2427 bonus]
1411 2385 1540 2418 ‘Erat'
1561 2387 1720 2421 subandi-

1021 2447 1108 2469 mus.
1130 2437 1265 2478 Ubique
1274 2436 1347 2477 jam
1361 2436 1425 2467 hoc
1445 2436 1611 2477 queritur,
1627 2437 1719 2479 quod

1020 2498 1120 2520 nemo
1147 2487 1316 2527 succedit,
1339 2495 1415 2518 cum
1442 2487 1596 2528 superius
1622 2488 1717 2521 vices

1021 2541 1173 2578 gemeret
1197 2536 1392 2568 servitutis:
1418 2540 1454 2567 et
1480 2536 1564 2569 dicit
1591 2538 1718 2570 Etheo-

1022 2587 1108 2618 clem
1124 2586 1294 2628 quondam
1318 2586 1410 2618 circa
1433 2593 1594 2626 rogantes
1613 2586 1718 2619 fnisse

1022 2638 1237 2678 elementem,
1254 2646 1330 2678 quae
1347 2637 1418 2668 laus
1434 2636 1648 2678 imperatoris
1663 2642 1717 2669 est

1020 2688 1188 2720 maxima:
1212 2696 1287 2729 quae
1312 2687 1425 2718 omnia
1447 2686 1531 2718 dicit
1546 2696 1621 2719 esse
1636 2697 1717 2719 con-

1020 2746 1129 2778 versa,
1140 2737 1218 2779 quia
1228 2745 1402 2770 successor
1413 2736 1570 2770 exclusus
1585 2741 1650 2778 est,
1659 2737 1718 2779 qui
