1878 3164
484 205 526 238 P.
558 203 751 238 PAPIMI
784 205 954 238 STATn
987 206 1135 237 THE-B.
1168 206 1338 240 LlB-X.

216 302 283 334 888
305 300 500 334 nortatibus
525 301 601 343 ἕνα]
628 299 792 333 Ludibrio
822 299 880 332 ba-

171 349 259 383 bone
274 350 367 384 Deos
384 347 626 383 .m'humanas
648 350 748 391 dicit,
770 354 810 382 ut
824 351 880 383 alii

171 400 301 434 infiniti
312 405 485 442 suctores,
497 410 647 444 quosque
663 401 771 433 velint
784 411 879 442 mag·

170 451 227 485 nis
245 447 342 485 mulis
365 451 516 491 afficere,
532 452 572 484 iis
588 452 802 485 successibus
826 462 878 484 re·

170 510 247 535 rum
260 502 470 544 optabilibus
486 502 582 545 prius
596 502 755 536 illudere.
767 522 769 525 v
783 503 881 536 Vetus

213 606 278 638 844
299 605 486 638 tunditur
497 605 600 647 ignis]
625 605 749 638 Nitore
763 604 881 647 clypei

169 663 394 699 repercussus
409 655 623 698 splendidior
637 655 689 687 fit.
713 655 814 688 Idem.

213 709 279 741 84⁷
303 707 391 746 Quia
403 716 496 740 sacra
510 705 642 748 juvent]
664 706 757 740 Quid
772 705 881 748 prosit

169 757 343 792 Thebanis
357 767 448 791 mors
462 757 635 791 Menoecei
645 758 752 790 sacris
764 758 881 790 inven-

170 813 219 843 ta.
241 809 341 843 Idem.

213 862 280 894 848
301 857 502 901 Exauerno]
524 859 617 891 Mire
627 858 795 891 describit
805 867 880 890 sca-

169 910 213 944 lis
228 911 485 944 ascendentem.
507 910 611 941 Idem.

214 964 280 995 8⁵0
299 961 390 994 Vidit
399 960 549 1002 Aloidas]
567 959 681 992 Othus
694 961 731 991 et
740 958 880 1000 Ephial-

172 1012 327 1055 tes,Aloi
338 1012 410 1052 tilii,
425 1016 533 1044 tantoe
548 1009 699 1042 audaciae
715 1007 824 1050 fuere,
842 1013 880 1041 ut

171 1063 346 1099 montibus
373 1061 581 1094 constructis
606 1060 730 1092 coelum
746 1069 879 1101 expug-

173 1123 259 1149 nare
285 1114 501 1145 niterentur:
526 1116 562 1144 et
587 1111 648 1143 icti
674 1110 818 1142 fulmine
843 1110 880 1142 in

172 1167 304 1196 tartara
320 1162 420 1194 mersi
437 1165 529 1193 sunt.
553 1161 653 1192 Idem.

214 1216 279 1247 8⁵³
304 1213 441 1246 Cardine
454 1212 587 1253 summo]
604 1211 745 1243 Summo
757 1209 880 1243 discri-

173 1264 278 1297 mine.
303 1264 372 1297 Vct.
387 1262 492 1295 schol.

218 1317 284 1348 858
304 1313 387 1356 Spes
395 1313 639 1355 nallasagittis]
657 1313 704 1346 Et
718 1313 878 1345 meliores

173 1369 211 1399 et
219 1365 336 1408 plures
345 1376 355 1396 ε
365 1374 438 1407 spes
445 1366 526 1397 unde
540 1364 689 1406 sagittis?
713 1364 881 1396 Nimirum

170 1415 347 1450 interdum
368 1423 436 1458 quo
457 1424 614 1448 caremus
637 1415 778 1457 cujusve
793 1415 882 1457 poti-

171 1467 256 1501 undi
265 1467 319 1500 vel
327 1465 478 1499 difficilis
488 1467 544 1499 vel
552 1466 752 1508 nullacopia
762 1471 829 1507 est,
838 1465 882 1498 de

171 1518 232 1551 illo
241 1517 426 1551 dicebant:
443 1517 454 1536 ‘
467 1517 558 1550 unde
568 1517 628 1549 illa
637 1526 692 1549 res
703 1516 784 1548 mihi
794 1517 816 1548 ?’
833 1521 882 1557 et,

173 1569 184 1588 ‘
197 1568 287 1602 unde
306 1568 399 1602 inam
413 1577 486 1600 rem
501 1567 583 1600 mihi
597 1567 620 1600 ?’
641 1572 679 1600 et
706 1568 716 1586 ‘
730 1567 820 1599 unde
842 1567 882 1599 il-

171 1619 231 1652 lud
244 1617 270 1651 θ’
313 1619 415 1654 Quod
435 1628 543 1660 genus
562 1618 810 1660 propemodum
834 1628 882 1650 se-

173 1668 310 1712 pultum
327 1674 389 1703 aut
407 1668 645 1702 transmissum
660 1669 762 1711 primi
784 1678 882 1701 revo-

171 1721 324 1755 cavimus
347 1722 382 1754 iu
405 1722 557 1754 usumin
579 1721 753 1761 Diatribe‚
776 1720 882 1763 pluri-

171 1780 295 1816 maque
310 1772 432 1805 eodem
448 1772 694 1815 congessimus,
714 1771 743 1804 si
762 1781 883 1804 secun·

172 1812 250 1855 ditm
267 1822 453 1856 editionem
469 1822 611 1855 dabitur
624 1832 760 1865 parare.
792 1823 883 1855 Nam

173 1873 251 1916 quis
267 1877 384 1916 speret
394 1873 522 1916 jaculis
538 1878 598 1906 aut
614 1873 750 1915 sagittis
767 1883 882 1906 muros

172 1932 274 1966 posse
290 1923 454 1957 defendi?
493 1920 624 1957 Noster
638 1924 696 1957 lib.
713 1933 763 1956 vx.
789 1924 800 1942 ‘
811 1924 883 1956 Un-

172 1972 218 2007 de
242 1985 306 2017 ego
325 1975 418 2007 bella
443 1974 507 2007 tibi
531 1974 739 2017 Thebasque
763 1974 884 2016 ignara

173 2025 330 2059 timerem
340 2025 366 2058 ?’
388 2025 422 2057 id
446 2030 515 2065 est,
529 2035 594 2058 uec
609 2025 700 2058 enim
719 2025 881 2056 timebam

173 2075 267 2109 bello
283 2080 343 2109 ant
357 2086 377 2108 a
392 2076 524 2109 Thebis
541 2076 604 2109 tibi
628 2076 745 2108 noceri
767 2084 883 2117 posse,

173 2125 236 2158 lib.
265 2133 334 2158 vn.
355 2125 507 2159 ‘timent
532 2126 667 2168 thyrsos
696 2131 882 2168 nuptarum

174 2180 213 2210 et
227 2177 347 2219 praelia
361 2181 520 2210 matrum.
554 2177 656 2209 Unde
671 2176 771 2210 tubas
787 2177 882 2209 Mar-

174 2232 314 2270 temque
331 2226 440 2269 pati?
463 2227 603 2260 Gronov.

216 2279 281 2311 867
290 2276 294 2278 ’
303 2277 406 2310 Soevit
414 2277 513 2319 enisa]
538 2278 617 2310 Duo
628 2273 884 2311 'membranacei

172 2328 309 2374 ueteres
324 2329 403 2361 libri
417 2338 484 2361 non
501 2332 692 2371 agnoscunt
703 2329 794 2362 hunc
807 2339 883 2361 ver-

171 2389 259 2412 sum·
302 2378 472 2422 Agnoscit
501 2380 663 2422 optimus,
688 2384 726 2413 et
749 2380 883 2422 optime

173 2430 324 2474 quidem.
370 2431 450 2463 Non
466 2432 554 2464 enim
571 2435 689 2474 potest
705 2431 882 2464 commode

172 2481 307 2523 abesse,
322 2485 359 2514 et
374 2488 430 2514 est
445 2482 626 2525 eruditior,
638 2492 741 2524 quam
754 2492 815 2524 pro
831 2482 883 2514 in-

173 2531 293 2566 sititio.
329 2532 339 2549 ‘
350 2532 466 2564 Salum
479 2531 490 2547 '
513 2532 622 2564 omnis
638 2532 691 2565 vis
706 2542 883 2575 aquarum.

174 2580 298 2624 virgil.
313 2581 447 2614 AEneid.
464 2591 490 2614 1.
512 2583 523 2600 ‘
536 2581 677 2625 Perque
693 2583 814 2622 undas,
829 2593 883 2614 su-

174 2637 319 2674 perante
342 2634 427 2674 salo,
449 2643 579 2677 perque
596 2634 688 2667 invia
704 2644 787 2666 saxa
803 2634 882 2666 Dis-

174 2682 289 2726 pulit!
310 2684 430 2717 Barth.

219 2736 284 2767 874
309 2735 501 2778 carmenque
521 2735 643 2768 imbelle
656 2735 772 2777 uenti]
795 2735 886 2770 Quia

175 2784 369 2828 Amphione
396 2790 562 2821 cantante
590 2786 699 2821 fuisse
720 2788 885 2821 dicuntur

1528 199 1640 244 1981

929 302 1154 331 constructae.
1176 298 1326 331 Lat-tant.

972 351 1036 381 879
1059 349 1237 391 Absiliunt]
1261 349 1518 383 Dissolvuutur.
1542 352 1640 387 Idem.

972 403 1037 432 886
1060 399 1263 442 Iit-servante]
1286 400 1513 433 Custodiente
1532 402 1643 435 Juno-

928 459 986 491 ne,
1008 459 1052 482 ne
1079 451 1159 492 quid
1183 460 1245 492 pro
1273 450 1400 483 Thebis
1426 451 1561 484 diceret
1586 453 1642 485 Li-

928 501 1002 534 ber.
1050 501 1160 533 Gemit
1183 502 1354 540 infestante
1382 503 1533 544 noverca]
1566 504 1645 537 Ora·

929 550 1071 593 optimi:
1101 552 1112 569 ‘
1130 552 1185 584 vel
1208 551 1415 584 inservante?
1471 554 1518 585 Et
1546 554 1641 586 vide-⁴

930 600 1036 634 turin
1062 602 1131 634 suis
1154 602 1329 635 invenisse
1352 602 1640 646 Lindeubrogius,

930 653 987 695 qui
1004 653 1053 685 sic
1069 653 1198 687 edidit:
1230 655 1425 696 placetque,
1440 659 1479 687 ut
1499 655 1559 696 sit,
1574 658 1645 688 sol-⁷

928 704 1034 737 licitis
1060 711 1096 737 et
1124 705 1278 738 trucibus
1301 715 1379 738 eum
1405 706 1514 739 oculis
1531 707 1648 740 deum>

929 758 1040 795 tante,
1067 754 1294 797 adspiciente.
1342 756 1493 788 Verbum
1511 757 1646 800 alioqui·

929 805 1108 847 proprium
1124 806 1240 839 Statii.
1284 806 1361 839 Lib.
1377 816 1426 839 vr.
1451 807 1462 825 ‘
1474 808 1572 850 piget
1589 808 1638 840 in-

929 865 1085 897 servare5
1110 858 1270 899 peritque
1296 858 1445 890 Venturi
1473 860 1643 900 promissa*

928 905 1040 938 fides!
1085 906 1161 939 Lib.
1192 916 1275 940 vm.
1314 907 1438 940 ‘dedit
1463 909 1639 942 inservare

930 956 1110 988 volucres.’
1143 957 1222 989 Hoc
1236 964 1273 989 et
1288 957 1491 990 lactantius
1504 959 1641 1001 habuit,

929 1012 965 1039 et
985 1011 1118 1040 vetusta
1134 1009 1289 1051 quaedam
1305 1008 1413 1041 editio
1433 1010 1566 1051 pridem
1582 1021 1640 1045 oc·

929 1059 1083 1100 cnpavit.
1108 1060 1246 1092 Gronov.

973 1112 1037 1141 888
1076 1110 1238 1142 Cunabula
1256 1111 1415 1153 flamma]
1455 1113 1524 1146 Ubi
1561 1118 1641 1147 sunt

929 1169 1007 1191 mea
1023 1160 1205 1193 cunabula.
1231 1162 1332 1194 Idem.

973 1213 1037 1243 889
1059 1211 1181 1243 Auctor
1205 1213 1333 1255 Apollo]
1355 1213 1446 1246 Quia
1468 1213 1639 1255 Apollinis

930 1261 1105 1294 oraculum
1123 1262 1272 1295 Cadmus
1298 1268 1438 1295 secutus
1454 1263 1642 1298 aedificavit

929 1312 1077 1345 Thebas.
1101 1313 1201 1345 Idem.

973 1367 1036 1396 891
1060 1364 1200 1397 Dubitat
1219 1365 1420 1408 Tirynthius]
1436 1366 1523 1399 Ideo
1542 1366 1641 1399 indu-

931 1416 980 1448 cit
996 1415 1161 1448 Hercnlis
1177 1415 1318 1448 dubium
1333 1417 1500 1459 favorem,
1515 1418 1594 1460 quia
1606 1423 1644 1451 ct

933 1466 978 1499 ab
1005 1465 1158 1509 Argivis,
1185 1471 1223 1499 et
1252 1477 1270 1498 a
1297 1468 1468 1500 Thebanis
1490 1468 1643 1501 ducebat

931 1517 1116 1558 originem:
1130 1518 1174 1550 ab
1185 1517 1336 1560 Argivis,
1348 1522 1493 1560 propter
1505 1524 1642 1561 patrem

932 1578 951 1600 a
981 1569 1113 1601 Perseo
1137 1569 1355 1609 venientem;
1383 1579 1461 1602 nam
1492 1570 1642 1602 Perseus

932 1618 1072 1652 Danae‘s
1088 1618 1198 1659 filius;
1221 1619 1294 1661 ejus
1308 1618 1380 1652 filia
1389 1620 1641 1662 Gorgophone;

932 1669 1182 1711 Gorgophones
1206 1670 1410 1710 Electrion3
1434 1671 1642 1703 Electriouis

931 1719 1161 1762 Amphitryo;
1207 1721 1469 1764 Amphitryonis
1502 1721 1640 1754 Hercu-

931 1771 982 1803 les
1001 1782 1009 1803 :
1034 1782 1054 1803 a
1075 1771 1248 1804 Thebanis
1275 1781 1358 1804 vero
1391 1776 1536 1814 propter
1558 1783 1642 1804 uxo-

931 1832 1004 1855 rem
1034 1823 1226 1864 Megaram,
1254 1823 1415 1856 Creontis
1444 1823 1564 1866 filiam,
1596 1823 1641 1856 de

931 1883 998 1915 qua
1014 1874 1169 1916 suscepit
1186 1874 1319 1906 Oxeam
1331 1879 1367 1906 et
1381 1874 1641 1914 Creontiadem:

931 1935 1017 1968 quas
1034 1923 1151 1956 furore
1166 1929 1349 1966 correptus
1366 1925 1506 1958 occidit.
1522 1925 1621 1958 Idem.

975 1978 1037 2008 895
1063 1975 1224 2017 Tritonia]
1253 1976 1341 2008 Haec
1366 1977 1472 2008 etiam
1502 1976 1642 2019 Argivis

931 2025 1037 2059 favet.
1085 2027 1140 2059 De
1155 2027 1293 2060 Junone
1318 2032 1434 2059 autem
1458 2037 1561 2060 nemo
1580 2027 1643 2060 du-

932 2077 1035 2118 bitet,
1052 2087 1152 2119 quam
1170 2078 1344 2111 Homerus
1355 2078 1520 2121 Argivum
1534 2080 1641 2113 nomi-

932 2133 1005 2163 nat.
1049 2130 1147 2162 Bene
1162 2139 1245 2172 ergo
1260 2130 1360 2162 tacita
1370 2142 1384 2170 ,0
1407 2131 1534 2174 ubique
1549 2132 1642 2166 Juno

933 2183 1054 2212 tacens
1081 2179 1304 2218 describitur,
1346 2182 1438 2213 unde
1469 2182 1500 2213 ei
1531 2183 1642 2214 oratio

932 2230 1140 2263 necessitate
1157 2230 1270 2265 datur.
1306 2232 1408 2265 Unde
1423 2233 1521 2274 Virg.
1538 2237 1547 2251 ‘
1560 2230 1643 2276 quid

933 2290 987 2313 me
997 2281 1065 2313 alta
1077 2280 1216 2313 silentia
1228 2281 1322 2323 cogis
1335 2283 1523 2324 Rumpere,
1535 2286 1570 2315 et
1583 2283 1644 2316 ob-

933 2330 1077 2363 ductum
1094 2331 1206 2364 verbis
1221 2332 1364 2374 vulgare
1379 2333 1531 2364 dolorem
1543 2331 1566 2364 ?'
1590 2333 1644 2367 Id.

977 2384 1040 2414 897
1065 2382 1140 2414 Non
1165 2386 1270 2415 tamen
1293 2383 1360 2415 hoec
1380 2384 1512 2416 turbant
1525 2394 1644 2426 pacem.

931 2433 1025 2465 Jovis
1054 2442 1123 2466 ecce
1148 2434 1296 2474 quierant
1324 2434 1460 2476 Jurgia]
1482 2435 1645 2468 Levicula

933 2483 1210 2525 interpunctione
1256 2485 1391 2518 illustro
1438 2487 1645 2519 sententiam

933 2545 1010 2578 quae
1026 2535 1061 2566 in
1077 2535 1183 2567 densa
1202 2540 1306 2568 nocte
1323 2546 1332 2568 z
1371 2537 1445 2568 Non
1460 2540 1564 2569 tamen
1578 2537 1645 2569 haec

933 2586 1063 2618 turbant
1085 2595 1195 2627 pacem
1221 2587 1330 2619 Jovis:
1358 2598 1439 2629 ecce,
1463 2590 1516 2630 &a
1539 2588 1645 2622 Bern.

934 2636 1053 2668 Pacem
1075 2636 1185 2677 Jovis]
1209 2635 1347 2679 Ocium,
1373 2647 1442 2680 quo
1465 2637 1645 2670 iracundia

934 2687 1088 2720 carebat.
1116 2688 1267 2721 Lactant-

976 2739 1042 2770 920
1064 2738 1278 2777 Prosulmine
1291 2738 1445 2781 pendent]
1471 2739 1644 2781 Despera-

934 2788 1030 2821 tione
1056 2787 1208 2822 fulminis
1236 2789 1376 2822 solliciti
1405 2793 1498 2831 sunt,
1518 2788 1554 2821 id
1578 2794 1644 2828 est,
