1878 3164
315 241 428 286 1842

314 346 455 379 condita
470 346 512 379 ab
525 345 710 389 Apharaeo,
722 346 793 379 filio
806 346 1016 388 Corphoms,

312 397 434 429 Persei
449 396 545 437 filiae,
561 397 618 439 qui
633 397 665 429 ei
678 396 721 429 ab
736 406 840 428 uxore
857 406 916 428 sua
926 395 1014 428 Are-

312 456 358 479 na
387 457 510 480 nomen
544 448 716 489 imposuit,
753 453 792 479 ut
824 448 1014 480 Pausanias

313 497 515 529 Messenicis
539 498 657 530 tradit.
688 498 837 531 Bernart.
885 499 1014 531 Theseia

315 547 456 590 Troezen]
472 548 656 581 Thessaliae
669 549 802 590 civitas,
813 558 910 591 quam
923 549 1013 581 The-

311 598 417 630 seiam
440 599 538 639 dicit,
561 599 650 641 quod
672 600 823 632 Theseus
842 601 1012 632 'l'roezenae

311 648 459 680 civitatis
485 649 552 680 iter
574 649 750 682 obsessum
776 659 796 681 a
821 650 1011 682 latronibus

310 697 455 728 liberum
482 698 722 739 praestitisset;
747 699 802 731 vel
824 699 901 741 quia
926 700 1012 731 The-

311 756 388 778 seus
408 747 536 780 AEthrae
561 748 648 781 filius
675 749 710 781 in
739 750 801 782 hac
819 750 900 782 urbe
914 753 1012 782 natus

312 801 377 829 est.
399 796 549 829 Laetam.

353 850 394 879 84
407 848 543 880 Debitus
557 847 679 889 hospes]
696 849 789 881 Fatis
806 850 859 881 vel
872 858 1012 891 respon-

312 908 349 930 so
364 898 532 940 Apollinis
544 899 694 932 debitus.
716 900 816 932 Idem.

353 952 395 981 85
421 950 618 982 Theumesius
638 950 700 991 leo]
731 950 840 982 Pellis
866 950 1012 990 leonina,

311 1007 412 1040 quam
429 1003 627 1041 gestaverat
642 1009 717 1031 cnm
739 1000 849 1031 aulam
870 999 1012 1031 Adrasti

310 1048 352 1079 de
367 1053 468 1080 nocte
484 1049 628 1081 veniret.
666 1049 736 1081 Vet.
749 1048 917 1082 Scholiast.
953 1050 1011 1081 De

309 1098 511 1130 Thenmesio
527 1099 624 1131 leone
639 1099 673 1131 ln
690 1099 850 1131 Herculis
875 1100 1012 1132 Fabulis

308 1148 421 1180 omnia
442 1153 535 1181 nota.
580 1150 725 1181 Causam
752 1149 879 1190 gestau
906 1150 1012 1181 leonis

308 1197 457 1230 Adrasto
481 1199 696 1239 percontanti
725 1199 799 1240 ipse
829 1199 1012 1241 Polynices

308 1248 424 1280 reddit
452 1249 544 1289 apud
572 1248 738 1290 Higinum
766 1252 868 1281 c.69.
923 1250 1010 1282 Vide

308 1302 345 1329 et
361 1298 584 1330 Plutarchum
602 1298 744 1331 Theseo.

350 1350 393 1379 94
428 1348 557 1387 Integer
584 1347 689 1388 artus]
725 1348 883 1390 Integros
916 1353 1010 1382 artus

307 1396 437 1428 habens
474 1402 552 1438 post
581 1398 756 1430 vulnerum
783 1399 1008 1432 curationem.

309 1447 406 1478 Dicit
434 1457 515 1488 ergo
539 1448 692 1489 Tydeum
712 1449 827 1481 audito
851 1449 1009 1481 tubarum

306 1497 417 1529 sonitu
425 1497 572 1530 nondum
581 1498 708 1530 curatis
717 1499 923 1539 vulneribus,
933 1504 1008 1531 tan-

308 1558 407 1589 quam
424 1549 560 1589 integro
576 1558 719 1591 corpore
734 1549 776 1581 ad
789 1550 914 1583 bellum
929 1561 1008 1592 pro-

306 1598 424 1640 diisse,
451 1601 548 1641 cujus
573 1610 667 1632 arma
681 1601 729 1632 ita
747 1606 785 1633 ut
801 1611 905 1633 verno
921 1607 1007 1633 tem-

306 1659 390 1689 pore
406 1651 524 1691 anguis
539 1650 687 1683 lubricus
702 1651 881 1692 splendore
897 1652 1007 1684 radia-

306 1699 402 1731 bant.
429 1701 580 1733 Lac-tant.

348 1753 390 1782 97
415 1751 647 1792 squalentibus
665 1752 770 1792 annis]
796 1752 887 1786 Quia
904 1752 1007 1794 depo-

305 1799 373 1831 sita
401 1802 490 1840 pelle
515 1801 675 1833 dicuntur
697 1806 876 1843 serpentes
901 1802 934 1833 in
951 1803 1008 1843 ju·

304 1853 482 1882 ventutem
507 1851 642 1883 redire:
666 1851 771 1883 herba
786 1851 941 1893 quaedam
959 1852 1008 1884 di-

304 1899 394 1931 citur
408 1900 607 1941 marathros,
621 1909 720 1942 quam
747 1910 824 1932 cum
850 1901 1007 1933 comede-

305 1949 387 1989 rint,
404 1950 533 1988 senium
550 1950 727 1991 deponunt
741 1951 867 1983 aetatis.
893 1951 991 1983 Idem.

349 2003 410 2031 103
422 2001 600 2040 Meleagria
612 2000 766 2041 Pleuron]
782 2001 911 2033 Civitas
929 2001 1006 2032 Boe-

305 2050 386 2081 otiae
399 2060 409 2089 ς
423 2051 455 2081 in
467 2060 534 2091 qua
546 2060 691 2091 sorores,
701 2050 782 2082 dum
797 2049 938 2082 fratrem
947 2049 1007 2082 fle-

303 2104 392 2139 rent,
408 2100 444 2131 in
460 2110 540 2132 aves
561 2109 667 2132 versae
685 2106 780 2140 sunt,
803 2110 879 2142 quae
901 2101 1005 2133 hodie

302 2150 312 2167 ‘
323 2150 568 2192 meleagrides’
584 2154 763 2183 vocantur.
794 2151 905 2183 Causa
916 2151 1006 2183 enim

302 2202 377 2234 haec
394 2202 468 2234 istis
483 2200 586 2234 fletus
602 2200 680 2238 fuit,
692 2211 767 2233 cum
785 2200 911 2233 Althea
934 2210 1006 2232 ma-

304 2254 360 2282 ter
386 2251 556 2292 Meleagri
579 2251 736 2283 titionem
758 2250 897 2282 fatalem
915 2260 1006 2282 com-

303 2301 428 2340 bussit,
451 2301 530 2332 dum
552 2301 737 2333 vindictam
762 2300 947 2342 Pleuxippi
969 2304 1006 2332 et

302 2350 472 2391 Agenoris
484 2351 709 2392 quaerit,quos
725 2350 901 2391 Meleager
916 2350 1005 2382 occi-

302 2400 425 2431 derat:
451 2410 517 2441 quo
545 2399 639 2432 facto
666 2401 741 2441 ipsa
769 2404 848 2440 post
873 2403 1005 2431 tantum

302 2449 398 2481 nefas
412 2450 534 2481 merito
544 2451 668 2491 laqueo
682 2450 795 2491 gulam
809 2448 914 2490 fregit
927 2459 1006 2480 exo-

301 2509 338 2531 sa
365 2500 460 2532 lucis.
507 2500 634 2531 Secuta
652 2503 704 2531 est
718 2500 849 2531 luctum
866 2499 933 2531 alia
947 2509 1005 2531 ca-

302 2549 450 2580 lamitas.
496 2539 586 2581 Nam
626 2548 795 2589 Meleagri
832 2558 1005 2590 germanae

301 2597 336 2629 in
358 2602 488 2629 tantum
506 2598 646 2629 fratrem
665 2596 845 2636 fleverunt,
857 2602 895 2629 ut
914 2598 1006 2629 Deo—

301 2658 374 2679 rum
389 2647 621 2679 misericordia
633 2648 667 2679 iu
683 2657 762 2678 aves
775 2651 1004 2679 verterentur.

303 2697 403 2730 Idem.

343 2750 405 2779 105
446 2746 575 2786 Olenos]
613 2746 771 2778 Arcadiae
807 2747 941 2787 civitas,
970 2747 1003 2778 in

302 2789 371 2841 qua
393 2797 516 2830 Jovem
542 2796 736 2829 Amalthaea
755 2806 859 2837 capra
875 2796 1004 2828 dicitur

769 253 912 285 NOTAE
946 254 1212 286 VARIORUM
1246 255 1297 286 ΙΝ

1061 347 1222 387 nutrisse,
1243 356 1319 389 quae
1335 346 1369 378 in
1385 341 1516 379 cultum
1540 346 1637 381 Jovis
1662 346 1760 386 lb.)

1062 406 1129 429 non
1154 401 1319 438 provocat
1334 402 1484 429 montem
1500 397 1628 438 Cretae,
1643 397 1680 430 in
1694 406 1762 441 quo

1060 448 1225 489 Juppiter
1250 449 1385 482 colitur.
1430 448 1618 482 Contendit
1644 452 1760 482 tnu-

1062 503 1101 530 nt
1124 498 1247 531 Jovem
1275 508 1370 532 suum
1400 499 1571 532 alumnum
1596 498 1762 533 vindicet.

1061 547 1161 580 Idem.
1756 573 1758 577 .

1104 599 1168 628 106
1192 597 1362 640 Tarpeias]
1378 599 1556 631 Palaestrae
1570 603 1645 631 arte
1660 607 1760 641 unpe-

1061 650 1168 686 ratus,
1183 652 1221 679 ut
1238 648 1341 680 Ovid.
1357 650 1417 682 ait.
1445 649 1511 683 Qui
1527 649 1655 687 verius,
1667 649 1760 681 hunc

1060 696 1178 728 dicunt
1195 695 1330 730 fluvium
1347 702 1428 730 ante
1447 699 1575 731 invium
1600 699 1644 732 ab
1669 698 1760 731 Her-

1061 747 1136 778 cule
1164 746 1197 778 in
1225 746 1348 780 fossam
1374 749 1559 782 deductum
1574 749 1662 782 vires
1677 748 1759 781 aini-

1060 795 1164 828 sisse:
1189 801 1227 829 ut
1255 798 1410 830 Lucanus
1440 798 1512 832 ait:
1551 799 1624 832 ‘Et
1655 799 1760 832 scisso

1060 846 1199 887 gurgite
1218 848 1309 880 rivus
1332 848 1392 881 dat
1419 858 1537 890 poenas
1558 850 1699 891 majoris
1724 859 1762 882 a·

1060 896 1160 938 quae.'
1205 896 1374 930 Achelous
1400 898 1522 931 fluvius
1547 899 1761 940 Deianiram,

1061 945 1162 978 OEuei
1186 947 1275 988 regis
1290 947 1450 980 OEtlioliae
1463 948 1580 990 tiliam,
1593 949 1628 981 iu
1642 948 1760 991 conju,

1061 998 1151 1038 gium
1182 998 1284 1039 petit,
1309 1008 1349 1030 eo
1377 1003 1533 1040 tempore
1557 998 1762 1040 praedictam

1060 1046 1163 1078 etiam
1190 1048 1359 1079 Hercules
1384 1048 1590 1089 postulabat,
1612 1053 1762 1090 accepta

1060 1097 1136 1138 lege
1151 1097 1194 1129 ab
1211 1098 1320 1129 OEneo
1336 1104 1374 1130 ut
1387 1098 1445 1140 qui
1459 1098 1587 1131 virtute
1600 1107 1758 1140 superas-

1060 1151 1127 1188 set,
1155 1148 1227 1188 ipse
1254 1158 1327 1180 eam
1353 1148 1550 1190 acciperet:
1584 1149 1761 1191 congressi

1060 1197 1095 1229 in
1118 1198 1303 1230 certamine
1329 1208 1406 1230 cum
1429 1199 1626 1231 vinceretur
1649 1199 1760 1231 Ache-

1060 1249 1147 1289 lous,
1161 1254 1312 1280 mutatus
1328 1253 1381 1281 est
1407 1249 1503 1281 initio
1531 1249 1566 1280 in
1583 1249 1760 1290 juvenem,

1060 1308 1139 1330 mox
1154 1299 1187 1329 in
1202 1298 1396 1340 draconem,
1422 1299 1525 1330 tertio
1548 1298 1582 1330 in
1605 1297 1759 1339 fluvium,

1058 1349 1117 1390 qui
1143 1358 1204 1390 per
1234 1349 1419 1380 OEtholiam
1446 1348 1554 1381 fluens
1582 1348 1710 1381 labitur
1723 1349 1760 1381 in

1059 1398 1252 1438 Arcadiam,
1263 1400 1305 1430 ad
1319 1399 1473 1431 ultimum
1489 1399 1660 1431 convertit
1672 1408 1710 1431 ιο
1725 1399 1759 1431 in

1059 1447 1206 1481 taurum.
1251 1449 1421 1481 Hercules
1439 1453 1553 1481 autem
1579 1449 1700 1485 dicens
1722 1458 1759 1481 ne

1057 1500 1160 1531 etiam
1188 1504 1303 1532 tauros
1329 1499 1512 1539 domuisse,
1540 1507 1646 1531 cornu
1667 1498 1760 1531 illius

1057 1549 1173 1591 fregit,
1206 1549 1295 1591 quod
1319 1549 1534 1581 descendens
1560 1548 1603 1581 ad
1625 1547 1758 1581 Inferos

1058 1600 1243 1632 Cerberum
1260 1604 1418 1641 rapturus
1435 1609 1549 1632 secum
1576 1598 1670 1632 tulit.
1711 1598 1760 1631 11-

1057 1650 1115 1681 lud
1136 1651 1304 1691 Nymphae
1319 1649 1471 1682 omnibus
1489 1649 1586 1681 bonis
1602 1649 1758 1690 repleve-

1058 1705 1149 1740 runt,
1177 1700 1364 1741 datumque
1383 1704 1437 1732 est
1460 1700 1590 1741 Copiae,
1614 1708 1691 1740 qnae
1705 1702 1759 1731 est

1057 1749 1213 1781 ministra
1231 1750 1403 1782 Fortunae.
1446 1749 1547 1781 Unde
1571 1749 1607 1780 in
1629 1747 1758 1780 Boetia

1057 1799 1196 1840 legitur,
1225 1800 1350 1841 ‘copia
1376 1800 1476 1841 pleno
1507 1798 1635 1832 cornu-⁹
1679 1797 1758 1831 Hoc

1058 1849 1136 1881 ideo
1152 1850 1303 1891 fingitur,
1319 1850 1476 1891 quoniam
1497 1849 1634 1882 fortuna
1659 1849 1758 1882 ditis·

1058 1900 1143 1931 sima
1159 1904 1211 1931 est
1233 1901 1394 1941 omnium,
1421 1905 1459 1932 et
1482 1900 1609 1932 divites
1630 1899 1759 1932 multos

1056 1948 1151 1989 facit,
1166 1960 1242 1981 cum
1260 1951 1359 1991 pleno
1375 1960 1477 1982 cornu
1491 1961 1499 1982 =
1518 1950 1675 1991 quoniam
1690 1949 1758 1981 sic-

1056 2003 1095 2031 ut
1109 2009 1214 2032 cornu
1243 2010 1380 2032 carnem
1405 2000 1572 2032 exuberat
1586 2003 1624 2032 et
1638 2007 1759 2040 super-

1056 2051 1194 2090 crescit,
1222 2050 1272 2081 ita
1297 2050 1424 2082 divitiae
1449 2049 1531 2081 foris
1553 2049 1684 2090 stipant
1697 2049 1757 2080 ho-

1055 2099 1190 2131 minem.
1233 2100 1275 2131 In
1303 2109 1408 2132 cornu
1439 2099 1543 2131 etiam
1572 2098 1678 2130 virtus
1703 2102 1759 2130 ent

1054 2149 1268 2181 animalium:
1291 2155 1327 2181 et
1348 2149 1494 2181 fortunae
1517 2148 1606 2181 vires
1621 2148 1657 2180 in
1670 2148 1757 2180 divi·

1055 2198 1112 2230 tiis
1130 2198 1364 2241 sunt.*qiiibiis
1381 2199 1505 2231 multos
1518 2198 1561 2231 ad
1573 2208 1609 2231 se
1621 2202 1755 2240 pertra-

1053 2249 1117 2281 hit.
1146 2250 1244 2282 Idem.

1099 2302 1162 2331 109
1184 2300 1393 2340 AEgrescunt]
1421 2299 1559 2332 Dicitur
1581 2297 1756 2330 Achelous

1056 2348 1187 2380 duobus
1203 2350 1310 2381 alveis
1331 2348 1480 2388 fluxisse,
1504 2348 1560 2380 cui
1584 2348 1755 2380 Hercules

1055 2407 1157 2429 unum
1174 2399 1310 2430 clausit.
1345 2398 1498 2439 Ideoque
1511 2397 1637 2429 dicitur
1651 2406 1756 2430 cornu

1057 2452 1246 2480 truncatus.
1291 2448 1370 2479 Hoc
1398 2450 1505 2479 etiam
1528 2448 1637 2479 sciens
1651 2447 1755 2489 poeta

1055 2497 1146 2529 aliud
1177 2507 1280 2538 agens
1307 2498 1443 2528 occulte
1469 2497 1586 2537 tetigit
1607 2497 1750 2529 dicens:

1055 2548 1234 2580 anhelantes
1268 2550 1442 2587 ‹egr-escunt
1492 2548 1620 2587 pulvere
1660 2546 1755 2587 ripe.

1054 2597 1278 2628 ‘Maerentem
1293 2596 1302 2609 '
1326 2605 1407 2636 ergo
1431 2595 1564 2627 tristem
1579 2595 1678 2627 dixit.
1701 2596 1754 2628 Id.

1098 2649 1160 2677 110
1187 2647 1312 2678 AEratoe
1333 2645 1449 2686 crates]
1475 2646 1554 2677 AEre
1577 2654 1637 2676 seu
1660 2644 1755 2676 ferro

1055 2696 1224 2728 obductae.
1252 2696 1322 2728 Vet.
1344 2696 1510 2728 Scholiast.
1554 2697 1641 2729 Quae
1658 2705 1753 2728 mens

1053 2744 1120 2778 fuit
1148 2746 1253 2778 dubia
1277 2751 1391 2779 tamen
1419 2746 1620 2778 doctissimo
1649 2747 1754 2779 etiam

1053 2796 1171 2838 Lipsio
1183 2797 1225 2828 de
1235 2796 1362 2828 Militia
1372 2797 1526 2829 Romana
1538 2796 1597 2830 uh.
1608 2805 1667 2829 m.
1677 2790 1760 2838 cafix
