<?xml version="1.0" encoding="UTF-8"?>
<!DOCTYPE html PUBLIC "-//W3C//DTD XHTML 1.0 Transitional//EN"
    "http://www.w3.org/TR/xhtml1/DTD/xhtml1-transitional.dtd">
<html xmlns="http://www.w3.org/1999/xhtml" xml:lang="en" lang="en">
 <head>
  <title>
</title>
<meta http-equiv="Content-Type" content="text/html;charset=utf-8" />
  <meta name='ocr-system' content='tesseract 3.04.00' />
  <meta name='ocr-capabilities' content='ocr_page ocr_carea ocr_par ocr_line ocrx_word'/>
</head>
<body>
  <div class='ocr_page' id='page_1' title='image "./operaomniaexedit04statuoft/operaomniaexedit04statuoft_0018.png"; bbox 0 0 1878 3164; ppageno 0'>
   <div class='ocr_carea' id='block_1_1' title="bbox 251 201 365 244">
    <p class='ocr_par' dir='ltr' id='par_1_1' title="bbox 251 201 365 244">
     <span class='ocr_line' id='line_1_1' title="bbox 251 201 365 244; baseline -0.009 -1"><span class='ocrx_word' id='word_1_1' title='bbox 251 201 365 244; x_wconf 82' lang='lat'>1754</span> 
     </span>
    </p>
   </div>
   <div class='ocr_carea' id='block_1_2' title="bbox 253 301 971 2785">
    <p class='ocr_par' dir='ltr' id='par_1_2' title="bbox 253 301 957 682">
     <span class='ocr_line' id='line_1_2' title="bbox 254 301 954 337; baseline -0.004 0"><span class='ocrx_word' id='word_1_2' title='bbox 254 305 337 337; x_wconf 89' lang='lat' dir='ltr'>baut</span> <span class='ocrx_word' id='word_1_3' title='bbox 351 303 578 336; x_wconf 82' lang='lat' dir='ltr'>Telamonem.</span> <span class='ocrx_word' id='word_1_4' title='bbox 621 301 676 334; x_wconf 86' lang='lat' dir='ltr'>Ita</span> <span class='ocrx_word' id='word_1_5' title='bbox 697 307 735 334; x_wconf 89' lang='lat' dir='ltr'>et</span> <span class='ocrx_word' id='word_1_6' title='bbox 755 302 871 335; x_wconf 88' lang='lat' dir='ltr'>hostes</span> <span class='ocrx_word' id='word_1_7' title='bbox 885 311 954 335; x_wconf 86' lang='lat' dir='ltr'>non</span> 
     </span>
     <span class='ocr_line' id='line_1_3' title="bbox 254 351 954 391; baseline -0.004 -4"><span class='ocrx_word' id='word_1_8' title='bbox 254 355 363 387; x_wconf 88' lang='lat' dir='ltr'>solum</span> <span class='ocrx_word' id='word_1_9' title='bbox 386 353 624 391; x_wconf 82' lang='lat' dir='ltr'>Corbulonem,</span> <span class='ocrx_word' id='word_1_10' title='bbox 647 351 707 384; x_wconf 85' lang='lat' dir='ltr'>sed</span> <span class='ocrx_word' id='word_1_11' title='bbox 728 353 833 384; x_wconf 85' lang='lat' dir='ltr'>etiam</span> <span class='ocrx_word' id='word_1_12' title='bbox 852 353 954 384; x_wconf 88' lang='lat' dir='ltr'>Bola—</span> 
     </span>
     <span class='ocr_line' id='line_1_4' title="bbox 254 402 954 443; baseline -0.004 -7"><span class='ocrx_word' id='word_1_13' title='bbox 254 414 333 436; x_wconf 87' lang='lat' dir='ltr'>num</span> <span class='ocrx_word' id='word_1_14' title='bbox 351 402 529 434; x_wconf 87' lang='lat' dir='ltr'>timebant.</span> <span class='ocrx_word' id='word_1_15' title='bbox 571 402 671 434; x_wconf 75' lang='lat' dir='ltr'>Arma</span> <span class='ocrx_word' id='word_1_16' title='bbox 693 402 853 443; x_wconf 80' lang='lat' dir='ltr'>Nemeoea]</span> <span class='ocrx_word' id='word_1_17' title='bbox 875 402 954 434; x_wconf 87' lang='lat' dir='ltr'>Pel·</span> 
     </span>
     <span class='ocr_line' id='line_1_5' title="bbox 253 450 954 493; baseline -0.006 -7"><span class='ocrx_word' id='word_1_18' title='bbox 253 455 321 486; x_wconf 91' lang='lat' dir='ltr'>lem</span> <span class='ocrx_word' id='word_1_19' title='bbox 336 452 443 484; x_wconf 87' lang='lat' dir='ltr'>leonis</span> <span class='ocrx_word' id='word_1_20' title='bbox 457 451 612 484; x_wconf 82' lang='lat' dir='ltr'>Nemeaei</span> <span class='ocrx_word' id='word_1_21' title='bbox 628 450 805 493; x_wconf 78' lang='lat' dir='ltr'>intelligit,</span> <span class='ocrx_word' id='word_1_22' title='bbox 821 460 888 493; x_wconf 88' lang='lat' dir='ltr'>qua</span> <span class='ocrx_word' id='word_1_23' title='bbox 903 451 954 482; x_wconf 88' lang='lat' dir='ltr'>iu-</span> 
     </span>
     <span class='ocr_line' id='line_1_6' title="bbox 256 500 954 534; baseline -0.004 0"><span class='ocrx_word' id='word_1_24' title='bbox 256 503 358 534; x_wconf 88' lang='lat' dir='ltr'>dutus</span> <span class='ocrx_word' id='word_1_25' title='bbox 374 505 450 533; x_wconf 86' lang='lat' dir='ltr'>erat</span> <span class='ocrx_word' id='word_1_26' title='bbox 465 501 652 533; x_wconf 88' lang='lat' dir='ltr'>Hercules:</span> <span class='ocrx_word' id='word_1_27' title='bbox 670 500 720 531; x_wconf 84' lang='lat' dir='ltr'>ita</span> <span class='ocrx_word' id='word_1_28' title='bbox 735 500 824 532; x_wconf 90' lang='lat' dir='ltr'>enim</span> <span class='ocrx_word' id='word_1_29' title='bbox 840 510 954 532; x_wconf 89' lang='lat' dir='ltr'>ernen-</span> 
     </span>
     <span class='ocr_line' id='line_1_7' title="bbox 255 550 954 591; baseline -0.003 -8"><span class='ocrx_word' id='word_1_30' title='bbox 255 551 402 583; x_wconf 89' lang='lat' dir='ltr'>dandum</span> <span class='ocrx_word' id='word_1_31' title='bbox 416 550 621 591; x_wconf 84' lang='lat' dir='ltr'>censuerim,</span> <span class='ocrx_word' id='word_1_32' title='bbox 629 550 782 591; x_wconf 83' lang='lat' dir='ltr'>quamvis</span> <span class='ocrx_word' id='word_1_33' title='bbox 792 550 954 581; x_wconf 78' lang='lat' dir='ltr'>mendose</span> 
     </span>
     <span class='ocr_line' id='line_1_8' title="bbox 255 598 957 640; baseline -0.001 -8"><span class='ocrx_word' id='word_1_34' title='bbox 255 601 289 632; x_wconf 90' lang='lat' dir='ltr'>in</span> <span class='ocrx_word' id='word_1_35' title='bbox 303 599 460 632; x_wconf 90' lang='lat' dir='ltr'>omnibus</span> <span class='ocrx_word' id='word_1_36' title='bbox 473 598 649 630; x_wconf 83' lang='lat' dir='ltr'><strong>codicibus</strong></span> <span class='ocrx_word' id='word_1_37' title='bbox 663 599 815 640; x_wconf 85' lang='lat' dir='ltr'>legatur:</span> <span class='ocrx_word' id='word_1_38' title='bbox 834 599 957 632; x_wconf 77' lang='lat' dir='ltr'>Vectita</span> 
     </span>
     <span class='ocr_line' id='line_1_9' title="bbox 254 648 725 682; baseline -0.004 0"><span class='ocrx_word' id='word_1_39' title='bbox 254 650 397 682; x_wconf 79' lang='lat' dir='ltr'>viderent</span> <span class='ocrx_word' id='word_1_40' title='bbox 409 649 521 680; x_wconf 81' lang='lat' dir='ltr'>Arma.</span> <span class='ocrx_word' id='word_1_41' title='bbox 542 648 725 680; x_wconf 72' lang='lat' dir='ltr'><strong>Domitius.</strong></span> 
     </span>
    </p>

    <p class='ocr_par' dir='ltr' id='par_1_3' title="bbox 257 699 962 1390">
     <span class='ocr_line' id='line_1_10' title="bbox 298 699 956 741; baseline 0.002 -10"><span class='ocrx_word' id='word_1_42' title='bbox 298 703 341 732; x_wconf 81' lang='lat'>52</span> <span class='ocrx_word' id='word_1_43' title='bbox 359 701 503 740; x_wconf 76' lang='lat' dir='ltr'>Cognata</span> <span class='ocrx_word' id='word_1_44' title='bbox 518 700 688 740; x_wconf 79' lang='lat' dir='ltr'>ministret,</span> <span class='ocrx_word' id='word_1_45' title='bbox 703 699 773 741; x_wconf 55' lang='grc' dir='ltr'>ξω]</span> <span class='ocrx_word' id='word_1_46' title='bbox 792 699 956 732; x_wconf 85' lang='lat' dir='ltr'>Eruditus</span> 
     </span>
     <span class='ocr_line' id='line_1_11' title="bbox 257 743 957 791; baseline 0.001 -11"><span class='ocrx_word' id='word_1_47' title='bbox 257 750 479 781; x_wconf 74' lang='lat' dir='ltr'>Bernartius:</span> <span class='ocrx_word' id='word_1_48' title='bbox 502 750 512 767; x_wconf 81' lang='lat'><em>⁴</em></span> <span class='ocrx_word' id='word_1_49' title='bbox 529 749 690 789; x_wconf 89' lang='lat' dir='ltr'>Spurium</span> <span class='ocrx_word' id='word_1_50' title='bbox 715 750 779 781; x_wconf 87' lang='lat' dir='ltr'>boc</span> <span class='ocrx_word' id='word_1_51' title='bbox 802 753 839 781; x_wconf 90' lang='lat' dir='ltr'>et</span> <span class='ocrx_word' id='word_1_52' title='bbox 861 743 957 791; x_wconf 89' lang='lat' dir='ltr'>spur·</span> 
     </span>
     <span class='ocr_line' id='line_1_12' title="bbox 257 797 957 841; baseline 0 -11"><span class='ocrx_word' id='word_1_53' title='bbox 257 797 362 839; x_wconf 89' lang='lat' dir='ltr'>cum,’</span> <span class='ocrx_word' id='word_1_54' title='bbox 383 798 505 840; x_wconf 85' lang='lat' dir='ltr'>inquit,</span> <span class='ocrx_word' id='word_1_55' title='bbox 522 799 532 816; x_wconf 90' lang='lat'>‘</span> <span class='ocrx_word' id='word_1_56' title='bbox 546 798 683 830; x_wconf 86' lang='lat' dir='ltr'>literula</span> <span class='ocrx_word' id='word_1_57' title='bbox 697 799 836 840; x_wconf 88' lang='lat' dir='ltr'>adjecta</span> <span class='ocrx_word' id='word_1_58' title='bbox 850 799 957 841; x_wconf 89' lang='lat' dir='ltr'>depu-</span> 
     </span>
     <span class='ocr_line' id='line_1_13' title="bbox 259 849 957 891; baseline 0.004 -12"><span class='ocrx_word' id='word_1_59' title='bbox 259 854 314 880; x_wconf 88' lang='lat' dir='ltr'>rat</span> <span class='ocrx_word' id='word_1_60' title='bbox 341 853 461 881; x_wconf 86' lang='lat' dir='ltr'>vetus:</span> <span class='ocrx_word' id='word_1_61' title='bbox 496 849 583 881; x_wconf 77' lang='lat' dir='ltr'>Laus</span> <span class='ocrx_word' id='word_1_62' title='bbox 609 850 736 883; x_wconf 81' lang='lat' dir='ltr'>animo.’</span> <span class='ocrx_word' id='word_1_63' title='bbox 786 851 878 891; x_wconf 86' lang='lat' dir='ltr'>Ergo</span> <span class='ocrx_word' id='word_1_64' title='bbox 904 860 957 882; x_wconf 91' lang='lat' dir='ltr'>se-</span> 
     </span>
     <span class='ocr_line' id='line_1_14' title="bbox 259 900 958 940; baseline 0.003 -11"><span class='ocrx_word' id='word_1_65' title='bbox 259 907 366 940; x_wconf 91' lang='lat' dir='ltr'>queus</span> <span class='ocrx_word' id='word_1_66' title='bbox 395 900 574 939; x_wconf 86' lang='lat' dir='ltr'>connexio,</span> <span class='ocrx_word' id='word_1_67' title='bbox 596 903 701 940; x_wconf 79' lang='lat' dir='ltr'>atque,</span> <span class='ocrx_word' id='word_1_68' title='bbox 725 900 874 932; x_wconf 79' lang='lat' dir='ltr'>elidatur</span> <span class='ocrx_word' id='word_1_69' title='bbox 899 908 958 931; x_wconf 86' lang='lat' dir='ltr'>ne-</span> 
     </span>
     <span class='ocr_line' id='line_1_15' title="bbox 260 949 958 988; baseline 0.004 -10"><span class='ocrx_word' id='word_1_70' title='bbox 260 956 357 978; x_wconf 92' lang='lat' dir='ltr'>cesse</span> <span class='ocrx_word' id='word_1_71' title='bbox 374 952 440 988; x_wconf 84' lang='lat' dir='ltr'>est,</span> <span class='ocrx_word' id='word_1_72' title='bbox 459 951 518 979; x_wconf 91' lang='lat' dir='ltr'>aut</span> <span class='ocrx_word' id='word_1_73' title='bbox 540 952 616 980; x_wconf 90' lang='lat' dir='ltr'>ruet</span> <span class='ocrx_word' id='word_1_74' title='bbox 632 958 652 980; x_wconf 87' lang='lat' dir='ltr'>a</span> <span class='ocrx_word' id='word_1_75' title='bbox 668 949 815 981; x_wconf 90' lang='lat' dir='ltr'>culmine</span> <span class='ocrx_word' id='word_1_76' title='bbox 841 958 958 981; x_wconf 89' lang='lat' dir='ltr'>versus</span> 
     </span>
     <span class='ocr_line' id='line_1_16' title="bbox 259 996 958 1039; baseline 0.004 -12"><span class='ocrx_word' id='word_1_77' title='bbox 259 996 323 1028; x_wconf 88' lang='lat' dir='ltr'>boc</span> <span class='ocrx_word' id='word_1_78' title='bbox 338 996 437 1028; x_wconf 88' lang='lat' dir='ltr'>sibilo</span> <span class='ocrx_word' id='word_1_79' title='bbox 455 1001 614 1038; x_wconf 84' lang='lat' dir='ltr'>tanquam</span> <span class='ocrx_word' id='word_1_80' title='bbox 638 999 747 1030; x_wconf 88' lang='lat' dir='ltr'>ariete</span> <span class='ocrx_word' id='word_1_81' title='bbox 764 1007 958 1039; x_wconf 86' lang='lat' dir='ltr'>percussus.</span> 
     </span>
     <span class='ocr_line' id='line_1_17' title="bbox 261 1045 959 1088; baseline 0 -9"><span class='ocrx_word' id='word_1_82' title='bbox 261 1046 352 1079; x_wconf 79' lang='lat' dir='ltr'>Quid</span> <span class='ocrx_word' id='word_1_83' title='bbox 369 1048 396 1077; x_wconf 92' lang='lat' dir='ltr'>si</span> <span class='ocrx_word' id='word_1_84' title='bbox 413 1045 478 1078; x_wconf 89' lang='lat' dir='ltr'>hoc</span> <span class='ocrx_word' id='word_1_85' title='bbox 494 1046 657 1088; x_wconf 89' lang='lat' dir='ltr'>loquendi</span> <span class='ocrx_word' id='word_1_86' title='bbox 675 1057 779 1087; x_wconf 82' lang='lat' dir='ltr'>genus</span> <span class='ocrx_word' id='word_1_87' title='bbox 796 1057 860 1079; x_wconf 89' lang='lat' dir='ltr'>nec</span> <span class='ocrx_word' id='word_1_88' title='bbox 879 1057 959 1088; x_wconf 87' lang='lat' dir='ltr'>spu-</span> 
     </span>
     <span class='ocr_line' id='line_1_18' title="bbox 260 1095 960 1138; baseline 0.003 -11"><span class='ocrx_word' id='word_1_89' title='bbox 260 1096 346 1128; x_wconf 89' lang='lat' dir='ltr'>rium</span> <span class='ocrx_word' id='word_1_90' title='bbox 377 1105 440 1127; x_wconf 93' lang='lat' dir='ltr'>nec</span> <span class='ocrx_word' id='word_1_91' title='bbox 471 1105 633 1137; x_wconf 89' lang='lat' dir='ltr'>spurcum</span> <span class='ocrx_word' id='word_1_92' title='bbox 656 1095 786 1129; x_wconf 86' lang='lat' dir='ltr'>fuerit?</span> <span class='ocrx_word' id='word_1_93' title='bbox 810 1097 960 1138; x_wconf 90' lang='lat' dir='ltr'>quaudo·</span> 
     </span>
     <span class='ocr_line' id='line_1_19' title="bbox 262 1143 960 1187; baseline 0.004 -11"><span class='ocrx_word' id='word_1_94' title='bbox 262 1145 398 1187; x_wconf 89' lang='lat' dir='ltr'>quidem</span> <span class='ocrx_word' id='word_1_95' title='bbox 417 1143 457 1176; x_wconf 68' lang='grc' dir='ltr'>τὸ</span> <span class='ocrx_word' id='word_1_96' title='bbox 470 1149 603 1185; x_wconf 80' lang='lat' dir='ltr'>cognata</span> <span class='ocrx_word' id='word_1_97' title='bbox 628 1146 661 1177; x_wconf 90' lang='lat' dir='ltr'>in</span> <span class='ocrx_word' id='word_1_98' title='bbox 687 1155 826 1178; x_wconf 89' lang='lat' dir='ltr'>numero</span> <span class='ocrx_word' id='word_1_99' title='bbox 848 1147 960 1179; x_wconf 87' lang='lat' dir='ltr'>multi-</span> 
     </span>
     <span class='ocr_line' id='line_1_20' title="bbox 261 1190 960 1237; baseline 0.004 -10"><span class='ocrx_word' id='word_1_100' title='bbox 261 1196 390 1228; x_wconf 75' lang='lat' dir='ltr'>tudinis</span> <span class='ocrx_word' id='word_1_101' title='bbox 416 1195 461 1228; x_wconf 88' lang='lat' dir='ltr'>ad</span> <span class='ocrx_word' id='word_1_102' title='bbox 486 1197 625 1237; x_wconf 73' lang='lat' dir='ltr'>exempla</span> <span class='ocrx_word' id='word_1_103' title='bbox 645 1190 812 1230; x_wconf 74' lang='lat' dir='ltr'>domesticu</span> <span class='ocrx_word' id='word_1_104' title='bbox 831 1197 960 1230; x_wconf 86' lang='lat' dir='ltr'>refere-</span> 
     </span>
     <span class='ocr_line' id='line_1_21' title="bbox 262 1245 959 1290; baseline 0.006 -13"><span class='ocrx_word' id='word_1_105' title='bbox 262 1250 338 1278; x_wconf 87' lang='lat' dir='ltr'>tur:</span> <span class='ocrx_word' id='word_1_106' title='bbox 375 1248 513 1286; x_wconf 64' lang='grc' dir='ltr'><strong><em>συγγενῆ</em></strong></span> <span class='ocrx_word' id='word_1_107' title='bbox 551 1245 627 1289; x_wconf 75' lang='grc' dir='ltr'>ἔργα</span> <span class='ocrx_word' id='word_1_108' title='bbox 653 1246 674 1286; x_wconf 74' lang='grc' dir='ltr'>ἢ</span> <span class='ocrx_word' id='word_1_109' title='bbox 711 1247 959 1290; x_wconf 54' lang='lat' dir='ltr'>:rependes-ypram:</span> 
     </span>
     <span class='ocr_line' id='line_1_22' title="bbox 262 1300 962 1343; baseline 0.006 -13"><span class='ocrx_word' id='word_1_110' title='bbox 262 1309 339 1340; x_wconf 87' lang='lat' dir='ltr'>quae</span> <span class='ocrx_word' id='word_1_111' title='bbox 357 1308 437 1331; x_wconf 88' lang='lat' dir='ltr'>vera</span> <span class='ocrx_word' id='word_1_112' title='bbox 452 1300 524 1331; x_wconf 84' lang='lat' dir='ltr'>laus</span> <span class='ocrx_word' id='word_1_113' title='bbox 546 1305 690 1341; x_wconf 83' lang='lat' dir='ltr'>paterna</span> <span class='ocrx_word' id='word_1_114' title='bbox 706 1302 904 1343; x_wconf 84' lang='lat' dir='ltr'>suppeditat</span> <span class='ocrx_word' id='word_1_115' title='bbox 925 1307 962 1334; x_wconf 88' lang='lat' dir='ltr'>et</span> 
     </span>
     <span class='ocr_line' id='line_1_23' title="bbox 261 1349 891 1390; baseline 0.005 -10"><span class='ocrx_word' id='word_1_116' title='bbox 261 1349 402 1390; x_wconf 85' lang='lat' dir='ltr'>subjicit</span> <span class='ocrx_word' id='word_1_117' title='bbox 418 1349 530 1381; x_wconf 82' lang='lat' dir='ltr'>animo</span> <span class='ocrx_word' id='word_1_118' title='bbox 544 1349 743 1382; x_wconf 87' lang='lat' dir='ltr'>liberorum.</span> <span class='ocrx_word' id='word_1_119' title='bbox 766 1352 891 1384; x_wconf 78' lang='lat' dir='ltr'>Mareu.</span> 
     </span>
    </p>

    <p class='ocr_par' dir='ltr' id='par_1_4' title="bbox 263 1399 965 1781">
     <span class='ocr_line' id='line_1_24' title="bbox 305 1399 962 1440; baseline 0.006 -11"><span class='ocrx_word' id='word_1_120' title='bbox 305 1402 346 1430; x_wconf 84' lang='grc'>57</span> <span class='ocrx_word' id='word_1_121' title='bbox 363 1399 483 1430; x_wconf 76' lang='lat' dir='ltr'>Sortito</span> <span class='ocrx_word' id='word_1_122' title='bbox 494 1400 615 1431; x_wconf 72' lang='lat' dir='ltr'>rexerit</span> <span class='ocrx_word' id='word_1_123' title='bbox 625 1400 720 1440; x_wconf 82' lang='lat' dir='ltr'>anno]</span> <span class='ocrx_word' id='word_1_124' title='bbox 733 1400 962 1433; x_wconf 89' lang='lat' dir='ltr'>Proconsules</span> 
     </span>
     <span class='ocr_line' id='line_1_25' title="bbox 263 1449 962 1491; baseline 0.007 -11"><span class='ocrx_word' id='word_1_125' title='bbox 263 1449 352 1481; x_wconf 89' lang='lat' dir='ltr'>enim</span> <span class='ocrx_word' id='word_1_126' title='bbox 380 1455 473 1482; x_wconf 85' lang='lat' dir='ltr'>sorte</span> <span class='ocrx_word' id='word_1_127' title='bbox 499 1450 533 1481; x_wconf 89' lang='lat' dir='ltr'>in</span> <span class='ocrx_word' id='word_1_128' title='bbox 560 1450 755 1491; x_wconf 84' lang='lat' dir='ltr'>provincias</span> <span class='ocrx_word' id='word_1_129' title='bbox 777 1452 962 1484; x_wconf 76' lang='lat' dir='ltr'>mitteban-</span> 
     </span>
     <span class='ocr_line' id='line_1_26' title="bbox 263 1499 964 1534; baseline 0.006 -5"><span class='ocrx_word' id='word_1_130' title='bbox 263 1504 331 1530; x_wconf 85' lang='lat' dir='ltr'>tur.</span> <span class='ocrx_word' id='word_1_131' title='bbox 370 1499 451 1530; x_wconf 89' lang='lat' dir='ltr'>Dixi</span> <span class='ocrx_word' id='word_1_132' title='bbox 467 1499 559 1531; x_wconf 86' lang='lat' dir='ltr'>alibi.</span> <span class='ocrx_word' id='word_1_133' title='bbox 596 1499 723 1531; x_wconf 90' lang='lat' dir='ltr'>Allusit</span> <span class='ocrx_word' id='word_1_134' title='bbox 736 1501 964 1534; x_wconf 83' lang='lat' dir='ltr'>Tertullianus</span> 
     </span>
     <span class='ocr_line' id='line_1_27' title="bbox 263 1548 964 1590; baseline 0.006 -11"><span class='ocrx_word' id='word_1_135' title='bbox 263 1549 401 1580; x_wconf 85' lang='lat' dir='ltr'>aureolo</span> <span class='ocrx_word' id='word_1_136' title='bbox 417 1548 460 1580; x_wconf 91' lang='lat' dir='ltr'>de</span> <span class='ocrx_word' id='word_1_137' title='bbox 477 1548 678 1590; x_wconf 76' lang='lat' dir='ltr'>Praescript.</span> <span class='ocrx_word' id='word_1_138' title='bbox 700 1550 861 1582; x_wconf 86' lang='lat' dir='ltr'>adversus</span> <span class='ocrx_word' id='word_1_139' title='bbox 881 1552 964 1583; x_wconf 88' lang='lat' dir='ltr'>Hae-</span> 
     </span>
     <span class='ocr_line' id='line_1_28' title="bbox 263 1599 965 1642; baseline 0.003 -11"><span class='ocrx_word' id='word_1_140' title='bbox 263 1604 329 1632; x_wconf 87' lang='lat' dir='ltr'>ret.</span> <span class='ocrx_word' id='word_1_141' title='bbox 359 1599 466 1631; x_wconf 84' lang='lat' dir='ltr'>libro:</span> <span class='ocrx_word' id='word_1_142' title='bbox 499 1599 618 1631; x_wconf 84' lang='lat' dir='ltr'>‘Huic</span> <span class='ocrx_word' id='word_1_143' title='bbox 647 1600 770 1632; x_wconf 91' lang='lat' dir='ltr'>sortito</span> <span class='ocrx_word' id='word_1_144' title='bbox 801 1601 965 1642; x_wconf 83' lang='lat' dir='ltr'>obtigisse</span> 
     </span>
     <span class='ocr_line' id='line_1_29' title="bbox 264 1649 965 1691; baseline 0.003 -10"><span class='ocrx_word' id='word_1_145' title='bbox 264 1659 381 1681; x_wconf 87' lang='lat' dir='ltr'>semen</span> <span class='ocrx_word' id='word_1_146' title='bbox 396 1649 561 1687; x_wconf 75' lang='lat' dir='ltr'>Abrahae,</span> <span class='ocrx_word' id='word_1_147' title='bbox 583 1654 687 1691; x_wconf 83' lang='lat' dir='ltr'>atque</span> <span class='ocrx_word' id='word_1_148' title='bbox 712 1650 791 1682; x_wconf 90' lang='lat' dir='ltr'>ideo</span> <span class='ocrx_word' id='word_1_149' title='bbox 817 1652 905 1683; x_wconf 87' lang='lat' dir='ltr'>bunc</span> <span class='ocrx_word' id='word_1_150' title='bbox 921 1651 965 1684; x_wconf 92' lang='lat' dir='ltr'>de</span> 
     </span>
     <span class='ocr_line' id='line_1_30' title="bbox 264 1698 965 1741; baseline 0.003 -10"><span class='ocrx_word' id='word_1_151' title='bbox 264 1706 359 1731; x_wconf 88' lang='lat' dir='ltr'>terra</span> <span class='ocrx_word' id='word_1_152' title='bbox 379 1699 516 1741; x_wconf 80' lang='lat' dir='ltr'>AEgypti</span> <span class='ocrx_word' id='word_1_153' title='bbox 539 1698 625 1730; x_wconf 89' lang='lat' dir='ltr'>filios</span> <span class='ocrx_word' id='word_1_154' title='bbox 646 1698 756 1731; x_wconf 68' lang='lat' dir='ltr'>Israel</span> <span class='ocrx_word' id='word_1_155' title='bbox 778 1700 812 1731; x_wconf 89' lang='lat' dir='ltr'>iu</span> <span class='ocrx_word' id='word_1_156' title='bbox 839 1704 965 1733; x_wconf 86' lang='lat' dir='ltr'>terram</span> 
     </span>
     <span class='ocr_line' id='line_1_31' title="bbox 265 1748 857 1781; baseline 0 0"><span class='ocrx_word' id='word_1_157' title='bbox 265 1750 428 1781; x_wconf 82' lang='lat' dir='ltr'>chanaan</span> <span class='ocrx_word' id='word_1_158' title='bbox 445 1748 685 1780; x_wconf 59' lang='lat' dir='ltr'>transtulisse)</span> <span class='ocrx_word' id='word_1_159' title='bbox 707 1748 857 1781; x_wconf 82' lang='lat' dir='ltr'>Bernart.</span> 
     </span>
    </p>

    <p class='ocr_par' dir='ltr' id='par_1_5' title="bbox 262 1798 970 2436">
     <span class='ocr_line' id='line_1_32' title="bbox 307 1798 965 1841; baseline 0 -11"><span class='ocrx_word' id='word_1_160' title='bbox 307 1802 349 1831; x_wconf 83' lang='lat'>65</span> <span class='ocrx_word' id='word_1_161' title='bbox 376 1799 507 1830; x_wconf 73' lang='lat' dir='ltr'>Prolem</span> <span class='ocrx_word' id='word_1_162' title='bbox 539 1798 607 1830; x_wconf 80' lang='lat' dir='ltr'>sine</span> <span class='ocrx_word' id='word_1_163' title='bbox 628 1798 763 1839; x_wconf 64' lang='lat' dir='ltr'>praeside</span> <span class='ocrx_word' id='word_1_164' title='bbox 806 1799 965 1841; x_wconf 77' lang='lat' dir='ltr'>linquens]</span> 
     </span>
     <span class='ocr_line' id='line_1_33' title="bbox 262 1848 966 1890; baseline 0.001 -9"><span class='ocrx_word' id='word_1_165' title='bbox 262 1850 394 1890; x_wconf 88' lang='lat' dir='ltr'>Sequor</span> <span class='ocrx_word' id='word_1_166' title='bbox 423 1848 478 1880; x_wconf 87' lang='lat' dir='ltr'>hic</span> <span class='ocrx_word' id='word_1_167' title='bbox 509 1853 663 1879; x_wconf 85' lang='lat' dir='ltr'>veterem</span> <span class='ocrx_word' id='word_1_168' title='bbox 694 1849 897 1888; x_wconf 77' lang='lat' dir='ltr'>scripturam</span> <span class='ocrx_word' id='word_1_169' title='bbox 926 1853 966 1882; x_wconf 91' lang='lat' dir='ltr'>ut</span> 
     </span>
     <span class='ocr_line' id='line_1_34' title="bbox 265 1896 966 1935; baseline -0.001 -5"><span class='ocrx_word' id='word_1_170' title='bbox 265 1898 421 1930; x_wconf 85' lang='lat' dir='ltr'>veritatis</span> <span class='ocrx_word' id='word_1_171' title='bbox 444 1896 627 1935; x_wconf 85' lang='lat' dir='ltr'>vindicem,</span> <span class='ocrx_word' id='word_1_172' title='bbox 649 1902 685 1928; x_wconf 88' lang='lat' dir='ltr'>et</span> <span class='ocrx_word' id='word_1_173' title='bbox 708 1897 865 1929; x_wconf 86' lang='lat' dir='ltr'>orbitatis</span> <span class='ocrx_word' id='word_1_174' title='bbox 880 1898 966 1930; x_wconf 89' lang='lat' dir='ltr'>indi-</span> 
     </span>
     <span class='ocr_line' id='line_1_35' title="bbox 265 1946 967 1989; baseline 0 -9"><span class='ocrx_word' id='word_1_175' title='bbox 265 1957 352 1980; x_wconf 88' lang='lat' dir='ltr'>cem.</span> <span class='ocrx_word' id='word_1_176' title='bbox 396 1948 407 1965; x_wconf 89' lang='lat'>‘</span> <span class='ocrx_word' id='word_1_177' title='bbox 423 1946 584 1978; x_wconf 86' lang='lat' dir='ltr'>Praesidis</span> <span class='ocrx_word' id='word_1_178' title='bbox 593 1956 715 1978; x_wconf 87' lang='lat' dir='ltr'>nomeu</span> <span class='ocrx_word' id='word_1_179' title='bbox 730 1949 890 1988; x_wconf 88' lang='lat' dir='ltr'>generale</span> <span class='ocrx_word' id='word_1_180' title='bbox 902 1952 967 1989; x_wconf 86' lang='lat' dir='ltr'>est,</span> 
     </span>
     <span class='ocr_line' id='line_1_36' title="bbox 266 1994 967 2040; baseline 0.001 -10"><span class='ocrx_word' id='word_1_181' title='bbox 266 2007 376 2040; x_wconf 89' lang='lat' dir='ltr'>eoque</span> <span class='ocrx_word' id='word_1_182' title='bbox 400 2003 436 2029; x_wconf 95' lang='lat' dir='ltr'>et</span> <span class='ocrx_word' id='word_1_183' title='bbox 451 1997 679 2029; x_wconf 90' lang='lat' dir='ltr'>Proconsules</span> <span class='ocrx_word' id='word_1_184' title='bbox 695 2001 732 2028; x_wconf 93' lang='lat' dir='ltr'>et</span> <span class='ocrx_word' id='word_1_185' title='bbox 755 1998 877 2039; x_wconf 84' lang='lat' dir='ltr'>Legati</span> <span class='ocrx_word' id='word_1_186' title='bbox 892 1994 967 2031; x_wconf 86' lang='lat' dir='ltr'>Cae-</span> 
     </span>
     <span class='ocr_line' id='line_1_37' title="bbox 265 2046 967 2089; baseline 0 -9"><span class='ocrx_word' id='word_1_187' title='bbox 265 2050 364 2088; x_wconf 88' lang='lat' dir='ltr'>saris,</span> <span class='ocrx_word' id='word_1_188' title='bbox 379 2053 416 2080; x_wconf 94' lang='lat' dir='ltr'>et</span> <span class='ocrx_word' id='word_1_189' title='bbox 436 2056 552 2079; x_wconf 86' lang='lat' dir='ltr'>omnes</span> <span class='ocrx_word' id='word_1_190' title='bbox 573 2046 775 2078; x_wconf 87' lang='lat' dir='ltr'>Provincias</span> <span class='ocrx_word' id='word_1_191' title='bbox 796 2051 967 2089; x_wconf 85' lang='lat' dir='ltr'>regentes,</span> 
     </span>
     <span class='ocr_line' id='line_1_38' title="bbox 265 2096 966 2139; baseline -0.003 -8"><span class='ocrx_word' id='word_1_192' title='bbox 265 2100 349 2131; x_wconf 87' lang='lat' dir='ltr'>licet</span> <span class='ocrx_word' id='word_1_193' title='bbox 366 2099 551 2130; x_wconf 83' lang='lat' dir='ltr'>Senatores</span> <span class='ocrx_word' id='word_1_194' title='bbox 567 2096 648 2135; x_wconf 86' lang='lat' dir='ltr'>sint,</span> <span class='ocrx_word' id='word_1_195' title='bbox 663 2097 833 2128; x_wconf 84' lang='lat' dir='ltr'>Praesides</span> <span class='ocrx_word' id='word_1_196' title='bbox 848 2098 966 2139; x_wconf 86' lang='lat' dir='ltr'>appel-</span> 
     </span>
     <span class='ocr_line' id='line_1_39' title="bbox 266 2146 967 2181; baseline -0.003 0"><span class='ocrx_word' id='word_1_197' title='bbox 266 2148 404 2181; x_wconf 63' lang='lat' dir='ltr'>lantur?</span> <span class='ocrx_word' id='word_1_198' title='bbox 448 2148 572 2179; x_wconf 80' lang='lat' dir='ltr'>Macer</span> <span class='ocrx_word' id='word_1_199' title='bbox 585 2146 621 2179; x_wconf 87' lang='lat' dir='ltr'>J.</span> <span class='ocrx_word' id='word_1_200' title='bbox 636 2146 674 2178; x_wconf 91' lang='lat' dir='ltr'>C.</span> <span class='ocrx_word' id='word_1_201' title='bbox 696 2146 718 2177; x_wconf 93' lang='lat' dir='ltr'>l.</span> <span class='ocrx_word' id='word_1_202' title='bbox 732 2155 757 2178; x_wconf 91' lang='lat'>1.</span> <span class='ocrx_word' id='word_1_203' title='bbox 774 2147 821 2179; x_wconf 92' lang='lat' dir='ltr'>D.</span> <span class='ocrx_word' id='word_1_204' title='bbox 836 2147 881 2178; x_wconf 91' lang='lat' dir='ltr'>de</span> <span class='ocrx_word' id='word_1_205' title='bbox 896 2146 967 2179; x_wconf 78' lang='lat' dir='ltr'>Off.</span> 
     </span>
     <span class='ocr_line' id='line_1_40' title="bbox 266 2195 968 2238; baseline -0.004 -7"><span class='ocrx_word' id='word_1_206' title='bbox 266 2199 378 2230; x_wconf 79' lang='lat' dir='ltr'>Praes.</span> <span class='ocrx_word' id='word_1_207' title='bbox 404 2197 473 2230; x_wconf 89' lang='lat' dir='ltr'>Sed</span> <span class='ocrx_word' id='word_1_208' title='bbox 489 2201 525 2228; x_wconf 94' lang='lat' dir='ltr'>et</span> <span class='ocrx_word' id='word_1_209' title='bbox 544 2197 614 2228; x_wconf 85' lang='lat' dir='ltr'>lato</span> <span class='ocrx_word' id='word_1_210' title='bbox 626 2195 832 2238; x_wconf 81' lang='lat' dir='ltr'>significatu,</span> <span class='ocrx_word' id='word_1_211' title='bbox 847 2198 968 2230; x_wconf 89' lang='lat' dir='ltr'>Pater-</span> 
     </span>
     <span class='ocr_line' id='line_1_41' title="bbox 266 2244 968 2286; baseline -0.003 -5"><span class='ocrx_word' id='word_1_212' title='bbox 266 2249 374 2282; x_wconf 82' lang='lat' dir='ltr'>famil.</span> <span class='ocrx_word' id='word_1_213' title='bbox 431 2247 567 2278; x_wconf 87' lang='lat' dir='ltr'>Praeses</span> <span class='ocrx_word' id='word_1_214' title='bbox 609 2244 760 2286; x_wconf 81' lang='lat' dir='ltr'>familiae,</span> <span class='ocrx_word' id='word_1_215' title='bbox 802 2247 968 2279; x_wconf 84' lang='lat' dir='ltr'>Dominus</span> 
     </span>
     <span class='ocr_line' id='line_1_42' title="bbox 268 2294 969 2335; baseline -0.001 -5"><span class='ocrx_word' id='word_1_216' title='bbox 268 2300 398 2331; x_wconf 88' lang='lat' dir='ltr'>domus.</span> <span class='ocrx_word' id='word_1_217' title='bbox 429 2298 602 2329; x_wconf 89' lang='lat' dir='ltr'>Homerus</span> <span class='ocrx_word' id='word_1_218' title='bbox 618 2306 628 2327; x_wconf 73' lang='grc' dir='ltr'>ι</span> <span class='ocrx_word' id='word_1_219' title='bbox 651 2294 820 2335; x_wconf 77' lang='grc' dir='ltr'>θεμιστεύει</span> <span class='ocrx_word' id='word_1_220' title='bbox 831 2295 864 2328; x_wconf 78' lang='grc' dir='ltr'>δὲ</span> <span class='ocrx_word' id='word_1_221' title='bbox 878 2295 969 2329; x_wconf 81' lang='grc' dir='ltr'><strong>ἕκασ-</strong></span> 
     </span>
     <span class='ocr_line' id='line_1_43' title="bbox 267 2343 970 2383; baseline -0.003 -3"><span class='ocrx_word' id='word_1_222' title='bbox 267 2360 323 2380; x_wconf 81' lang='grc' dir='ltr'>τος</span> <span class='ocrx_word' id='word_1_223' title='bbox 347 2346 467 2378; x_wconf 82' lang='grc' dir='ltr'>Παίδων</span> <span class='ocrx_word' id='word_1_224' title='bbox 497 2346 543 2383; x_wconf 83' lang='grc' dir='ltr'>ἠδ’</span> <span class='ocrx_word' id='word_1_225' title='bbox 569 2343 706 2383; x_wconf 81' lang='grc' dir='ltr'><strong><em>ἀλόχων.</em></strong></span> <span class='ocrx_word' id='word_1_226' title='bbox 735 2346 892 2378; x_wconf 76' lang='lat' dir='ltr'>Praesidet</span> <span class='ocrx_word' id='word_1_227' title='bbox 919 2347 970 2378; x_wconf 74' lang='lat' dir='ltr'>hic</span> 
     </span>
     <span class='ocr_line' id='line_1_44' title="bbox 270 2395 947 2436; baseline -0.003 -6"><span class='ocrx_word' id='word_1_228' title='bbox 270 2402 300 2430; x_wconf 77' lang='lat' dir='ltr'>et</span> <span class='ocrx_word' id='word_1_229' title='bbox 317 2398 403 2429; x_wconf 77' lang='lat' dir='ltr'>natis</span> <span class='ocrx_word' id='word_1_230' title='bbox 427 2400 519 2436; x_wconf 81' lang='lat' dir='ltr'>atque</span> <span class='ocrx_word' id='word_1_231' title='bbox 533 2395 683 2426; x_wconf 78' lang='lat' dir='ltr'>uxoribus</span> <span class='ocrx_word' id='word_1_232' title='bbox 698 2405 788 2428; x_wconf 82' lang='lat' dir='ltr'>unus.</span> <span class='ocrx_word' id='word_1_233' title='bbox 811 2397 947 2428; x_wconf 85' lang='lat' dir='ltr'>Morell.</span> 
     </span>
    </p>

    <p class='ocr_par' dir='ltr' id='par_1_6' title="bbox 268 2444 971 2724">
     <span class='ocr_line' id='line_1_45' title="bbox 311 2444 970 2486; baseline -0.002 -7"><span class='ocrx_word' id='word_1_234' title='bbox 311 2450 351 2479; x_wconf 87' lang='grc'>67</span> <span class='ocrx_word' id='word_1_235' title='bbox 386 2446 514 2478; x_wconf 62' lang='lat' dir='ltr'>Albensi</span> <span class='ocrx_word' id='word_1_236' title='bbox 539 2444 668 2484; x_wconf 76' lang='lat' dir='ltr'>amictu]</span> <span class='ocrx_word' id='word_1_237' title='bbox 702 2445 828 2476; x_wconf 89' lang='lat' dir='ltr'>Puram</span> <span class='ocrx_word' id='word_1_238' title='bbox 854 2450 970 2486; x_wconf 84' lang='lat' dir='ltr'>togam</span> 
     </span>
     <span class='ocr_line' id='line_1_46' title="bbox 269 2493 970 2537; baseline 0 -9"><span class='ocrx_word' id='word_1_239' title='bbox 269 2496 446 2537; x_wconf 81' lang='lat' dir='ltr'>intelligit,</span> <span class='ocrx_word' id='word_1_240' title='bbox 476 2504 552 2536; x_wconf 84' lang='lat' dir='ltr'>quae</span> <span class='ocrx_word' id='word_1_241' title='bbox 577 2493 674 2525; x_wconf 88' lang='lat' dir='ltr'>initio</span> <span class='ocrx_word' id='word_1_242' title='bbox 691 2494 848 2535; x_wconf 84' lang='lat' dir='ltr'>juveutae</span> <span class='ocrx_word' id='word_1_243' title='bbox 865 2496 970 2528; x_wconf 82' lang='lat' dir='ltr'>daba-</span> 
     </span>
     <span class='ocr_line' id='line_1_47' title="bbox 271 2543 970 2585; baseline -0.001 -8"><span class='ocrx_word' id='word_1_244' title='bbox 271 2551 340 2584; x_wconf 85' lang='lat' dir='ltr'>tur,</span> <span class='ocrx_word' id='word_1_245' title='bbox 354 2544 444 2585; x_wconf 88' lang='lat' dir='ltr'>quod</span> <span class='ocrx_word' id='word_1_246' title='bbox 471 2553 548 2575; x_wconf 89' lang='lat' dir='ltr'>cum</span> <span class='ocrx_word' id='word_1_247' title='bbox 570 2552 613 2574; x_wconf 85' lang='lat' dir='ltr'>ex</span> <span class='ocrx_word' id='word_1_248' title='bbox 637 2543 711 2574; x_wconf 86' lang='lat' dir='ltr'>aliis</span> <span class='ocrx_word' id='word_1_249' title='bbox 733 2545 970 2584; x_wconf 86' lang='lat' dir='ltr'>monumentis,</span> 
     </span>
     <span class='ocr_line' id='line_1_48' title="bbox 272 2592 970 2634; baseline -0.001 -8"><span class='ocrx_word' id='word_1_250' title='bbox 272 2601 343 2628; x_wconf 90' lang='lat' dir='ltr'>tum</span> <span class='ocrx_word' id='word_1_251' title='bbox 375 2603 418 2624; x_wconf 85' lang='lat' dir='ltr'>ex</span> <span class='ocrx_word' id='word_1_252' title='bbox 444 2592 620 2624; x_wconf 81' lang='lat' dir='ltr'>Ciceronis</span> <span class='ocrx_word' id='word_1_253' title='bbox 649 2592 762 2623; x_wconf 88' lang='lat' dir='ltr'>verbis</span> <span class='ocrx_word' id='word_1_254' title='bbox 786 2602 970 2634; x_wconf 84' lang='lat' dir='ltr'>agnoscas;</span> 
     </span>
     <span class='ocr_line' id='line_1_49' title="bbox 272 2641 971 2683; baseline -0.001 -6"><span class='ocrx_word' id='word_1_255' title='bbox 272 2644 329 2677; x_wconf 92' lang='lat' dir='ltr'>ubi</span> <span class='ocrx_word' id='word_1_256' title='bbox 348 2643 396 2674; x_wconf 87' lang='lat' dir='ltr'>ait</span> <span class='ocrx_word' id='word_1_257' title='bbox 411 2652 446 2673; x_wconf 88' lang='lat' dir='ltr'>se</span> <span class='ocrx_word' id='word_1_258' title='bbox 460 2641 629 2683; x_wconf 83' lang='lat' dir='ltr'>cogitasse</span> <span class='ocrx_word' id='word_1_259' title='bbox 646 2641 688 2673; x_wconf 90' lang='lat' dir='ltr'>de</span> <span class='ocrx_word' id='word_1_260' title='bbox 706 2646 789 2682; x_wconf 87' lang='lat' dir='ltr'>toga</span> <span class='ocrx_word' id='word_1_261' title='bbox 803 2652 887 2683; x_wconf 88' lang='lat' dir='ltr'>pura</span> <span class='ocrx_word' id='word_1_262' title='bbox 902 2648 971 2676; x_wconf 83' lang='lat' dir='ltr'>tra-</span> 
     </span>
     <span class='ocr_line' id='line_1_50' title="bbox 268 2689 844 2724; baseline 0 0"><span class='ocrx_word' id='word_1_263' title='bbox 268 2692 386 2724; x_wconf 86' lang='lat' dir='ltr'>denda</span> <span class='ocrx_word' id='word_1_264' title='bbox 399 2690 558 2723; x_wconf 86' lang='lat' dir='ltr'>Ciceroni</span> <span class='ocrx_word' id='word_1_265' title='bbox 567 2689 650 2723; x_wconf 84' lang='lat' dir='ltr'>filio.</span> <span class='ocrx_word' id='word_1_266' title='bbox 672 2691 844 2724; x_wconf 71' lang='lat' dir='ltr'>Domitius.</span> 
     </span>
    </p>

    <p class='ocr_par' dir='ltr' id='par_1_7' title="bbox 311 2740 971 2785">
     <span class='ocr_line' id='line_1_51' title="bbox 311 2740 971 2785; baseline 0.003 -10"><span class='ocrx_word' id='word_1_267' title='bbox 311 2745 357 2775; x_wconf 82' lang='grc'>’74</span> <span class='ocrx_word' id='word_1_268' title='bbox 379 2741 532 2774; x_wconf 76' lang='lat' dir='ltr'>Luxurioe</span> <span class='ocrx_word' id='word_1_269' title='bbox 558 2740 675 2783; x_wconf 80' lang='lat' dir='ltr'>confine</span> <span class='ocrx_word' id='word_1_270' title='bbox 707 2743 829 2785; x_wconf 80' lang='lat' dir='ltr'>tenens]</span> <span class='ocrx_word' id='word_1_271' title='bbox 865 2742 971 2777; x_wconf 84' lang='lat' dir='ltr'>Nihili</span> 
     </span>
    </p>
   </div>
   <div class='ocr_carea' id='block_1_3' title="bbox 718 209 1245 242">
    <p class='ocr_par' dir='ltr' id='par_1_8' title="bbox 718 209 1245 242">
     <span class='ocr_line' id='line_1_52' title="bbox 718 209 1245 242; baseline 0.002 -1"><span class='ocrx_word' id='word_1_272' title='bbox 718 210 861 242; x_wconf 77' lang='lat' dir='ltr'>NOTAE</span> <span class='ocrx_word' id='word_1_273' title='bbox 892 209 1158 242; x_wconf 77' lang='lat' dir='ltr'>VARIORUM</span> <span class='ocrx_word' id='word_1_274' title='bbox 1191 210 1245 242; x_wconf 78' lang='lat' dir='ltr'>IN</span> 
     </span>
    </p>
   </div>
   <div class='ocr_carea' id='block_1_4' title="bbox 1000 301 1760 2038">
    <p class='ocr_par' dir='ltr' id='par_1_9' title="bbox 1000 301 1711 990">
     <span class='ocr_line' id='line_1_53' title="bbox 1002 301 1702 344; baseline 0.003 -9"><span class='ocrx_word' id='word_1_275' title='bbox 1002 302 1120 336; x_wconf 76' lang='lat' dir='ltr'>lectio.</span> <span class='ocrx_word' id='word_1_276' title='bbox 1166 303 1316 335; x_wconf 75' lang='lat' dir='ltr'>Prorsus</span> <span class='ocrx_word' id='word_1_277' title='bbox 1356 302 1523 344; x_wconf 85' lang='lat' dir='ltr'>scriptum</span> <span class='ocrx_word' id='word_1_278' title='bbox 1554 301 1702 343; x_wconf 65' lang='lat' dir='ltr'>Papini·</span> 
     </span>
     <span class='ocr_line' id='line_1_54' title="bbox 1001 350 1702 394; baseline -0.001 -10"><span class='ocrx_word' id='word_1_279' title='bbox 1001 352 1118 394; x_wconf 78' lang='lat' dir='ltr'>confine</span> <span class='ocrx_word' id='word_1_280' title='bbox 1147 352 1269 394; x_wconf 76' lang='lat' dir='ltr'>timens,</span> <span class='ocrx_word' id='word_1_281' title='bbox 1297 361 1341 384; x_wconf 90' lang='lat' dir='ltr'>ne</span> <span class='ocrx_word' id='word_1_282' title='bbox 1367 351 1426 384; x_wconf 89' lang='lat' dir='ltr'>illo</span> <span class='ocrx_word' id='word_1_283' title='bbox 1447 350 1613 384; x_wconf 83' lang='lat' dir='ltr'>videlicet</span> <span class='ocrx_word' id='word_1_284' title='bbox 1634 354 1702 384; x_wconf 69' lang='lat' dir='ltr'>tan</span> 
     </span>
     <span class='ocr_line' id='line_1_55' title="bbox 1002 400 1704 443; baseline -0.001 -10"><span class='ocrx_word' id='word_1_285' title='bbox 1002 401 1119 434; x_wconf 87' lang='lat' dir='ltr'>vicino</span> <span class='ocrx_word' id='word_1_286' title='bbox 1148 402 1234 434; x_wconf 89' lang='lat' dir='ltr'>vitio</span> <span class='ocrx_word' id='word_1_287' title='bbox 1259 401 1482 443; x_wconf 78' lang='lat' dir='ltr'>mergeretur.</span> <span class='ocrx_word' id='word_1_288' title='bbox 1534 400 1704 442; x_wconf 82' lang='lat' dir='ltr'>Exemplo</span> 
     </span>
     <span class='ocr_line' id='line_1_56' title="bbox 1003 449 1706 483; baseline -0.001 0"><span class='ocrx_word' id='word_1_289' title='bbox 1003 451 1092 483; x_wconf 90' lang='lat' dir='ltr'>illius</span> <span class='ocrx_word' id='word_1_290' title='bbox 1129 451 1350 483; x_wconf 86' lang='lat' dir='ltr'>Maroniani:</span> <span class='ocrx_word' id='word_1_291' title='bbox 1389 453 1400 469; x_wconf 79' lang='lat'><strong>⁴</strong></span> <span class='ocrx_word' id='word_1_292' title='bbox 1418 449 1540 482; x_wconf 86' lang='lat' dir='ltr'>Arctos</span> <span class='ocrx_word' id='word_1_293' title='bbox 1571 449 1706 482; x_wconf 77' lang='lat' dir='ltr'>Oceani</span> 
     </span>
     <span class='ocr_line' id='line_1_57' title="bbox 1002 498 1706 542; baseline -0.003 -10"><span class='ocrx_word' id='word_1_294' title='bbox 1002 505 1196 533; x_wconf 84' lang='lat' dir='ltr'>metuentes</span> <span class='ocrx_word' id='word_1_295' title='bbox 1220 509 1358 542; x_wconf 83' lang='lat' dir='ltr'>aequore</span> <span class='ocrx_word' id='word_1_296' title='bbox 1374 498 1486 539; x_wconf 60' lang='lat' dir='ltr'>tingi?</span> <span class='ocrx_word' id='word_1_297' title='bbox 1531 498 1625 531; x_wconf 84' lang='lat' dir='ltr'>Nihil</span> <span class='ocrx_word' id='word_1_298' title='bbox 1649 507 1706 530; x_wconf 76' lang='lat' dir='ltr'>ve-</span> 
     </span>
     <span class='ocr_line' id='line_1_58' title="bbox 1003 547 1708 591; baseline -0.001 -10"><span class='ocrx_word' id='word_1_299' title='bbox 1003 549 1088 590; x_wconf 84' lang='lat' dir='ltr'>rius,</span> <span class='ocrx_word' id='word_1_300' title='bbox 1108 559 1210 591; x_wconf 88' lang='lat' dir='ltr'>quam</span> <span class='ocrx_word' id='word_1_301' title='bbox 1233 550 1284 581; x_wconf 91' lang='lat' dir='ltr'>sic</span> <span class='ocrx_word' id='word_1_302' title='bbox 1309 549 1487 590; x_wconf 79' lang='lat' dir='ltr'>scripsisse</span> <span class='ocrx_word' id='word_1_303' title='bbox 1512 547 1708 590; x_wconf 77' lang='lat' dir='ltr'>Papinitun.</span> 
     </span>
     <span class='ocr_line' id='line_1_59' title="bbox 1003 597 1707 640; baseline 0 -10"><span class='ocrx_word' id='word_1_304' title='bbox 1003 598 1072 630; x_wconf 89' lang='lat' dir='ltr'>Sed</span> <span class='ocrx_word' id='word_1_305' title='bbox 1108 604 1145 630; x_wconf 87' lang='lat' dir='ltr'>et</span> <span class='ocrx_word' id='word_1_306' title='bbox 1175 598 1379 640; x_wconf 79' lang='lat' dir='ltr'>simpliciter</span> <span class='ocrx_word' id='word_1_307' title='bbox 1407 597 1528 630; x_wconf 87' lang='lat' dir='ltr'>melior</span> <span class='ocrx_word' id='word_1_308' title='bbox 1555 602 1609 630; x_wconf 75' lang='lat' dir='ltr'>est</span> <span class='ocrx_word' id='word_1_309' title='bbox 1637 597 1707 630; x_wconf 74' lang='lat' dir='ltr'>ista</span> 
     </span>
     <span class='ocr_line' id='line_1_60' title="bbox 1000 645 1708 690; baseline -0.001 -10"><span class='ocrx_word' id='word_1_310' title='bbox 1000 649 1188 690; x_wconf 83' lang='lat' dir='ltr'>scriptura,</span> <span class='ocrx_word' id='word_1_311' title='bbox 1213 658 1291 690; x_wconf 82' lang='lat' dir='ltr'>quae</span> <span class='ocrx_word' id='word_1_312' title='bbox 1313 647 1396 689; x_wconf 85' lang='lat' dir='ltr'>ipsis</span> <span class='ocrx_word' id='word_1_313' title='bbox 1421 645 1576 680; x_wconf 84' lang='lat' dir='ltr'>confiniis</span> <span class='ocrx_word' id='word_1_314' title='bbox 1601 645 1708 680; x_wconf 80' lang='lat' dir='ltr'>absti-</span> 
     </span>
     <span class='ocr_line' id='line_1_61' title="bbox 1003 697 1706 739; baseline -0.001 -9"><span class='ocrx_word' id='word_1_315' title='bbox 1003 697 1120 730; x_wconf 79' lang='lat' dir='ltr'>nuisse</span> <span class='ocrx_word' id='word_1_316' title='bbox 1134 697 1221 730; x_wconf 89' lang='lat' dir='ltr'>dicit</span> <span class='ocrx_word' id='word_1_317' title='bbox 1247 697 1455 739; x_wconf 88' lang='lat' dir='ltr'>Crispinum,</span> <span class='ocrx_word' id='word_1_318' title='bbox 1471 706 1548 729; x_wconf 87' lang='lat' dir='ltr'>cum</span> <span class='ocrx_word' id='word_1_319' title='bbox 1570 697 1630 739; x_wconf 89' lang='lat' dir='ltr'>qui</span> <span class='ocrx_word' id='word_1_320' title='bbox 1651 705 1706 729; x_wconf 87' lang='lat' dir='ltr'>se-</span> 
     </span>
     <span class='ocr_line' id='line_1_62' title="bbox 1005 747 1707 789; baseline 0 -10"><span class='ocrx_word' id='word_1_321' title='bbox 1005 748 1073 779; x_wconf 89' lang='lat' dir='ltr'>mel</span> <span class='ocrx_word' id='word_1_322' title='bbox 1092 757 1134 779; x_wconf 83' lang='lat' dir='ltr'>ea</span> <span class='ocrx_word' id='word_1_323' title='bbox 1159 747 1234 788; x_wconf 85' lang='lat' dir='ltr'>ipsa</span> <span class='ocrx_word' id='word_1_324' title='bbox 1257 752 1390 789; x_wconf 83' lang='lat' dir='ltr'>tangat,</span> <span class='ocrx_word' id='word_1_325' title='bbox 1407 756 1547 788; x_wconf 80' lang='lat' dir='ltr'>perraro</span> <span class='ocrx_word' id='word_1_326' title='bbox 1560 756 1629 779; x_wconf 81' lang='lat' dir='ltr'>uon</span> <span class='ocrx_word' id='word_1_327' title='bbox 1649 755 1707 780; x_wconf 74' lang='lat' dir='ltr'>cn-</span> 
     </span>
     <span class='ocr_line' id='line_1_63' title="bbox 1006 796 1709 838; baseline 0 -10"><span class='ocrx_word' id='word_1_328' title='bbox 1006 798 1122 838; x_wconf 87' lang='lat' dir='ltr'>piatur</span> <span class='ocrx_word' id='word_1_329' title='bbox 1134 807 1155 829; x_wconf 89' lang='lat' dir='ltr'>a</span> <span class='ocrx_word' id='word_1_330' title='bbox 1166 796 1258 829; x_wconf 85' lang='lat' dir='ltr'>foedo</span> <span class='ocrx_word' id='word_1_331' title='bbox 1271 796 1329 829; x_wconf 92' lang='lat' dir='ltr'>illo</span> <span class='ocrx_word' id='word_1_332' title='bbox 1343 799 1506 829; x_wconf 87' lang='lat' dir='ltr'>monstro.</span> <span class='ocrx_word' id='word_1_333' title='bbox 1548 796 1709 829; x_wconf 82' lang='lat' dir='ltr'>Nitorem</span> 
     </span>
     <span class='ocr_line' id='line_1_64' title="bbox 1007 845 1707 888; baseline 0.001 -10"><span class='ocrx_word' id='word_1_334' title='bbox 1007 856 1070 888; x_wconf 90' lang='lat' dir='ltr'>pro</span> <span class='ocrx_word' id='word_1_335' title='bbox 1086 846 1267 888; x_wconf 86' lang='lat' dir='ltr'>splendore</span> <span class='ocrx_word' id='word_1_336' title='bbox 1283 846 1378 887; x_wconf 80' lang='lat' dir='ltr'>vitae,</span> <span class='ocrx_word' id='word_1_337' title='bbox 1399 845 1543 879; x_wconf 75' lang='lat' dir='ltr'>luxuriae</span> <span class='ocrx_word' id='word_1_338' title='bbox 1563 855 1631 879; x_wconf 82' lang='lat' dir='ltr'>non</span> <span class='ocrx_word' id='word_1_339' title='bbox 1649 855 1707 879; x_wconf 76' lang='lat' dir='ltr'>ce-</span> 
     </span>
     <span class='ocr_line' id='line_1_65' title="bbox 1007 895 1711 938; baseline -0.001 -10"><span class='ocrx_word' id='word_1_340' title='bbox 1007 896 1125 937; x_wconf 85' lang='lat' dir='ltr'>dente,</span> <span class='ocrx_word' id='word_1_341' title='bbox 1154 905 1267 938; x_wconf 89' lang='lat' dir='ltr'>neque</span> <span class='ocrx_word' id='word_1_342' title='bbox 1300 895 1447 928; x_wconf 82' lang='lat' dir='ltr'>avaritia</span> <span class='ocrx_word' id='word_1_343' title='bbox 1474 896 1581 935; x_wconf 88' lang='lat' dir='ltr'>victo,</span> <span class='ocrx_word' id='word_1_344' title='bbox 1605 905 1711 938; x_wconf 79' lang='lat' dir='ltr'>supra</span> 
     </span>
     <span class='ocr_line' id='line_1_66' title="bbox 1007 948 1475 990; baseline 0 -10"><span class='ocrx_word' id='word_1_345' title='bbox 1007 958 1074 981; x_wconf 91' lang='lat' dir='ltr'>non</span> <span class='ocrx_word' id='word_1_346' title='bbox 1088 950 1195 981; x_wconf 82' lang='lat' dir='ltr'>semel</span> <span class='ocrx_word' id='word_1_347' title='bbox 1207 949 1334 990; x_wconf 84' lang='lat' dir='ltr'>posuit.</span> <span class='ocrx_word' id='word_1_348' title='bbox 1355 948 1475 981; x_wconf 71' lang='lat' dir='ltr'>Barth.</span> 
     </span>
    </p>

    <p class='ocr_par' dir='ltr' id='par_1_10' title="bbox 1008 997 1710 1133">
     <span class='ocr_line' id='line_1_67' title="bbox 1049 997 1710 1040; baseline 0.002 -10"><span class='ocrx_word' id='word_1_349' title='bbox 1049 1001 1090 1030; x_wconf 84' lang='grc'>75</span> <span class='ocrx_word' id='word_1_350' title='bbox 1114 999 1321 1040; x_wconf 79' lang='lat' dir='ltr'>Dispensata]</span> <span class='ocrx_word' id='word_1_351' title='bbox 1344 998 1455 1032; x_wconf 78' lang='lat' dir='ltr'>Quam</span> <span class='ocrx_word' id='word_1_352' title='bbox 1471 1006 1534 1039; x_wconf 85' lang='lat' dir='ltr'>pro</span> <span class='ocrx_word' id='word_1_353' title='bbox 1551 997 1634 1039; x_wconf 85' lang='lat' dir='ltr'>jure</span> <span class='ocrx_word' id='word_1_354' title='bbox 1648 1007 1710 1031; x_wconf 81' lang='lat' dir='ltr'>suo</span> 
     </span>
     <span class='ocr_line' id='line_1_68' title="bbox 1008 1048 1709 1091; baseline 0 -11"><span class='ocrx_word' id='word_1_355' title='bbox 1008 1049 1193 1091; x_wconf 87' lang='lat' dir='ltr'>unicuique</span> <span class='ocrx_word' id='word_1_356' title='bbox 1214 1053 1347 1080; x_wconf 90' lang='lat' dir='ltr'>tuorum</span> <span class='ocrx_word' id='word_1_357' title='bbox 1360 1048 1626 1081; x_wconf 84' lang='lat' dir='ltr'>domesticorum</span> <span class='ocrx_word' id='word_1_358' title='bbox 1640 1048 1709 1081; x_wconf 85' lang='lat' dir='ltr'>dis-</span> 
     </span>
     <span class='ocr_line' id='line_1_69' title="bbox 1009 1099 1286 1133; baseline -0.007 -1"><span class='ocrx_word' id='word_1_359' title='bbox 1009 1099 1147 1133; x_wconf 87' lang='lat' dir='ltr'>tribuis.</span> <span class='ocrx_word' id='word_1_360' title='bbox 1162 1099 1286 1131; x_wconf 78' lang='lat' dir='ltr'>Domit.</span> 
     </span>
    </p>

    <p class='ocr_par' dir='ltr' id='par_1_11' title="bbox 1008 1147 1760 2038">
     <span class='ocr_line' id='line_1_70' title="bbox 1051 1147 1710 1189; baseline 0 -8"><span class='ocrx_word' id='word_1_361' title='bbox 1051 1151 1095 1181; x_wconf 84' lang='grc'>76</span> <span class='ocrx_word' id='word_1_362' title='bbox 1117 1148 1306 1189; x_wconf 80' lang='lat' dir='ltr'>Miseroeque</span> <span class='ocrx_word' id='word_1_363' title='bbox 1333 1148 1493 1188; x_wconf 75' lang='lat' dir='ltr'>ignoscere</span> <span class='ocrx_word' id='word_1_364' title='bbox 1505 1147 1618 1189; x_wconf 73' lang='lat' dir='ltr'>matri]</span> <span class='ocrx_word' id='word_1_365' title='bbox 1631 1148 1710 1181; x_wconf 77' lang='lat' dir='ltr'>Non</span> 
     </span>
     <span class='ocr_line' id='line_1_71' title="bbox 1009 1198 1712 1240; baseline 0 -8"><span class='ocrx_word' id='word_1_366' title='bbox 1009 1199 1100 1232; x_wconf 85' lang='lat' dir='ltr'>bene</span> <span class='ocrx_word' id='word_1_367' title='bbox 1112 1199 1360 1233; x_wconf 86' lang='lat' dir='ltr'>bicDomitius.</span> <span class='ocrx_word' id='word_1_368' title='bbox 1405 1198 1607 1231; x_wconf 79' lang='lat' dir='ltr'>claudenda</span> <span class='ocrx_word' id='word_1_369' title='bbox 1632 1203 1712 1240; x_wconf 79' lang='lat' dir='ltr'>post</span> 
     </span>
     <span class='ocr_line' id='line_1_72' title="bbox 1008 1248 1708 1290; baseline 0 -9"><span class='ocrx_word' id='word_1_370' title='bbox 1008 1248 1047 1281; x_wconf 76' lang='grc' dir='ltr'>τὸ</span> <span class='ocrx_word' id='word_1_371' title='bbox 1067 1249 1164 1282; x_wconf 67' lang='lat' dir='ltr'>matri</span> <span class='ocrx_word' id='word_1_372' title='bbox 1181 1248 1356 1290; x_wconf 85' lang='lat' dir='ltr'>periodus,</span> <span class='ocrx_word' id='word_1_373' title='bbox 1380 1252 1417 1280; x_wconf 86' lang='lat' dir='ltr'>et</span> <span class='ocrx_word' id='word_1_374' title='bbox 1437 1257 1531 1280; x_wconf 85' lang='lat' dir='ltr'>mens</span> <span class='ocrx_word' id='word_1_375' title='bbox 1546 1248 1621 1280; x_wconf 76' lang='lat' dir='ltr'>haec</span> <span class='ocrx_word' id='word_1_376' title='bbox 1635 1251 1708 1281; x_wconf 84' lang='lat' dir='ltr'>est:</span> 
     </span>
     <span class='ocr_line' id='line_1_73' title="bbox 1011 1298 1712 1339; baseline -0.001 -8"><span class='ocrx_word' id='word_1_377' title='bbox 1011 1308 1127 1331; x_wconf 90' lang='lat' dir='ltr'>omnes</span> <span class='ocrx_word' id='word_1_378' title='bbox 1137 1308 1294 1330; x_wconf 88' lang='lat' dir='ltr'>numeros</span> <span class='ocrx_word' id='word_1_379' title='bbox 1310 1298 1461 1339; x_wconf 89' lang='lat' dir='ltr'>pietatis,</span> <span class='ocrx_word' id='word_1_380' title='bbox 1469 1298 1638 1339; x_wconf 77' lang='lat' dir='ltr'>crispine,</span> <span class='ocrx_word' id='word_1_381' title='bbox 1650 1298 1712 1330; x_wconf 80' lang='lat' dir='ltr'>im-</span> 
     </span>
     <span class='ocr_line' id='line_1_74' title="bbox 1011 1348 1714 1390; baseline 0.001 -11"><span class='ocrx_word' id='word_1_382' title='bbox 1011 1349 1170 1390; x_wconf 87' lang='lat' dir='ltr'>plevisti:</span> <span class='ocrx_word' id='word_1_383' title='bbox 1195 1353 1295 1389; x_wconf 90' lang='lat' dir='ltr'>prout</span> <span class='ocrx_word' id='word_1_384' title='bbox 1320 1349 1419 1380; x_wconf 89' lang='lat' dir='ltr'>unius</span> <span class='ocrx_word' id='word_1_385' title='bbox 1443 1348 1609 1390; x_wconf 84' lang='lat' dir='ltr'>cujusque</span> <span class='ocrx_word' id='word_1_386' title='bbox 1634 1357 1714 1390; x_wconf 84' lang='lat' dir='ltr'>per·</span> 
     </span>
     <span class='ocr_line' id='line_1_75' title="bbox 1012 1398 1710 1440; baseline 0.001 -10"><span class='ocrx_word' id='word_1_387' title='bbox 1012 1409 1095 1431; x_wconf 85' lang='lat' dir='ltr'>sona</span> <span class='ocrx_word' id='word_1_388' title='bbox 1113 1398 1265 1440; x_wconf 92' lang='lat' dir='ltr'>ordoque</span> <span class='ocrx_word' id='word_1_389' title='bbox 1289 1398 1496 1440; x_wconf 82' lang='lat' dir='ltr'>requirebat,</span> <span class='ocrx_word' id='word_1_390' title='bbox 1511 1407 1593 1439; x_wconf 73' lang='lat' dir='ltr'>erga</span> <span class='ocrx_word' id='word_1_391' title='bbox 1616 1398 1710 1431; x_wconf 84' lang='lat' dir='ltr'>inum</span> 
     </span>
     <span class='ocr_line' id='line_1_76' title="bbox 1013 1447 1713 1491; baseline 0.001 -11"><span class='ocrx_word' id='word_1_392' title='bbox 1013 1454 1183 1490; x_wconf 77' lang='lat' dir='ltr'>grassatus</span> <span class='ocrx_word' id='word_1_393' title='bbox 1214 1458 1264 1481; x_wconf 81' lang='lat' dir='ltr'>cs.</span> <span class='ocrx_word' id='word_1_394' title='bbox 1316 1449 1374 1481; x_wconf 89' lang='lat' dir='ltr'>Sic</span> <span class='ocrx_word' id='word_1_395' title='bbox 1401 1447 1544 1481; x_wconf 84' lang='lat' dir='ltr'>fratrem</span> <span class='ocrx_word' id='word_1_396' title='bbox 1574 1448 1713 1491; x_wconf 81' lang='lat' dir='ltr'>quidem</span> 
     </span>
     <span class='ocr_line' id='line_1_77' title="bbox 1013 1498 1716 1540; baseline -0.003 -10"><span class='ocrx_word' id='word_1_397' title='bbox 1013 1508 1200 1540; x_wconf 75' lang='lat' dir='ltr'>oequaevum</span> <span class='ocrx_word' id='word_1_398' title='bbox 1223 1498 1482 1539; x_wconf 78' lang='lat' dir='ltr'>anteponebas3</span> <span class='ocrx_word' id='word_1_399' title='bbox 1507 1503 1640 1539; x_wconf 78' lang='lat' dir='ltr'>patrem</span> <span class='ocrx_word' id='word_1_400' title='bbox 1656 1506 1716 1529; x_wconf 78' lang='lat' dir='ltr'>ve-</span> 
     </span>
     <span class='ocr_line' id='line_1_78' title="bbox 1013 1546 1715 1588; baseline 0.001 -9"><span class='ocrx_word' id='word_1_401' title='bbox 1013 1548 1206 1587; x_wconf 82' lang='lat' dir='ltr'>nerabaris3</span> <span class='ocrx_word' id='word_1_402' title='bbox 1219 1546 1352 1580; x_wconf 82' lang='lat' dir='ltr'>infelici</span> <span class='ocrx_word' id='word_1_403' title='bbox 1364 1553 1479 1579; x_wconf 84' lang='lat' dir='ltr'>autem</span> <span class='ocrx_word' id='word_1_404' title='bbox 1491 1547 1592 1579; x_wconf 89' lang='lat' dir='ltr'>matri</span> <span class='ocrx_word' id='word_1_405' title='bbox 1602 1547 1715 1588; x_wconf 74' lang='lat' dir='ltr'>ignos-</span> 
     </span>
     <span class='ocr_line' id='line_1_79' title="bbox 1014 1596 1713 1630; baseline 0.001 -1"><span class='ocrx_word' id='word_1_406' title='bbox 1014 1598 1128 1630; x_wconf 83' lang='lat' dir='ltr'>cebas.</span> <span class='ocrx_word' id='word_1_407' title='bbox 1171 1597 1242 1629; x_wconf 91' lang='lat' dir='ltr'>Hei</span> <span class='ocrx_word' id='word_1_408' title='bbox 1265 1597 1369 1630; x_wconf 85' lang='lat' dir='ltr'>mihi!</span> <span class='ocrx_word' id='word_1_409' title='bbox 1393 1597 1448 1629; x_wconf 90' lang='lat' dir='ltr'>bic</span> <span class='ocrx_word' id='word_1_410' title='bbox 1463 1597 1571 1629; x_wconf 84' lang='lat' dir='ltr'>fatum</span> <span class='ocrx_word' id='word_1_411' title='bbox 1590 1596 1713 1630; x_wconf 80' lang='lat' dir='ltr'>domus</span> 
     </span>
     <span class='ocr_line' id='line_1_80' title="bbox 1014 1645 1714 1680; baseline 0 -1"><span class='ocrx_word' id='word_1_412' title='bbox 1014 1651 1140 1680; x_wconf 78' lang='lat' dir='ltr'>vestroe</span> <span class='ocrx_word' id='word_1_413' title='bbox 1170 1647 1287 1679; x_wconf 80' lang='lat' dir='ltr'>matris</span> <span class='ocrx_word' id='word_1_414' title='bbox 1316 1647 1490 1678; x_wconf 89' lang='lat' dir='ltr'>mentione</span> <span class='ocrx_word' id='word_1_415' title='bbox 1515 1645 1613 1679; x_wconf 79' lang='lat' dir='ltr'>saeta</span> <span class='ocrx_word' id='word_1_416' title='bbox 1641 1646 1714 1679; x_wconf 83' lang='lat' dir='ltr'>ani-</span> 
     </span>
     <span class='ocr_line' id='line_1_81' title="bbox 1013 1696 1715 1739; baseline -0.001 -10"><span class='ocrx_word' id='word_1_417' title='bbox 1013 1708 1104 1730; x_wconf 90' lang='lat' dir='ltr'>mum</span> <span class='ocrx_word' id='word_1_418' title='bbox 1133 1707 1246 1729; x_wconf 87' lang='lat' dir='ltr'>meum</span> <span class='ocrx_word' id='word_1_419' title='bbox 1277 1697 1410 1729; x_wconf 88' lang='lat' dir='ltr'>ulcerat</span> <span class='ocrx_word' id='word_1_420' title='bbox 1434 1696 1648 1739; x_wconf 71' lang='lat' dir='ltr'>pangitque:</span> <span class='ocrx_word' id='word_1_421' title='bbox 1671 1697 1715 1728; x_wconf 91' lang='lat' dir='ltr'>ti·</span> 
     </span>
     <span class='ocr_line' id='line_1_82' title="bbox 1013 1748 1760 1788; baseline -0.003 -8"><span class='ocrx_word' id='word_1_422' title='bbox 1013 1748 1094 1780; x_wconf 88' lang='lat' dir='ltr'>bine</span> <span class='ocrx_word' id='word_1_423' title='bbox 1117 1748 1176 1779; x_wconf 88' lang='lat' dir='ltr'>illa</span> <span class='ocrx_word' id='word_1_424' title='bbox 1200 1751 1391 1788; x_wconf 87' lang='lat' dir='ltr'>temperare</span> <span class='ocrx_word' id='word_1_425' title='bbox 1415 1756 1518 1778; x_wconf 85' lang='lat' dir='ltr'>mauu</span> <span class='ocrx_word' id='word_1_426' title='bbox 1539 1756 1599 1778; x_wconf 83' lang='lat' dir='ltr'>sua</span> <span class='ocrx_word' id='word_1_427' title='bbox 1614 1755 1715 1778; x_wconf 78' lang='lat' dir='ltr'>vene-</span> <span class='ocrx_word' id='word_1_428' title='bbox 1757 1748 1760 1749; x_wconf 50' lang='lat'><em>⁷</em></span> 
     </span>
     <span class='ocr_line' id='line_1_83' title="bbox 1014 1797 1716 1839; baseline -0.003 -7"><span class='ocrx_word' id='word_1_429' title='bbox 1014 1809 1095 1832; x_wconf 87' lang='lat' dir='ltr'>num</span> <span class='ocrx_word' id='word_1_430' title='bbox 1118 1798 1305 1831; x_wconf 83' lang='lat' dir='ltr'>sustinuit?</span> <span class='ocrx_word' id='word_1_431' title='bbox 1321 1800 1387 1830; x_wconf 69' lang='grc' dir='ltr'>ὅτε.</span> <span class='ocrx_word' id='word_1_432' title='bbox 1431 1797 1488 1830; x_wconf 87' lang='lat' dir='ltr'>Ita</span> <span class='ocrx_word' id='word_1_433' title='bbox 1512 1797 1659 1839; x_wconf 78' lang='lat' dir='ltr'>abrupta</span> <span class='ocrx_word' id='word_1_434' title='bbox 1677 1802 1716 1830; x_wconf 89' lang='lat' dir='ltr'>et</span> 
     </span>
     <span class='ocr_line' id='line_1_84' title="bbox 1015 1847 1715 1890; baseline -0.004 -9"><span class='ocrx_word' id='word_1_435' title='bbox 1015 1849 1160 1890; x_wconf 81' lang='lat' dir='ltr'>praecisa</span> <span class='ocrx_word' id='word_1_436' title='bbox 1174 1848 1248 1879; x_wconf 79' lang='lat' dir='ltr'>haec</span> <span class='ocrx_word' id='word_1_437' title='bbox 1263 1847 1386 1888; x_wconf 85' lang='lat' dir='ltr'>oratio,</span> <span class='ocrx_word' id='word_1_438' title='bbox 1399 1850 1437 1880; x_wconf 85' lang='lat' dir='ltr'>ut</span> <span class='ocrx_word' id='word_1_439' title='bbox 1460 1856 1619 1889; x_wconf 84' lang='lat' dir='ltr'>magnam</span> <span class='ocrx_word' id='word_1_440' title='bbox 1638 1856 1715 1889; x_wconf 82' lang='lat' dir='ltr'>per-</span> 
     </span>
     <span class='ocr_line' id='line_1_85' title="bbox 1015 1896 1716 1939; baseline 0 -9"><span class='ocrx_word' id='word_1_441' title='bbox 1015 1897 1245 1930; x_wconf 85' lang='lat' dir='ltr'>turbationem</span> <span class='ocrx_word' id='word_1_442' title='bbox 1271 1896 1420 1938; x_wconf 85' lang='lat' dir='ltr'>figuret:</span> <span class='ocrx_word' id='word_1_443' title='bbox 1443 1897 1476 1928; x_wconf 91' lang='lat' dir='ltr'>in</span> <span class='ocrx_word' id='word_1_444' title='bbox 1505 1907 1573 1939; x_wconf 82' lang='lat' dir='ltr'>qua</span> <span class='ocrx_word' id='word_1_445' title='bbox 1600 1897 1716 1939; x_wconf 80' lang='lat' dir='ltr'>expri-</span> 
     </span>
     <span class='ocr_line' id='line_1_86' title="bbox 1015 1947 1716 1988; baseline 0 -8"><span class='ocrx_word' id='word_1_446' title='bbox 1015 1948 1139 1980; x_wconf 89' lang='lat' dir='ltr'>menda</span> <span class='ocrx_word' id='word_1_447' title='bbox 1159 1947 1291 1979; x_wconf 79' lang='lat' dir='ltr'>divinus</span> <span class='ocrx_word' id='word_1_448' title='bbox 1308 1948 1412 1988; x_wconf 86' lang='lat' dir='ltr'>plane</span> <span class='ocrx_word' id='word_1_449' title='bbox 1431 1947 1562 1980; x_wconf 85' lang='lat' dir='ltr'>Statius</span> <span class='ocrx_word' id='word_1_450' title='bbox 1588 1952 1716 1980; x_wconf 82' lang='lat' dir='ltr'>noster.</span> 
     </span>
     <span class='ocr_line' id='line_1_87' title="bbox 1015 1997 1716 2038; baseline 0.001 -9"><span class='ocrx_word' id='word_1_451' title='bbox 1015 1998 1025 2016; x_wconf 91' lang='lat'>‘</span> <span class='ocrx_word' id='word_1_452' title='bbox 1035 1997 1232 2029; x_wconf 82' lang='lat' dir='ltr'>Admonere</span> <span class='ocrx_word' id='word_1_453' title='bbox 1243 1997 1252 2011; x_wconf 88' lang='lat'>’</span> <span class='ocrx_word' id='word_1_454' title='bbox 1265 2006 1334 2029; x_wconf 89' lang='lat' dir='ltr'>non</span> <span class='ocrx_word' id='word_1_455' title='bbox 1348 1997 1496 2038; x_wconf 88' lang='lat' dir='ltr'>protrita</span> <span class='ocrx_word' id='word_1_456' title='bbox 1515 1998 1652 2030; x_wconf 86' lang='lat' dir='ltr'>notione</span> <span class='ocrx_word' id='word_1_457' title='bbox 1666 1997 1716 2030; x_wconf 90' lang='lat' dir='ltr'>di-</span> 
     </span>
    </p>
   </div>
   <div class='ocr_carea' id='block_1_5' title="bbox 1016 2039 1789 2089">
    <p class='ocr_par' dir='ltr' id='par_1_12' title="bbox 1016 2039 1789 2089">
     <span class='ocr_line' id='line_1_88' title="bbox 1016 2039 1789 2089; baseline 0 -10"><span class='ocrx_word' id='word_1_458' title='bbox 1016 2047 1117 2088; x_wconf 87' lang='lat' dir='ltr'>citur,</span> <span class='ocrx_word' id='word_1_459' title='bbox 1141 2046 1301 2089; x_wconf 88' lang='lat' dir='ltr'>quicquid</span> <span class='ocrx_word' id='word_1_460' title='bbox 1315 2047 1425 2088; x_wconf 89' lang='lat' dir='ltr'>aliquo</span> <span class='ocrx_word' id='word_1_461' title='bbox 1441 2056 1517 2079; x_wconf 88' lang='lat' dir='ltr'>cum</span> <span class='ocrx_word' id='word_1_462' title='bbox 1532 2048 1651 2081; x_wconf 79' lang='lat' dir='ltr'>aculeo</span> <span class='ocrx_word' id='word_1_463' title='bbox 1665 2052 1716 2080; x_wconf 89' lang='lat' dir='ltr'>te·</span> <span class='ocrx_word' id='word_1_464' title='bbox 1780 2039 1789 2050; x_wconf 51' lang='lat'>⁸</span> 
     </span>
    </p>
   </div>
   <div class='ocr_carea' id='block_1_6' title="bbox 1015 2096 1721 2787">
    <p class='ocr_par' dir='ltr' id='par_1_13' title="bbox 1015 2096 1716 2229">
     <span class='ocr_line' id='line_1_89' title="bbox 1015 2096 1716 2138; baseline 0.001 -10"><span class='ocrx_word' id='word_1_465' title='bbox 1015 2097 1118 2138; x_wconf 91' lang='lat' dir='ltr'>loque</span> <span class='ocrx_word' id='word_1_466' title='bbox 1133 2096 1169 2127; x_wconf 90' lang='lat' dir='ltr'>in</span> <span class='ocrx_word' id='word_1_467' title='bbox 1188 2096 1385 2127; x_wconf 84' lang='lat' dir='ltr'>memoriam</span> <span class='ocrx_word' id='word_1_468' title='bbox 1407 2096 1511 2137; x_wconf 84' lang='lat' dir='ltr'>redit,</span> <span class='ocrx_word' id='word_1_469' title='bbox 1521 2100 1568 2136; x_wconf 90' lang='lat' dir='ltr'>et,</span> <span class='ocrx_word' id='word_1_470' title='bbox 1582 2101 1621 2129; x_wconf 89' lang='lat' dir='ltr'>ut</span> <span class='ocrx_word' id='word_1_471' title='bbox 1633 2096 1716 2129; x_wconf 86' lang='lat' dir='ltr'>Tul-</span> 
     </span>
     <span class='ocr_line' id='line_1_90' title="bbox 1017 2146 1716 2187; baseline 0.003 -9"><span class='ocrx_word' id='word_1_472' title='bbox 1017 2147 1081 2178; x_wconf 89' lang='lat' dir='ltr'>lius</span> <span class='ocrx_word' id='word_1_473' title='bbox 1096 2146 1156 2187; x_wconf 87' lang='lat' dir='ltr'>ait,</span> <span class='ocrx_word' id='word_1_474' title='bbox 1183 2148 1192 2165; x_wconf 94' lang='lat'>‘</span> <span class='ocrx_word' id='word_1_475' title='bbox 1206 2146 1354 2178; x_wconf 86' lang='lat' dir='ltr'>animum</span> <span class='ocrx_word' id='word_1_476' title='bbox 1369 2147 1534 2179; x_wconf 84' lang='lat' dir='ltr'>memoria</span> <span class='ocrx_word' id='word_1_477' title='bbox 1549 2146 1716 2181; x_wconf 69' lang='lat' dir='ltr'>refricat:</span> 
     </span>
     <span class='ocr_line' id='line_1_91' title="bbox 1018 2197 1404 2229; baseline 0.003 -1"><span class='ocrx_word' id='word_1_478' title='bbox 1018 2197 1160 2229; x_wconf 81' lang='lat' dir='ltr'>Gronov.</span> <span class='ocrx_word' id='word_1_479' title='bbox 1178 2197 1291 2229; x_wconf 81' lang='lat' dir='ltr'>Diatr.</span> <span class='ocrx_word' id='word_1_480' title='bbox 1305 2207 1334 2229; x_wconf 82' lang='lat' dir='ltr'>c.</span> <span class='ocrx_word' id='word_1_481' title='bbox 1348 2199 1404 2229; x_wconf 80' lang='lat'>49.</span> 
     </span>
    </p>

    <p class='ocr_par' dir='ltr' id='par_1_14' title="bbox 1018 2246 1721 2787">
     <span class='ocr_line' id='line_1_92' title="bbox 1060 2246 1715 2288; baseline 0.003 -10"><span class='ocrx_word' id='word_1_482' title='bbox 1060 2249 1102 2278; x_wconf 88' lang='grc'>81</span> <span class='ocrx_word' id='word_1_483' title='bbox 1124 2246 1282 2285; x_wconf 68' lang='grc' dir='ltr'><em>ΙπῙεειανε</em></span> <span class='ocrx_word' id='word_1_484' title='bbox 1300 2247 1397 2286; x_wconf 76' lang='lat' dir='ltr'>Juvat</span> <span class='ocrx_word' id='word_1_485' title='bbox 1410 2246 1540 2288; x_wconf 73' lang='lat' dir='ltr'>Manes]</span> <span class='ocrx_word' id='word_1_486' title='bbox 1561 2246 1642 2280; x_wconf 72' lang='lat' dir='ltr'>Hoc</span> <span class='ocrx_word' id='word_1_487' title='bbox 1654 2248 1715 2281; x_wconf 88' lang='lat' dir='ltr'>im-</span> 
     </span>
     <span class='ocr_line' id='line_1_93' title="bbox 1018 2295 1717 2338; baseline 0.004 -12"><span class='ocrx_word' id='word_1_488' title='bbox 1018 2296 1160 2337; x_wconf 82' lang='lat' dir='ltr'>pietatis</span> <span class='ocrx_word' id='word_1_489' title='bbox 1171 2296 1282 2336; x_wconf 87' lang='lat' dir='ltr'>arguit</span> <span class='ocrx_word' id='word_1_490' title='bbox 1297 2295 1400 2328; x_wconf 85' lang='lat' dir='ltr'>Hom.</span> <span class='ocrx_word' id='word_1_491' title='bbox 1419 2296 1501 2336; x_wconf 73' lang='lat' dir='ltr'>Ot&#39;tx&#39;</span> <span class='ocrx_word' id='word_1_492' title='bbox 1519 2295 1717 2338; x_wconf 65' lang='grc' dir='ltr'>ὅσιονφθιμί-</span> 
     </span>
     <span class='ocr_line' id='line_1_94' title="bbox 1018 2344 1717 2387; baseline -0.003 -9"><span class='ocrx_word' id='word_1_493' title='bbox 1018 2355 1113 2378; x_wconf 74' lang='grc' dir='ltr'>νοισιν</span> <span class='ocrx_word' id='word_1_494' title='bbox 1128 2345 1178 2376; x_wconf 76' lang='grc' dir='ltr'>ἐπ’</span> <span class='ocrx_word' id='word_1_495' title='bbox 1203 2344 1348 2387; x_wconf 62' lang='lat' dir='ltr'>&amp;voprem</span> <span class='ocrx_word' id='word_1_496' title='bbox 1368 2344 1585 2385; x_wconf 65' lang='grc' dir='ltr'>εὐχετάασθαι.</span> <span class='ocrx_word' id='word_1_497' title='bbox 1614 2347 1717 2386; x_wconf 68' lang='lat' dir='ltr'>Mes-</span> 
     </span>
     <span class='ocr_line' id='line_1_95' title="bbox 1019 2395 1718 2436; baseline 0.006 -10"><span class='ocrx_word' id='word_1_498' title='bbox 1019 2399 1086 2427; x_wconf 82' lang='lat' dir='ltr'>ture</span> <span class='ocrx_word' id='word_1_499' title='bbox 1100 2395 1199 2435; x_wconf 80' lang='lat' dir='ltr'>nefas,</span> <span class='ocrx_word' id='word_1_500' title='bbox 1214 2395 1328 2426; x_wconf 76' lang='lat' dir='ltr'>Manes</span> <span class='ocrx_word' id='word_1_501' title='bbox 1339 2404 1454 2426; x_wconf 79' lang='lat' dir='ltr'>vexare</span> <span class='ocrx_word' id='word_1_502' title='bbox 1467 2396 1614 2436; x_wconf 70' lang='lat' dir='ltr'>sepultos.</span> <span class='ocrx_word' id='word_1_503' title='bbox 1659 2397 1718 2430; x_wconf 74' lang='lat' dir='ltr'>Se-</span> 
     </span>
     <span class='ocr_line' id='line_1_96' title="bbox 1019 2445 1718 2487; baseline 0.003 -9"><span class='ocrx_word' id='word_1_504' title='bbox 1019 2456 1105 2478; x_wconf 89' lang='lat' dir='ltr'>neca</span> <span class='ocrx_word' id='word_1_505' title='bbox 1119 2446 1218 2487; x_wconf 83' lang='lat' dir='ltr'>Epig.</span> <span class='ocrx_word' id='word_1_506' title='bbox 1234 2454 1283 2479; x_wconf 81' lang='lat' dir='ltr'>vt.</span> <span class='ocrx_word' id='word_1_507' title='bbox 1323 2445 1334 2464; x_wconf 87' lang='lat'>‘</span> <span class='ocrx_word' id='word_1_508' title='bbox 1347 2445 1523 2486; x_wconf 80' lang='lat' dir='ltr'>stringere</span> <span class='ocrx_word' id='word_1_509' title='bbox 1534 2447 1569 2479; x_wconf 89' lang='lat' dir='ltr'>in</span> <span class='ocrx_word' id='word_1_510' title='bbox 1584 2448 1718 2480; x_wconf 87' lang='lat' dir='ltr'>extinc-</span> 
     </span>
     <span class='ocr_line' id='line_1_97' title="bbox 1021 2496 1717 2539; baseline 0.001 -10"><span class='ocrx_word' id='word_1_511' title='bbox 1021 2503 1092 2529; x_wconf 90' lang='lat' dir='ltr'>tum</span> <span class='ocrx_word' id='word_1_512' title='bbox 1120 2497 1191 2528; x_wconf 89' lang='lat' dir='ltr'>tela</span> <span class='ocrx_word' id='word_1_513' title='bbox 1220 2499 1365 2528; x_wconf 84' lang='lat' dir='ltr'>cruenta</span> <span class='ocrx_word' id='word_1_514' title='bbox 1392 2496 1521 2537; x_wconf 83' lang='lat' dir='ltr'>caput.&#39;</span> <span class='ocrx_word' id='word_1_515' title='bbox 1562 2498 1717 2539; x_wconf 64' lang='lat' dir='ltr'>Prema]</span> 
     </span>
     <span class='ocr_line' id='line_1_98' title="bbox 1022 2546 1720 2589; baseline 0.001 -11"><span class='ocrx_word' id='word_1_516' title='bbox 1022 2547 1272 2589; x_wconf 82' lang='lat' dir='ltr'>Imprecatione</span> <span class='ocrx_word' id='word_1_517' title='bbox 1293 2546 1389 2577; x_wconf 86' lang='lat' dir='ltr'>dira:</span> <span class='ocrx_word' id='word_1_518' title='bbox 1423 2546 1472 2577; x_wconf 84' lang='lat' dir='ltr'>ita</span> <span class='ocrx_word' id='word_1_519' title='bbox 1489 2547 1636 2588; x_wconf 80' lang='lat' dir='ltr'>Groecis,</span> <span class='ocrx_word' id='word_1_520' title='bbox 1661 2547 1720 2589; x_wconf 73' lang='grc' dir='ltr'>ἆρὰ</span> 
     </span>
     <span class='ocr_line' id='line_1_99' title="bbox 1022 2595 1718 2638; baseline 0.004 -11"><span class='ocrx_word' id='word_1_521' title='bbox 1022 2606 1084 2637; x_wconf 91' lang='lat' dir='ltr'>pro</span> <span class='ocrx_word' id='word_1_522' title='bbox 1107 2595 1238 2637; x_wconf 78' lang='grc' dir='ltr'>κατάρα,</span> <span class='ocrx_word' id='word_1_523' title='bbox 1254 2600 1291 2627; x_wconf 90' lang='lat' dir='ltr'>et</span> <span class='ocrx_word' id='word_1_524' title='bbox 1320 2595 1466 2635; x_wconf 76' lang='grc' dir='ltr'><strong><em>εὔχεσθαι</em></strong></span> <span class='ocrx_word' id='word_1_525' title='bbox 1491 2597 1626 2637; x_wconf 78' lang='lat' dir='ltr'>precari,</span> <span class='ocrx_word' id='word_1_526' title='bbox 1654 2607 1718 2638; x_wconf 84' lang='lat' dir='ltr'>pro</span> 
     </span>
     <span class='ocr_line' id='line_1_100' title="bbox 1021 2645 1719 2687; baseline 0.003 -9"><span class='ocrx_word' id='word_1_527' title='bbox 1021 2645 1218 2686; x_wconf 70' lang='grc' dir='ltr'><strong><em>ἐπεύχεσθαι,</em></strong></span> <span class='ocrx_word' id='word_1_528' title='bbox 1233 2646 1409 2687; x_wconf 74' lang='lat' dir='ltr'>imprecari.</span> <span class='ocrx_word' id='word_1_529' title='bbox 1434 2647 1644 2679; x_wconf 79' lang='lat' dir='ltr'>Philoctetes</span> <span class='ocrx_word' id='word_1_530' title='bbox 1660 2649 1719 2680; x_wconf 87' lang='lat' dir='ltr'>So·</span> 
     </span>
     <span class='ocr_line' id='line_1_101' title="bbox 1021 2694 1720 2739; baseline 0.001 -10"><span class='ocrx_word' id='word_1_531' title='bbox 1021 2695 1325 2739; x_wconf 52' lang='lat' dir='ltr'>phocleusf‘okoro·</span> <span class='ocrx_word' id='word_1_532' title='bbox 1337 2695 1389 2728; x_wconf 80' lang='grc' dir='ltr'>σοὶ</span> <span class='ocrx_word' id='word_1_533' title='bbox 1397 2696 1459 2738; x_wconf 70' lang='grc' dir='ltr'>’γὰρ</span> <span class='ocrx_word' id='word_1_534' title='bbox 1471 2694 1626 2730; x_wconf 68' lang='grc' dir='ltr'>πολλάκις</span> <span class='ocrx_word' id='word_1_535' title='bbox 1635 2698 1720 2730; x_wconf 70' lang='grc' dir='ltr'>τοῦτ’</span> 
     </span>
     <span class='ocr_line' id='line_1_102' title="bbox 1021 2746 1721 2787; baseline 0 -7"><span class='ocrx_word' id='word_1_536' title='bbox 1021 2746 1162 2787; x_wconf 79' lang='grc' dir='ltr'><strong><em>εὒξάμην.</em></strong></span> <span class='ocrx_word' id='word_1_537' title='bbox 1205 2746 1308 2779; x_wconf 86' lang='lat' dir='ltr'>ovid.</span> <span class='ocrx_word' id='word_1_538' title='bbox 1328 2746 1373 2778; x_wconf 91' lang='lat' dir='ltr'>de</span> <span class='ocrx_word' id='word_1_539' title='bbox 1394 2746 1542 2779; x_wconf 75' lang='lat' dir='ltr'>Philoct.</span> <span class='ocrx_word' id='word_1_540' title='bbox 1563 2747 1574 2766; x_wconf 88' lang='lat'>‘</span> <span class='ocrx_word' id='word_1_541' title='bbox 1591 2746 1721 2780; x_wconf 70' lang='lat' dir='ltr'>Lsiirti-</span> 
     </span>
    </p>
   </div>
  </div>
 </body>
</html>
