1878 3164
475 223 519 255 Ρ.
551 221 742 254 ΡΛΡΙΝΙΙ
773 220 940 252 STA'ru
973 220 1177 252 Actum..
1210 220 1305 252 mu.
1328 220 1361 250 1.

188 321 368 359 totumque
390 316 425 348 in
443 315 565 357 Stygia
579 315 706 357 palude
722 314 819 355 lavit,
831 323 891 346 ex·

189 372 296 411 cepta
308 368 428 410 planta
453 366 551 408 pedis
577 376 655 408 quae
678 375 781 398 manu
797 370 891 398 tene-

179 418 306 459 ibatur,
316 427 362 450 ex
374 426 440 459 quo
455 415 715 448 invulnerabilis
730 420 825 447 totus
837 419 891 447 est
912 410 915 414 ’

187 466 315 501 factus.
357 466 442 500 Fero
460 465 589 507 iterum]
612 464 654 497 Id
680 469 746 504 est,
774 464 892 496 videor

188 517 316 558 iterum
341 514 434 548 ferre
450 524 513 557 per
533 514 701 547 somnium
716 517 755 546 ut
770 513 892 556 lavem.

191 566 414 601 Britan-im.

236 618 300 649 1⁸5
315 616 389 648 Hor
399 614 521 648 abolere
532 613 646 655 metus]
669 612 726 646 Ad
741 613 830 654 haec,
843 613 893 644 iu·

183 666 281 710 quit,
302 665 445 702 somnia,
471 669 509 698 et
531 669 682 697 terrores
708 668 893 696 nocturnos

191 715 358 750 levandos
373 715 547 748 Protheus
570 724 623 747 me
646 719 776 755 monet,
794 718 833 746 ut
850 723 895 745 ex

193 765 316 799 ordine
338 765 429 798 sacri
443 765 569 807 magici
590 765 698 798 filium
721 765 827 797 feram
850 764 894 796 ad

194 816 373 850 Oceanum
389 814 619 857 Atlanticum,
633 816 748 858 ibique
769 825 894 857 purga-

194 867 307 901 tiones
329 867 374 900 de
396 876 439 900 eo
463 866 572 906 fiant3
592 868 682 908 magi
701 868 791 899 enim
816 876 896 898 con-

196 925 334 955 sensere
356 917 392 948 in
421 917 566 950 Oceano
593 917 815 950 Occidentali
840 917 896 948 AE-

196 965 350 1008 thiopico
365 966 494 1008 optime
508 966 722 1007 expiationes
735 966 823 1006 fieri,
838 975 898 997 un·

196 1015 243 1048 de
271 1021 310 1049 et
337 1015 421 1049 illud
449 1015 587 1057 Virgilii
610 1016 655 1048 de
680 1016 816 1048 Didone
841 1025 898 1047 cu-

197 1066 317 1108 piente
328 1065 415 1098 solvi
425 1065 470 1098 ab
480 1068 597 1098 amore
609 1065 724 1098 AEneae
738 1077 746 1098 :
762 1068 772 1085 ‘
787 1066 898 1099 Ocea-

196 1115 234 1148 ni
258 1114 362 1148 finem
385 1115 488 1156 juxta
513 1116 688 1157 solemque
717 1116 899 1148 cadentem

191 1165 351 1199 *Ultimus
379 1165 576 1207 AEthiopum
612 1165 706 1197 locus
744 1170 810 1206 est,
841 1165 900 1197 ubi

198 1215 366 1249 maximus
396 1214 498 1248 Atlas
526 1215 638 1247 Axem
666 1215 806 1248 humero
832 1219 900 1247 tor·

199 1269 284 1309 quet
298 1263 411 1299 stellis
426 1264 628 1297 ardentibus
644 1263 786 1306 aptum!
802 1264 902 1296 Idem.

245 1318 310 1349 1⁸⁶
342 1315 535 1358 Carpathius
570 1315 673 1356 vates]
719 1315 902 1348 Protheus.

203 1367 382 1409 carpam
395 1366 506 1400 insula
520 1372 575 1399 est
584 1367 690 1408 juxta
703 1366 903 1408 AEgyptum‚

202 1427 224 1450 a
247 1426 316 1460 qua
338 1416 485 1450 vicinum
508 1416 659 1458 Pelagus
681 1416 904 1458 Carpathium

200 1467 411 1510 nominatum
431 1471 495 1499 est.
539 1466 609 1499 Hic
631 1467 814 1509 aliquando
830 1476 906 1508 reg·

201 1517 301 1550 navit
315 1515 492 1550 Protheus
515 1516 638 1549 relicta
657 1517 801 1549 Pallene
824 1516 907 1549 civi-

203 1571 280 1601 tate
291 1566 493 1609 Thessalioe,
520 1567 564 1599 ad
589 1577 690 1610 quam
715 1572 832 1600 tamen
856 1576 908 1598 re-

203 1626 324 1650 versus
339 1621 393 1648 est
408 1621 542 1658 postea.
567 1617 714 1649 Laetam.
757 1616 823 1648 Sub
848 1627 908 1649 axe

200 1667 348 1710 probato]
372 1666 414 1699 Id
440 1672 508 1707 est,
533 1666 598 1698 sub
620 1676 662 1699 ea
689 1671 791 1708 parte
817 1668 909 1708 caeli,

205 1725 308 1760 quam
322 1715 416 1758 magi
431 1715 624 1757 probavere
640 1716 820 1757 plurimum
836 1726 910 1757 pos-

206 1777 246 1800 se
275 1765 320 1799 ad
350 1764 579 1807 expiationes.
637 1766 816 1803 Lustrat-e,
850 1776 909 1798 ex-

206 1815 305 1859 piare
319 1819 357 1848 et
371 1824 533 1857 purgare.
555 1815 710 1849 Britann-

246 1869 310 1900 1³⁷
334 1865 441 1898 Fretis
454 1866 599 1908 secretis]
621 1866 765 1899 Oceano
779 1867 911 1900 AEthio-

208 1916 289 1959 pico
314 1916 389 1948 sive
415 1915 620 1947 Britannico
638 1911 744 1958 'longe
769 1922 914 1958 remoto,

208 1975 287 2000 nam
304 1975 375 1999 rem
388 1970 558 1998 secretam
573 1965 716 1999 dicimus
741 1968 840 2010 quasi
860 1977 912 2000 se-

209 2022 367 2060 paratam
382 2017 426 2050 ab
441 2017 484 2051 iis
499 2027 576 2060 quae
592 2017 848 2059 discernuntur,
864 2019 914 2051 sic

211 2073 250 2101 et
263 2067 426 2109 sobrium,
441 2068 538 2110 quasi
552 2067 717 2110 semiim,
732 2068 767 2100 id
783 2074 849 2109 est,
864 2078 915 2100 se-
947 2075 951 2082 ·

213 2123 372 2160 paratum
387 2114 430 2150 ab
446 2118 551 2150 ebrio.
574 2118 675 2151 Ideni.

258 2171 323 2201 188
346 2167 483 2200 Genitor
494 2167 624 2209 mutus]
648 2168 713 2200 Vel
729 2168 816 2201 utin
833 2168 916 2200 mari

213 2223 298 2252 nata
313 2219 363 2252 sic
377 2218 479 2260 dixit,
499 2219 553 2251 vel
568 2219 752 2251 secundum
768 2220 919 2251 Thaletis

213 2272 414 2315 opinionem
430 2271 564 2303 locutus
580 2275 635 2302 est
652 2270 776 2312 Poeta,
794 2271 851 2313 qui
865 2280 919 2303 re-

216 2332 292 2355 rum
308 2321 481 2364 principia
495 2321 531 2352 in
545 2330 667 2363 aquam
683 2321 816 2361 retulit,
829 2321 921 2352 unde

215 2383 340 2416 aquam
351 2372 422 2404 dici
434 2371 620 2413 Pompeius
632 2371 819 2413 existimat,
827 2371 919 2414 quod

217 2424 264 2457 sit
290 2433 311 2456 a
336 2432 407 2466 qua
436 2422 592 2454 vivimus.
615 2423 797 2454 Matar-ant.
842 2422 921 2454 lua—

217 2473 361 2507 bentilm
373 2472 488 2514 nstris]
500 2472 570 2504 Ubi
586 2476 710 2513 pontus
725 2473 923 2513 intepescit,

218 2523 255 2556 id
280 2529 347 2561 est,
373 2522 554 2555 incalescit
579 2523 651 2555 sole
676 2527 713 2554 et
735 2523 843 2554 stellis
865 2532 922 2555 ca-

214 2574 381 2608 'dentibus
396 2574 431 2606 in
447 2574 557 2615 ipsum
575 2584 652 2606 cum
673 2573 848 2607 occidunt.
871 2574 923 2606 Id.

217 2642 222 2646 >
266 2626 328 2658 141
355 2623 456 2656 dee
486 2623 606 2664 mgis]
638 2623 719 2656 Non
742 2623 836 2660 mihi,
864 2622 924 2655 sed

221 2673 342 2715 magis,
355 2683 375 2706 a
391 2673 520 2717 vquibus
543 2683 607 2715 per
625 2674 739 2715 ignota
753 2682 850 2704 sacra
865 2682 925 2704 ex-

224 2724 353 2766 pietur,
370 2728 408 2756 et
429 2724 636 2758 inviolabilis
658 2724 926 2766 immortalisque

225 2774 402 2808 reddatur.
426 2775 527 2808 Idem.

1526 209 1642 252 2013

987 317 1047 347 145
1075 314 1148 346 Non
1172 313 1337 354 superant]
1362 312 1391 344 A
1412 312 1535 344 mendo
1557 313 1643 345 libe-

943 374 1016 397 rum
1045 365 1136 396 hunc
1172 364 1284 395 locum
1316 371 1384 394 non
1413 371 1503 402 esse,
1531 365 1644 404 arguit

945 420 1120 448 structura
1143 413 1325 446 orationis:
1349 421 1467 444 verum
1491 422 1644 454 praesens

945 465 1133 497 remedium
1155 473 1198 495 ex
1220 462 1475 504 manuscriptis,
1497 472 1571 494 num
1591 473 1644 494 su-

941 521 1055 558 perant
1076 520 1130 548 tua
1145 520 1218 548 vota
1233 517 1376 547 modum:
1398 514 1490 557 quod
1514 523 1646 556 germa-

945 577 1026 599 num
1042 576 1118 599 esse
1133 576 1199 608 ego
1214 569 1352 608 praesto.
1394 566 1541 597 Sensus:
1563 565 1648 596 Pre-

946 619 1042 651 cibus
1057 617 1256 650 demerendi
1268 617 1331 649 Dii
1348 615 1422 657 tibi,
1436 615 1648 658 quandoqui-

946 669 1024 702 dem
1038 668 1126 701 filius
1139 668 1276 700 modum
1290 667 1428 699 virtutis
1438 675 1507 698 non
1519 669 1647 705 servat,

946 718 1108 751 mandata
1123 722 1238 750 nostra
1254 717 1399 759 spernit,
1422 721 1459 748 et
1483 716 1584 757 plane
1597 715 1648 747 in-

947 768 1143 802 tractabilis
1158 767 1211 800 fit.
1236 768 1390 800 Bemurt.

992 823 1054 853 148
1074 820 1126 851 Vis
1136 819 1276 860 festina]
1290 819 1442 851 Veniens
1457 821 1539 850 ante
1553 826 1650 850 suum

949 875 1096 912 tempus.
1119 871 1300 902 Maturant.
1447 870 1456 873 “

993 923 1056 953 149
1081 919 1182 960 olim]
1206 919 1237 951 A
1252 918 1436 961 principio,
1464 928 1541 950 cum
1570 918 1651 949 mihi

949 971 1148 1003 educandus
1162 970 1310 1002 traditus
1324 973 1389 1001 est.
1419 969 1518 1000 Ferre
1535 968 1653 1008 minas]

950 1021 1061 1063 AEquo
1074 1020 1187 1052 auimo
1204 1019 1288 1061 pati.
1323 1018 1421 1050 Obire
1435 1017 1544 1049 auditu
1555 1018 1652 1058 impe-

950 1071 1015 1112 ria]
1050 1069 1225 1112 Quicquid
1266 1074 1343 1101 erat
1381 1068 1587 1113 imperatum
1616 1068 1653 1099 id

951 1120 1085 1163 exequi.
1110 1120 1211 1152 Idem.

996 1174 1057 1203 151
1078 1170 1173 1211 Ossa]
1192 1171 1272 1203 Non
1288 1170 1417 1203 sufficit
1431 1170 1479 1201 illi
1491 1169 1581 1201 Ossa
1597 1169 1655 1211 qui

953 1225 1006 1254 est
1018 1220 1201 1253 Thessaliae
1224 1229 1320 1252 mons
1342 1219 1498 1261 objectus
1510 1219 1656 1260 Septen-

954 1272 1070 1304 trioni.
1137 1271 1287 1312 Olympo
1323 1270 1403 1302 olim
1431 1270 1656 1311 conjunctum

955 1321 1125 1354 Hercules
1141 1320 1253 1352 scidit.
1281 1320 1407 1352 Strabo
1423 1323 1657 1351 terraemotum

955 1370 1084 1403 factum
1100 1379 1174 1402 esse
1191 1369 1288 1401 dicit.
1326 1369 1438 1401 Pelion
1452 1368 1582 1409 ingens]
1596 1368 1660 1400 Est

956 1421 1047 1453 enim
1068 1419 1278 1452 editissimus
1302 1428 1398 1450 mons
1415 1419 1558 1456 Pelion;
1580 1426 1659 1448 nam

957 1470 1180 1504 Dicaearchus
1212 1469 1263 1500 vir
1293 1469 1328 1500 in
1357 1468 1474 1509 'primis
1506 1466 1660 1498 eruditus

958 1530 1071 1553 rerum
1099 1529 1182 1552 cura
1197 1522 1331 1550 montes
1348 1526 1548 1558 permensus
1569 1516 1662 1548 altis—

959 1572 1079 1603 simum
1096 1569 1259 1609 omnium,
1272 1567 1427 1599 Auctore
1442 1566 1571 1605 Plinio,
1587 1575 1663 1606 pro-

959 1620 1048 1652 didit
1071 1619 1230 1652 undecim
1255 1618 1389 1650 scilicet
1409 1617 1550 1648 millium
1565 1615 1662 1658 quin-

961 1670 1123 1712 quaginta
1140 1677 1311 1710 passuum.
1335 1667 1434 1699 Idem.

1004 1724 1066 1754 152
1101 1720 1344 1760 Thessalicoeque
1371 1717 1474 1759 nives]
1510 1717 1663 1758 Propter

961 1772 1098 1814 Othryn
1125 1771 1263 1803 videtur
1286 1769 1426 1810 dixisse,
1448 1777 1550 1810 quem
1571 1767 1665 1799 niva-

960 1822 1028 1853 lem
1067 1825 1177 1853 vocat.
1237 1819 1403 1861 Virgilius
1431 1818 1567 1850 AEneid.
1597 1827 1665 1850 vu.

963 1872 1036 1913 Ipsi
1063 1870 1240 1910 Centauri,
1262 1879 1346 1912 quos
1372 1870 1493 1901 timere
1512 1872 1548 1900 et
1568 1877 1666 1900 reve-

963 1921 1030 1953 reri
1046 1919 1199 1953 Achilles
1213 1919 1371 1952 deberet.
1395 1919 1495 1951 Idem.

1004 1974 1069 2003 156
1084 1971 1220 2011 Argivos
1234 1969 1339 2010 reges]
1363 1969 1593 2010 Argonautas,
1606 1967 1666 2008 qui

963 2030 1104 2053 numero
1119 2019 1283 2063 quattuor
1298 2024 1335 2051 et
1357 2018 1601 2061 quinquaginta
1615 2016 1668 2048 fu-

965 2073 1031 2104 isse
1047 2071 1249 2112 produntur.
1281 2070 1336 2102 Ex
1351 2068 1474 2111 quibus
1490 2067 1669 2100 clarissimi

965 2122 1066 2154 fuere
1082 2122 1205 2154 Castor
1218 2125 1254 2152 et
1268 2120 1406 2159 Pollux,
1417 2117 1670 2156 Hercules‚Te.

967 2173 1091 2212 lamon,
1108 2170 1281 2211 Orpheus,
1307 2169 1472 2201 Atalanta
1500 2166 1671 2206 Schoenei,

969 2225 1142 2263 praeterea
1154 2220 1312 2261 Tespesii
1331 2218 1409 2258 filii,
1431 2222 1469 2249 et
1484 2217 1559 2258 ipse
1575 2216 1671 2248 navi-

970 2272 1016 2314 gii
1031 2276 1155 2303 auctor
1168 2270 1288 2303 Jason.
1333 2268 1382 2300 Hi
1407 2276 1524 2298 omnes
1546 2266 1671 2298 ducem

970 2321 1035 2354 sibi
1074 2318 1308 2362 praefecerunt
1345 2316 1536 2349 Herculem
1566 2316 1672 2347 veluti

970 2371 1120 2404 omnium
1131 2369 1267 2411 judIcio
1279 2367 1483 2400 fortitudine
1495 2371 1531 2398 et
1542 2366 1672 2398 virtute

972 2420 1259 2464 praestantiorem.
1315 2417 1418 2450 Pinus
1444 2415 1607 2456 Thessala]
1630 2416 1673 2447 ld

971 2477 1037 2512 est,
1063 2470 1158 2512 Argo
1181 2469 1292 2509 navis,
1314 2477 1392 2510 quae
1415 2467 1458 2499 ab
1484 2467 1579 2508 Argo
1601 2467 1673 2507 ejus

971 2522 1180 2554 fabricatore
1196 2510 1373 2552 ndminata
1388 2522 1454 2557 est,
1478 2517 1532 2549 vel
1555 2521 1593 2547 ut
1616 2516 1675 2548 alii

973 2572 1017 2605 ab
1033 2572 1108 2614 ejus
1123 2570 1322 2606 velocitate,
1345 2577 1446 2611 quam
1463 2567 1594 2608 antiqui
1609 2565 1675 2597 Ar-

975 2633 1040 2666 gon
1064 2621 1307 2664 appellabant:
1336 2619 1427 2661 apud
1449 2619 1615 2659 Pagasas,
1638 2622 1677 2648 ut

976 2673 1137 2712 diximus,
1178 2670 1343 2711 oppidum
1379 2668 1567 2700 Thessauae
1609 2665 1677 2698 fuit

978 2721 1160 2755 aedificata.
1182 2721 1334 2753 Bruann.

1022 2774 1085 2804 158
1118 2771 1179 2803 Sed
1209 2770 1310 2811 taceo]
1340 2768 1565 2803 Praestantior
1588 2766 1677 2799 visus
