1878 3164
258 237 374 281 1784

259 350 337 373 men
360 338 544 372 defendere
565 338 895 380 Scyronemsneque
911 339 959 370 la·

261 396 394 423 tronem
410 389 527 430 fuisse,
538 398 647 430 neque
662 388 881 430 flagitiosum,
893 389 960 420 imo

261 441 432 471 latronum
465 438 654 470 vindicem:
681 448 746 471 nec
783 449 803 470 a
830 440 961 470 Theseo

263 493 427 530 tanquam
444 488 623 526 latronem,
639 488 698 519 sed
715 497 789 519 cum
805 488 963 519 Eleusina

261 539 372 579 cepit,
407 538 516 569 veluti
556 537 688 569 hostem
727 537 962 570 interfectum.

260 588 406 621 Consule
423 593 603 629 utrumque
619 587 649 619 si
665 588 791 629 placet.
809 588 960 620 Bernart.

261 638 438 681 Scylleaque
463 638 554 679 rura]
585 639 761 679 Megaram
791 638 963 680 signifieat

263 689 452 727 civitatem,
471 688 506 719 in
527 697 594 728 qna
610 688 713 719 Nisus
738 697 897 728 regnasse
912 688 963 719 di·

263 738 366 776 citur,
381 737 510 768 crinem
526 746 733 778 purpureum
750 741 854 778 atque
876 736 964 771 fata-

261 787 329 817 lem
361 785 498 821 babms,
531 795 630 826 quem
662 786 843 818 dormienti
875 786 964 827 patri

262 836 379 877 Scylla
403 835 473 867 filia
501 835 635 867 secuit:
664 845 740 868 nam
773 841 810 868 ut
839 837 962 877 Virgil.

263 891 443 927 utrumque
464 890 684 926 monstraret,
711 886 779 918 ait:
804 886 814 903 ‘
830 887 874 918 Et
901 896 963 927 pro

264 946 436 978 purpureo
460 946 580 978 poenas
595 937 656 969 dat
680 938 793 979 Scylla
815 936 963 978 capillo!

266 987 415 1019 Lactaut.

306 1040 369 1069 335
395 1037 435 1068 In
453 1036 566 1068 mediis
588 1037 677 1068 audit
700 1037 775 1077 duo]
797 1037 962 1068 Isthmum

265 1087 519 1119 Corinthiacum
555 1088 731 1128 intelligit,
776 1087 834 1128 qui
878 1087 963 1119 mari

265 1136 434 1177 utrimque
472 1137 637 1168 alluitur:
669 1136 801 1168 duobus
837 1136 964 1169 etenim

266 1185 340 1226 ejus
368 1186 479 1217 latera
506 1187 748 1227 promontoriis
781 1186 963 1218 terminan-

267 1239 335 1274 tur,
359 1235 542 1267 Cenchreis
569 1240 605 1268 et
630 1237 788 1276 Lechoeo,
809 1247 884 1278 quae
912 1245 964 1267 res

266 1285 462 1317 interiorem
479 1287 651 1327 regionem
666 1288 899 1320 continentem
913 1286 965 1319 fa-

267 1335 328 1366 cit.
350 1336 552 1369 Bernartius.

307 1387 371 1416 336
395 1385 459 1416 Per
492 1386 629 1427 emeriti]
667 1386 700 1419 A
736 1396 773 1418 re
802 1387 963 1420 militari:

266 1435 363 1476 quasi
387 1438 424 1466 et
448 1435 498 1466 sol
524 1435 594 1469 diei
621 1436 768 1468 militare
795 1437 963 1469 videatur.

267 1483 418 1524 Emer-iti]
439 1484 654 1517 Occidentis.
681 1486 843 1527 Confinia]
871 1487 965 1518 Bene

267 1535 374 1567 dixit:
398 1535 588 1576 quiajuxta
603 1535 712 1576 ipsum
729 1537 849 1568 oritur.
873 1537 966 1570 Quo-

268 1585 370 1616 modo
391 1584 596 1617 ‘emeritos'
623 1586 768 1617 dicimus
793 1585 893 1617 simili
919 1586 967 1617 la-

267 1634 349 1666 bore
367 1634 524 1674 donatos,
549 1635 598 1666 sic
614 1636 624 1653 ‘
642 1635 826 1667 emeritus’
845 1636 894 1667 sol
910 1645 966 1667 oc-

267 1684 384 1715 cidens
401 1683 526 1715 dicitur
549 1688 627 1725 post
642 1684 804 1724 laborem,
819 1684 875 1716 cui
889 1694 966 1717 noc·-

267 1733 310 1765 tis
325 1738 418 1765 astra
434 1733 633 1765 succedunt.
649 1734 845 1766 Lactantius.

310 1785 373 1814 337
397 1783 535 1824 Titanis]
559 1784 666 1816 Luna.
712 1785 831 1816 Mundo
851 1784 967 1824 subJ'ee-

270 1832 319 1874 ta]
348 1832 388 1864 Id
420 1838 486 1874 est,
517 1834 722 1874 superjecta.
755 1834 877 1875 Virgil.
906 1835 968 1866 ‘et

268 1892 414 1923 corpora
441 1884 530 1915 saltu
559 1883 756 1925 Subjiciunt
783 1884 816 1916 in
839 1887 964 1927 equos?

272 1935 372 1966 Idem·

309 1988 375 2017 338
400 1985 591 2017 Tenuarerat
613 1984 703 2025 a'e'ra]
728 1986 823 2018 Bene
852 1989 968 2018 tenua·

269 2040 365 2067 verat
380 2046 388 2067 ι
415 2036 494 2077 quia
511 2035 578 2067 diei
595 2035 654 2067 aer
677 2036 821 2068 crassior
837 2041 902 2077 est,
918 2042 968 2068 te-

271 2086 346 2117 nuis
364 2087 486 2118 noctis.
502 2086 602 2118 Idem.

326 2138 390 2167 339
428 2136 558 2176 Avaris]
602 2135 807 2176 Indefessis3
851 2146 969 2168 avarus

269 2187 358 2219 enim
375 2186 504 2218 animus
521 2186 659 2219 difficile
670 2187 845 2229 fatigatur.
862 2189 959 2220 Idem.

310 2239 374 2268 342
397 2236 460 2268 Sed
474 2246 529 2268 nec
540 2237 685 2278 puniceo]
708 2238 776 2269 Hic
792 2239 865 2270 vult
880 2238 969 2270 Poe'·

269 2292 305 2319 ta
320 2290 510 2318 monstrare
527 2296 685 2318 serenum
701 2287 791 2319 diem
807 2297 874 2319 non
887 2298 968 2320 con-

272 2337 390 2378 tigisse
407 2336 572 2378 Polynici.
617 2337 693 2368 Nec
714 2337 803 2368 enim
826 2337 895 2368 ulla
917 2346 968 2368 se·

271 2386 426 2417 renitatis
443 2384 538 2426 signa
551 2386 761 2427 praemiserat
773 2387 852 2418 solis
869 2395 969 2418 occa·

269 2446 337 2469 sus,
358 2435 497 2480 Puni-ceo
510 2445 592 2476 ergo
607 2445 730 2467 sereno
746 2435 845 2467 dixit.
869 2436 968 2467 Idem.

312 2488 376 2517 346
398 2486 547 2517 Subtexit
573 2485 651 2526 nox]
684 2485 816 2517 Pluviae
843 2495 968 2527 praesa-

272 2536 363 2577 glum
378 2537 513 2567 occulte
528 2545 622 2567 more
642 2545 703 2567 suo
719 2536 845 2576 ingerit
859 2546 868 2567 :
891 2545 969 2567 nam

270 2586 405 2617 nebulae
431 2585 500 2617 ima
528 2589 700 2627 petentes,
724 2585 968 2625 serenitatem3

232 2647 237 2651 ·
272 2636 390 2675 altum,
411 2635 534 2667 imbres
559 2635 751 2677 designant.
775 2636 875 2677 Virg.
896 2636 906 2654 ‘
920 2636 969 2668 At

270 2684 404 2717 nebulae
427 2686 532 2725 magis
548 2685 614 2717 ima
630 2691 765 2728 petunt,
779 2696 968 2728 campoque

273 2734 501 2766 recumbunt!
518 2735 670 2768 Bermrt.

315 2786 377 2816 347
401 2785 554 2817 Percussa
567 2785 693 2826 sonant]
716 2785 804 2819 Haec
820 2790 873 2819 est
887 2795 969 2819 vera

727 247 869 280 NO'l'AE
901 248 964 279 VA
974 247 1167 279 moRUM
1200 247 1255 279 m

1009 339 1112 371 lectio
1137 338 1273 372 firmate
1294 338 1397 371 etiam
1421 338 1707 380 praestanti-stus

1009 389 1155 421 omnium
1170 388 1310 422 Codice.
1355 389 1524 431 intelligit
1536 394 1651 422 ntem
1658 389 1708 423 ab

1011 439 1106 471 AEolo
1129 444 1304 471 ventorum
1321 439 1499 480 speluncas
1514 446 1709 480 percussam

1013 492 1049 520 ut
1061 498 1240 529 erumpere
1257 488 1322 529 ipsi
1338 489 1480 529 possint,
1493 489 1582 531 quod
1600 488 1709 530 prinu

1011 548 1110 580 qnam
1139 537 1212 579 fiat,
1239 538 1490 578 elegantissime
1521 538 1588 570 oris
1611 537 1709 582 renel

1010 588 1156 619 hiemem
1184 588 1384 628 praecedere
1407 589 1506 629 dicit,
1534 588 1710 620 horrorem

1012 637 1167 668 nimirum
1183 633 1288 678 illum,
1304 637 1362 678 qui
1383 636 1625 669 effimdendum
1647 637 1711 669 im·

1012 687 1108 718 brem
1123 691 1159 718 et
1173 691 1413 728 tempestatem
1427 687 1606 720 immanem
1621 695 1710 730 pra*

1012 737 1135 769 cedere
1153 738 1251 769 solet.
1267 737 1386 769 Barth.

1054 789 1116 819 352
1143 788 1228 823 Quos
1263 795 1353 827 asper
1381 785 1487 827 hiatu]
1525 785 1708 827 Phys-team

1012 837 1177 870 rationem
1203 841 1340 868 secutus
1364 840 1431 868 est.
1474 836 1563 869 Nam
1587 836 1616 868 si
1638 835 1710 878 pri'-

1013 897 1066 919 mo
1081 891 1197 919 auster
1210 886 1342 927 pluvias
1355 885 1452 926 facit,
1462 894 1541 918 mox
1553 886 1712 929 sequium

1012 938 1153 977 Boreas,
1180 937 1239 978 qui
1268 936 1406 968 easdem
1436 939 1496 968 sut
1521 935 1713 977 infnivem,

1013 991 1073 1019 aut
1089 987 1122 1019 in
1139 986 1335 1027 grandinem
1351 989 1472 1019 mutat.
1493 985 1596 1018 Unde
1604 985 1711 1019 ovida

1013 1038 1022 1056 ‘
1041 1038 1157 1079 thue
1180 1035 1296 1069 ferunt
1324 1036 1449 1069 imbres
1477 1036 1600 1077 gelidis
1629 1044 1711 1068 eou-

1014 1096 1171 1118 crescere
1201 1086 1310 1118 ventis
1321 1086 1342 1118 :'
1371 1086 1407 1118 id
1435 1090 1502 1128 est,
1525 1085 1712 1128 congelari.

1015 1137 1164 1168 Laetam.

1056 1189 1120 1218 354
1156 1185 1314 1226 Fulgura]
1337 1186 1596 1218 coruscationes
1618 1185 1711 1218 enim

1014 1237 1109 1278 quasi
1125 1237 1234 1277 ruptis
1247 1236 1393 1268 nubibus
1410 1240 1560 1268 tremunt
1572 1245 1582 1267 e
1594 1235 1711 1275 fulges·

1013 1296 1051 1319 ra
1080 1296 1100 1318 a
1129 1286 1263 1328 fulgore
1291 1286 1387 1318 dicta
1415 1290 1506 1318 sunt.
1539 1285 1715 1327 Rumpitur

1013 1337 1126 1378 ether]
1155 1337 1262 1371 Quasi
1289 1344 1332 1369 ex
1360 1336 1533 1369 collisione
1561 1335 1713 1368 nubium

1017 1388 1116 1419 Idem.

1058 1439 1120 1469 357
1146 1435 1292 1477 Inachus]
1314 1436 1452 1468 Fluvios
1479 1434 1625 1477 regionis
1644 1434 1713 1467 Ar·

1016 1487 1115 1529 givae.
1136 1486 1307 1527 Erasinus]
1338 1486 1478 1518 Fluvius
1503 1486 1539 1517 in
1565 1485 1715 1527 septem

1018 1538 1139 1569 trione.
1162 1537 1262 1569 Idem.
1354 1559 1357 1563 ,
1515 1578 1520 1581 .

1060 1590 1124 1618 358
1149 1584 1522 1628 calcandaqueflnmina]
1541 1585 1578 1618 Si
1600 1584 1634 1616 in
1658 1583 1713 1616 his

1017 1635 1222 1676 fluminibus,
1247 1647 1323 1678 quae
1345 1641 1542 1678 snte‘aquoe
1570 1635 1714 1676 penuria

1018 1687 1250 1725 calcabantur,
1265 1686 1329 1717 boc
1343 1690 1396 1717 est
1412 1685 1555 1727 pedibus
1569 1683 1714 1716 transire

1018 1741 1191 1778 poten-ant,
1205 1737 1353 1778 riparum
1369 1735 1582 1777 aggestiones
1607 1742 1714 1775 oppo-

1017 1795 1130 1825 neres,
1147 1796 1213 1827 quo
1229 1786 1337 1817 minus
1353 1783 1625 1826 effunderentur,
1643 1783 1716 1816 nul*

1018 1836 1083 1868 lam
1099 1835 1229 1867 faceres
1245 1845 1384 1867 moram.
1407 1835 1508 1866 Idem·

1060 1889 1124 1918 369
1146 1886 1279 1926 Refusa]
1302 1886 1490 1917 Commota.
1511 1885 1611 1917 Idem.
1706 1904 1710 1907 -

1060 1940 1124 1969 360
1145 1937 1262 1977 Lerna]
1284 1937 1388 1968 Palus
1411 1941 1466 1968 est
1481 1935 1572 1977 apud
1589 1934 1716 1976 Argos,

1018 1988 1050 2019 in
1077 1997 1144 2029 qna
1173 1987 1313 2028 hydram
1343 1995 1521 2028 superasse
1551 1984 1716 2016 Hercules

1019 2038 1156 2069 dicitur.
1201 2037 1263 2068 Ait
1278 2045 1357 2077 ergo
1371 2036 1405 2067 in
1424 2037 1488 2068 hoc
1504 2039 1624 2076 stagno
1640 2038 1715 2066 tan·

1020 2094 1088 2119 tam
1116 2087 1182 2119 vim
1208 2086 1373 2118 undarum
1394 2085 1513 2122 fuisse,
1529 2090 1567 2116 ut
1591 2084 1716 2116 iterum

1020 2139 1113 2170 venis
1136 2141 1268 2170 scatere
1289 2136 1472 2168 videretur.
1518 2134 1717 2168 Notandum

1017 2192 1137 2220 autem>
1148 2187 1237 2229 quod
1252 2187 1351 2218 veteri
1371 2186 1512 2226 dixerit,
1526 2195 1601 2218 cum
1616 2192 1718 2217 omne

1019 2247 1141 2269 nomen
1157 2237 1290 2278 generis
1301 2236 1425 2277 neutri,
1435 2235 1525 2277 quod
1540 2235 1573 2266 iu
1583 2244 1620 2266 ns
1629 2234 1716 2270 exit.

1019 2297 1187 2330 nunquam
1210 2287 1276 2318 nisi
1302 2287 1330 2318 Ε
1350 2286 1469 2317 littera
1490 2285 1715 2317 terminetnr=

1019 2343 1056 2370 ut
1073 2338 1082 2355 ‘
1097 2346 1214 2378 pecus,
1231 2335 1376 2377 pecore!
1390 2335 1489 2367 Idem.

1060 2390 1123 2419 363
1146 2385 1286 2426 AEstiva]
1315 2385 1459 2417 Stabula
1487 2383 1637 2416 ferarum
1666 2383 1716 2415 iu-

1019 2438 1146 2476 telligit
1167 2436 1344 2474 ·Lutatius,
1372 2435 1512 2466 ab·illis
1541 2443 1719 2476 pecorum,

1018 2497 1093 2530 quae
1102 2487 1167 2518 boc
1178 2486 1314 2518 nomine
1329 2489 1524 2517 censentur.
1545 2483 1719 2525 Adspexit

1019 2541 1134 2568 autem
1150 2536 1261 2566 locum
1284 2533 1451 2574 Maronis,
1466 2533 1640 2574 Georgica
1657 2541 1717 2565 nr.

1017 2588 1027 2605 ‘
1043 2586 1103 2618 sed
1133 2590 1206 2617 tota
1231 2585 1351 2616 aestiva
1376 2588 1522 2625 repente
1547 2585 1717 2624 Spemque

1019 2644 1228 2678 gregemque
1249 2634 1359 2674 simul,
1385 2637 1558 2675 totamque
1584 2632 1628 2664 ab
1651 2632 1717 2664 ori-

1018 2687 1096 2728 gine
1108 2683 1270 2726 gentem!
1291 2683 1451 2715 Servius:
1472 2682 1482 2700 ‘
1499 2683 1592 2715 Loca
1604 2681 1720 2723 posuit

955 2746 960 2752 ⁸
1018 2745 1080 2777 pro
1107 2733 1320 2766 animalibus.
1340 2733 1474 2764 AEstiva
1499 2737 1614 2764 autem
1639 2735 1719 2764 sunt

1016 2788 1093 2819 loce
1106 2784 1276 2825 umbrosa,
1291 2784 1324 2816 in
1341 2783 1461 2826 quibus
1484 2792 1546 2825 per
1561 2786 1717 2815 aestatem
