1878 3164
290 240 404 286 1802

290 346 537 388 fatigatusque
551 345 736 387 Tonantem]
759 345 910 378 Acrisius
924 354 984 378 rex

291 395 498 437 Argivorum
514 395 591 432 fuit,
603 396 660 437 qni
675 394 777 427 filiam
793 395 914 428 habuit
929 405 986 427 ne-

290 447 382 479 mine
400 446 681 489 Dana&n,quam,
697 452 916 488 posteaquam
933 451 988 478 est

292 505 313 529 a
327 497 417 530 Jove
433 497 567 537 vitiata,
589 501 689 539 pater
706 497 796 529 intra
810 506 920 529 arcam
936 497 987 528 in-

290 546 417 578 clusam
446 546 480 578 in
511 555 602 578 mare
630 547 878 589 praecipitavit:
912 556 987 589 quae

292 595 406 627 delata
419 596 463 628 ad
477 596 612 628 Italiam
626 591 766 629 i’nventa
781 603 832 629 est
846 608 867 629 a.
882 598 989 639 pisca·

293 649 370 677 tore
392 655 469 677 cum
495 646 638 687 Perseo,
662 655 763 688 quem
788 647 859 679 illic
886 647 990 679 enixa

291 693 417 735 suerat,
445 699 481 727 et
502 696 617 728 oblata
642 701 696 728 est
720 697 806 737 regi,
832 697 889 739 qui
914 706 990 728 eam

292 744 358 776 sibi
373 744 459 777 fecit
473 755 624 783 uxorem,
637 755 714 778 cum
727 756 794 789 qua
808 746 990 779 etiamAr·

293 795 391 827 deam
407 796 572 829 condidit.
594 796 694 829 Idem.

336 847 399 876 221
415 845 686 887 Nudoqueserens
696 846 804 889 caput]
815 847 881 879 Vel
894 856 989 879 snum

295 895 397 927 altius
411 894 539 938 ferens,
555 898 610 928 vel
635 897 725 929 illius
748 897 839 939 quod
855 897 989 930 occide·

294 949 349 978 rat
364 947 516 979 monstri.
540 947 650 980 Latet.
696 947 746 979 Ut
770 947 916 988 seipsum
941 947 990 979 in-

292 995 483 1037 terficeret,
506 996 534 1028 si
556 996 598 1029 ab
615 993 773 1038 Apolli'ne
795 997 992 1029 laederetur.

295 1046 386 1079 Sane
401 1047 544 1078 monstri
562 1051 668 1088 caput
680 1043 776 1079 ferre
787 1057 855 1079 non
868 1048 993 1089 potuit,

294 1096 377 1138 quia
392 1097 462 1129 tale
477 1096 624 1129 cadaver
643 1096 759 1135 fuerit,
773 1101 811 1129 ut
832 1107 897 1129 nec
911 1106 991 1129 aves

295 1146 381 1177 illud
396 1150 589 1187 tangerent,
606 1152 646 1178 ut
666 1147 847 1188 descripsit
864 1148 993 1180 Noster

294 1196 331 1228 in
354 1197 412 1227 fin.
426 1196 487 1228 lib.
504 1197 700 1238 superioris.
723 1198 840 1230 Barth.
887 1199 992 1231 Coroe-

295 1246 366 1287 bus]
389 1246 458 1279 Hic
473 1250 538 1285 est,
554 1247 624 1289 qui,
637 1257 681 1280 ne
694 1247 778 1290 Argi
794 1249 994 1289 pestilentia

292 1295 499 1336 laborarent,
521 1295 674 1337 Apollini
698 1306 735 1328 se
758 1298 992 1339 perimendum

295 1345 431 1384 obtulit,
446 1350 482 1377 et
499 1347 630 1378 veniam
647 1347 781 1379 meruit.
802 1347 949 1380 Laetam.

298 1408 302 1410 >
337 1397 402 1427 222
428 1396 599 1437 Tortaque]
631 1397 769 1428 Danaus
797 1397 875 1428 Beli
904 1398 993 1429 filius

295 1453 337 1475 ex
355 1446 508 1486 pluribus
529 1446 729 1487 conjugibus
749 1448 995 1489 quinquaginta

295 1493 384 1526 filias
421 1495 554 1536 habuit,
585 1496 795 1538 totidemque
826 1497 993 1538 AEgyptus

295 1546 403 1578 frater
413 1547 487 1587 ejus
498 1547 597 1587 filios,
611 1546 668 1588 qui
684 1547 839 1579 Danaum
852 1546 995 1580 fratrem

296 1596 384 1627 filias
401 1597 469 1628 suis
486 1596 562 1628 filiis
587 1597 621 1628 in
645 1597 894 1628 matrimonium
918 1607 995 1638 pos-

298 1647 432 1678 tulavit.
478 1648 620 1678 Danaus
643 1656 806 1687 responso
828 1648 996 1688 comperit

295 1695 387 1737 quod
419 1697 534 1737 generi
564 1697 614 1727 sui
641 1696 797 1728 matribus
825 1697 995 1738 interiret,

297 1745 407 1786 Argos
424 1745 596 1786 profectus
614 1750 680 1785 est,
697 1751 733 1777 et
751 1746 893 1786 primum
910 1746 995 1778 dici-

298 1801 356 1827 tur
387 1805 507 1827 navem
547 1795 684 1835 fecisse,
721 1796 819 1836 cujus
860 1797 995 1828 nomine

296 1846 306 1865 ‘
325 1845 437 1886 Argo'
468 1845 561 1876 dicta
590 1849 643 1876 est
669 1845 774 1876 navis.
827 1844 994 1886 AEgyptns

297 1895 390 1926 misit
420 1894 506 1926 filios
544 1903 622 1926 suos
651 1892 693 1924 ad
725 1894 994 1935 persequendum

298 1943 453 1983 fratrem,
467 1943 585 1984 hisque
603 1943 782 1983 praecepit,
796 1948 835 1974 ut
850 1948 908 1974 ant
923 1944 996 1975 Da-

297 2003 397 2025 naum
414 1994 665 2032 interficerent,
679 1997 737 2032 ant
753 1994 794 2025 ad
810 2002 846 2025 se
860 2003 926 2025 non
942 2003 995 2025 re·
1015 2004 1017 2007 ·

297 2043 423 2083 dirent,
441 2043 497 2086 (ut
506 2043 643 2084 Agenor
653 2043 723 2075 filio
738 2044 997 2086 imperaveram

298 2093 356 2134 qui
373 2098 594 2134 posteaquam
612 2099 776 2125 venerunt
796 2095 916 2135 Argos,
933 2105 998 2127 coe-

297 2149 422 2184 perunt
434 2148 591 2182 patruum
602 2153 810 2184 oppugnare.
845 2146 995 2183 Danaus,

298 2197 522 2234 posteaquam
551 2193 638 2224 vidit
668 2203 704 2224 se
737 2194 895 2226 resistere
931 2204 997 2228 non

297 2252 410 2284 posse,
425 2243 510 2274 filias
528 2253 605 2274 snas
621 2242 737 2275 fratris
754 2244 806 2275 sui
828 2245 906 2277 filiis
921 2256 996 2288 spo-

298 2293 420 2334 pondit
431 2302 555 2325 uxores
566 2303 574 2331 3
592 2303 668 2334 quae
679 2294 894 2335 patrisjnssu
907 2296 997 2328 viros

300 2343 470 2375 universae
481 2353 559 2375 suos
570 2342 831 2385 interfecerunt,
841 2346 913 2377 sola
924 2346 998 2386 Hy-

301 2399 515 2435 permnestra
526 2394 662 2433 Lynceo
672 2395 840 2435 pepercit.
850 2395 997 2428 Laetam,

300 2456 309 2460 ·
343 2447 407 2476 228
431 2445 516 2475 Pars
535 2444 709 2483 virginibus
730 2447 863 2487 cir-eum]
884 2447 998 2488 Repe·

300 2494 439 2526 tendum
463 2494 501 2525 τὸ
519 2494 672 2534 virgines.
719 2496 822 2527 Casta
838 2497 912 2528 aliae
929 2506 997 2528 ma-

300 2548 372 2575 tres
400 2553 527 2577 corona
555 2545 695 2576 cinxere
728 2545 888 2586 virgines,
921 2547 997 2579 alim

300 2592 450 2634 undique
467 2593 797 2636 circumfunduntur,
811 2601 850 2628 ut
865 2597 999 2637 nuptia-

227 2640 239 2653 ·
301 2650 375 2673 rum
392 2642 481 2673 bona
495 2643 750 2683 commendent,
763 2650 798 2676 et
811 2647 997 2686 puellarum

301 2691 458 2723 timorem
473 2692 634 2725 eximant.
657 2694 773 2727 Barth,

343 2744 406 2774 285
433 2742 579 2782 Tener-os]
600 2742 762 2783 Timidus,
788 2745 867 2787 quia
885 2746 999 2779 delec-

302 2794 462 2825 taverunt
487 2791 673 2825 Adrastum
696 2792 843 2827 filiarum
868 2796 999 2838 lachry-

753 250 894 285 No'rAE
927 251 1190 285 VARIORUM
1222 252 1275 284 m

1035 355 1119 378 mae:
1143 350 1218 378 erat
1240 345 1343 378 etiarn·
1369 343 1511 386 pudoris
1535 341 1670 384 insigne
1694 341 1731 375 iu

1035 402 1113 429 vota
1130 397 1316 438 trepidare.
1339 396 1440 428 Idem.

1078 449 1142 480 237
1164 447 1314 488 Αερενίω·
1337 446 1464 488 Phoebi]
1489 445 1609 477 Fratre
1635 453 1731 485 aspe-

1037 491 1118 538 rior,
1132 498 1212 539 qnia
1226 498 1284 530 illa
1299 498 1452 537 ci-tlmrae,
1474 496 1532 528 illa
1554 495 1734 528 venatibus

1037 556 1175 589 operam
1191 547 1300 579 dedit.
1322 547 1422 578 Idem.

1080 599 1145 629 239
1169 597 1291 639 Cyntho
1314 595 1454 637 comites]
1475 594 1632 638 Cynthus
1650 593 1734 626 Deli

1038 655 1135 678 mons
1148 651 1214 683 est,
1238 647 1360 678 Dianoe
1376 655 1488 686 sacer,
1503 644 1598 677 unde·
1616 645 1627 663 ⁴
1643 643 1733 685 Cyn-

1040 696 1130 729 thia’
1156 697 1267 728 Diana
1292 695 1386 729 dicta
1412 701 1475 728 est.
1517 691 1736 736 &aqua-u]

1041 747 1169 779 Atticae
1195 746 1341 788 regionis
1365 755 1473 783 mons,
1497 745 1665 777 Minerva
1681 751 1735 775 s·-

1039 806 1111 829 oer.
1133 797 1233 828 Idem.

1081 850 1146 879 240
1162 847 1392 887 Nonnunquam
1404 843 1511 885 longa]
1527 844 1604 877 Non
1619 842 1736 876 &bito

1040 897 1120 938 quin
1135 897 1210 929 baec
1232 894 1463 928 commentitia
1487 895 1534 926 sit
1555 893 1736 933 leonianae

1040 949 1176 979 omnino
1207 946 1481 979 rescribendum:
1511 953 1574 976 nou
1604 952 1738 984 ”mum

1040 999 1133 1037 longa
1148 998 1272 1028 tuendo.
1313 996 1359 1027 Et
1375 995 1403 1027 si
1420 994 1479 1026 diu
1494 993 1673 1033 intuearis,
1683 993 1737 1024 ›iu-

1041 1048 1128 1089 quit,
1142 1056 1311 1088 nunquam
1327 1050 1442 1077 tamen
1454 1043 1649 1076 discernere
1660 1052 1739 1084 pos·

1042 1107 1108 1138 ses,
1140 1107 1215 1139 quae
1245 1096 1424 1138 gratiosior
1455 1098 1518 1127 ,aut
1554 1094 1736 1136 pulchrior.

1043 1148 1198 1180 Bernart.

1084 1199 1149 1230 242
1184 1197 1387 1238 Mutatosque
1422 1195 1496 1227 velit
1530 1193 1738 1235 svamm]

1046 1247 1194 1280 Omnino
1231 1248 1319 1279 bene
1346 1243 1489 1287 optimae'
1521 1244 1740 1284 membrum,

1043 1299 1150 1330 velint.
1196 1297 1345 1329 Omissio
1374 1301 1428 1328 est
1453 1295 1586 1327 voculoe
1603 1293 1689 1329 ‘uit'r
1711 1293 1740 1326 si

1042 1349 1148 1380 velint.
1180 1348 1239 1379 De
1253 1346 1413 1379 ambabus
1429 1346 1516 1377 enim
1532 1344 1740 1386 puellaribus

1043 1397 1187 1430 Deabus
1216 1398 1366 1439 loquitur
1399 1396 1544 1430 insimul.
1599 1395 1740 1427 Habue-

1045 1452 1124 1478 runt
1136 1457 1210 1479 eam
1225 1457 1338 1479 veram
1355 1447 1560 1488 scripturam
1573 1449 1609 1478 et
1620 1444 1742 1477 Linde·

1044 1496 1196 1537 brogiani
1212 1501 1249 1529 et
1265 1496 1450 1530 Bebotiani
1466 1495 1555 1528 libri.
1578 1494 1698 1527 Barth.

1087 1550 1152 1579 24⁷
1170 1547 1239 1579 Nec
1251 1548 1354 1580 minus
1367 1547 1489 1588 auditi]
1501 1547 1625 1579 Sensus
1638 1556 1648 1578 z
1665 1545 1741 1578 Nee

1042 1600 1154 1630 minus
1171 1599 1277 1632 auditi
1292 1604 1371 1631 sunt
1388 1600 1449 1638 ini,
1465 1599 1520 1641 qui
1538 1599 1636 1630 thure
1650 1597 1742 1629 Deos

1043 1650 1194 1690 placant,
1210 1650 1275 1681 illis
1290 1651 1345 1692 qni
1371 1650 1494 1681 hostias
1518 1647 1742 1680 immolarent·

1046 1700 1270 1732 victimarum
1301 1701 1391 1733 enirn
1420 1701 1495 1733 loco
1529 1699 1602 1731 sols
1635 1697 1741 1730 etiam

1045 1749 1132 1781 bona
1153 1750 1362 1783 conscientia
1378 1751 1454 1782 Diis
1467 1751 1600 1782 litatur.
1644 1748 1744 1795 Sient

1044 1803 1204 1835 Persius:
1243 1801 1253 1818 ‘
1281 1801 1514 1842 Compositnm
1537 1800 1594 1842 jus
1620 1798 1742 1841 fasque

1047 1854 1163 1895 animi,
1185 1858 1388 1894 sanctosque
1422 1860 1575 1883 recessus
1602 1850 1743 1886 Mentis.

1046 1909 1081 1936 et
1097 1904 1266 1935 incoctum
1283 1910 1482 1944 generosum
1495 1906 1614 1943 pectus
1627 1900 1746 1932 lrones-

1045 1954 1104 1987 to.'
1129 1954 1229 1985 Idem.
1663 1964 1667 1967 -

1088 2007 1151 2036 248
1175 2003 1360 2043 fractisque
1373 2002 1540 2033 obtendunt
1555 2001 1668 2033 limina
1681 2001 1745 2042 syl-

1046 2054 1111 2094 vis]
1133 2055 1185 2085 Ex
1216 2061 1308 2084 more
1339 2051 1466 2092 veteri,
1496 2061 1564 2093 quo
1592 2051 1745 2083 in-omni

1047 2103 1182 2144 publica
1199 2103 1400 2143 privataque
1417 2101 1539 2132 lat-titia
1555 2104 1747 2142 receptum,

1046 2159 1114 2195 qua
1131 2153 1272 2194 templa,
1298 2162 1365 2193 qua
1385 2152 1507 2193 januas
1529 2150 1667 2191 adium,
1691 2149 1745 2182 or-

1047 2203 1120 2234 nari
1139 2207 1206 2234 tarn
1232 2201 1372 2234 floribus
1397 2209 1496 2243 qiram
1515 2200 1633 2232 ramis.
1677 2200 1746 2231 Ex-

1047 2253 1161 2293 empla
1184 2252 1307 2293 passim
1325 2251 1435 2282 obvia.
1480 2250 1534 2282 Ad
1551 2250 1660 2281 luceru
1676 2249 1745 2280 Pa·

1047 2302 1130 2342 pinii
1156 2300 1278 2340 nostri,
1300 2299 1476 2333 Juvenatis
1491 2300 1563 2331 Sat.
1580 2307 1632 2331 vx.
1653 2302 1664 2317 ⁶
1679 2298 1746 2330 Or-

1047 2355 1143 2383 natas
1173 2351 1287 2391 paullo
1316 2355 1396 2381 ante
1426 2348 1532 2388 fores,
1558 2348 1747 2389 pendentia

1047 2401 1168 2442 linquit
1182 2400 1270 2431 Vela
1285 2398 1417 2437 domus,
1432 2402 1469 2430 et
1483 2398 1593 2429 adbuc
1609 2398 1745 2430 virideis

1047 2450 1080 2481 in
1108 2449 1221 2480 limine
1247 2447 1380 2479 ramos!
1425 2447 1581 2479 Catullus
1597 2448 1634 2478 in
1650 2448 1747 2488 Nup-

1047 2500 1105 2532 tiis
1123 2499 1244 2530 Pelei:
1266 2500 1277 2517 ⁴
1295 2498 1508 2530 Vestibulum
1524 2502 1562 2529 ut
1577 2497 1670 2529 molli
1689 2507 1746 2529 ve-

1046 2549 1153 2581 latum
1170 2547 1290 2580 fronde
1306 2548 1453 2578 vireret?
1476 2548 1626 2579 Bemart.

1048 2605 1053 2609 ·
1091 2602 1153 2630 251
1179 2599 1348 2639 Innuptam
1367 2597 1489 2637 limine]
1513 2596 1604 2629 Audi
1625 2598 1746 2638 Lugii

1049 2650 1214 2689 scripturn
1252 2648 1400 2679 librum:
1432 2647 1595 2688 innuptam
1623 2649 1748 2680 lumine.

1049 2700 1159 2731 Plane
1190 2698 1225 2730 id
1255 2707 1450 2739 germanum
1484 2703 1547 2730 ent.
1592 2699 1749 2739 Respicit

1048 2748 1140 2780 faces
1153 2748 1345 2790 nuptiales3
1367 2757 1442 2779 nam
1460 2747 1575 2788 paucis
1597 2748 1748 2780 versibus

1048 2799 1245 2842 interjectis
1273 2797 1406 2840 inquit:
1439 2797 1450 2816 ⁴
1478 2796 1746 2841 Praemzssanque‘
