1878 3164
472 235 513 267 Ρ.
546 230 736 266 ΡΑΡΪΝῙῙ
770 231 934 265 STATu
968 232 1115 264 THEB.
1147 233 1244 265 LIR.
1266 235 1331 266 lv,

174 322 403 373 nonumque]
422 329 490 363 sic*
501 329 673 363 Homerus
697 328 876 371 epitheton

173 381 252 424 ptri
267 379 470 424 sig-mesto.
492 379 512 399 ‘
533 391 643 412 καιτον
666 386 770 412 emor
790 391 877 412 οκον-

171 431 254 464 'nuv
273 430 294 452 ⁹
313 430 404 476 qued
423 429 602 471 significat
629 436 807 463 montuosa
832 431 875 464 ab

173 479 375 518 excessione
390 481 518 513 velocis
534 482 642 513 cervi.
665 481 766 513 Idem.

215 532 284 565 ‘lm
299 530 401 574 pr]
423 529 600 573 Oppidum
615 531 786 564 Messenae
808 532 874 564 dis·

172 580 294 614 sisine.
341 580 428 613 Num
445 586 483 613 ut
498 580 557 612 illa
573 581 607 612 in
622 590 745 622 campo
764 582 874 623 posita

168 627 239 672 fist,
258 629 395 664 lte'boe
419 631 454 662 in
471 631 643 663 montibus
658 632 874 664 collocatum.

131 739 133 741 '
170 730 276 764 *181
303 730 415 765 Getico
443 731 527 774 mei]
547 732 743 764 Tliumirum
773 732 873 774 dicit,

167 777 272 824 intem
283 781 398 815 Mus‘ae
411 782 542 824 ingenti
563 783 670 815 livore
688 789 789 817 motae
805 795 871 818 coe-

167 834 270 865 'ense
283 832 458 866 dicuntur.
481 833 581 866 Idem.

125 902 127 905 v
213 884 278 916 102
301 882 441 926 Dorion]
463 883 640 926 Oppidum
663 885 706 918 de
729 896 796 927 quo
818 885 871 919 hio

169 933 273 976 polita
286 933 366 968 fuit.
383 935 484 967 Idem.

212 987 277 1019 tes
298 985 433 1027 Aonias]
455 985 587 1025 Musas,
613 996 634 1017 a
658 986 782 1018 montis
811 995 870 1018 no·

169 1035 260 1070 mino
273 1041 499 1080 nuncupatas.
514 1037 613 1070 Idem.
653 1038 775 1069 Multos
788 1038 869 1070 Tha-

168 1085 268 1130 hyr&
279 1086 459 1128 damus]
474 1086 616 1119 Homeri
630 1097 639 1118 ε
664 1086 724 1118 Καὶ
739 1087 869 1129 Δώριον,

168 1135 293 1170 κατ’(
307 1137 429 1169 Μοῦσαι
452 1135 633 1176 Ἀντόμεναι
657 1135 793 1178 Θάμυριν
813 1137 871 1169 τὸν

168 1186 286 1229 Θρήϊκα
319 1187 443 1219 vascua
469 1187 585 1224 ἀοιδῆς.
641 1188 687 1219 Et
718 1188 868 1220 Lucani:

167 1241 179 1258 ‘
195 1238 322 1273 Dorion
338 1239 388 1272 ira
402 1239 536 1272 Flebile
556 1239 754 1271 Pieridum:
799 1239 869 1271 Sed

167 1288 404 1323 scribendum:
424 1289 530 1322 ἠιιιιοσ
546 1289 715 1330 Thamyris
739 1290 868 1322 damna·

167 1340 390 1373 turinum-s.
434 1340 491 1373 Ita
515 1340 668 1382 punitus,
688 1345 727 1371 ut
753 1340 787 1371 in
814 1350 867 1372 re·

167 1390 295 1433 liquem
311 1390 443 1423 viveret
452 1388 621 1427 usmetun
631 1388 805 1431 ἀφαιρεθεὶς
818 1389 868 1422 καὶ

167 1438 593 1482 ὰλελησμένοςκιθαριστύν.
629 1442 640 1458 ‘
658 1440 750 1472 Muti
766 1440 868 1479 anni,’

167 1491 291 1535 quibus
307 1500 431 1524 canere
446 1491 549 1524 'desiit
563 1491 764 1533 nesciitque.
791 1491 869 1522 Vir-

119 1559 123 1563 ,
167 1541 275 1583 gilius-
296 1542 372 1575 AEu.
398 1550 467 1577 xu-
508 1542 519 1560 ‘
545 1542 644 1574 Scire
674 1546 868 1583 potestates

166 1593 349 1633 herbarum
378 1602 545 1636 usumque
568 1591 727 1624 medendi
742 1593 868 1625 Maluit

166 1646 204 1675 et
232 1649 345 1676 mutas
382 1644 514 1685 agitare
546 1643 713 1685 inglorius
753 1643 868 1675 artes!

166 1693 381 1736 Simpliciter
411 1700 476 1732 est,
505 1698 596 1726 artes
618 1703 687 1726 non
713 1703 867 1736 canoras,

165 1743 463 1785 nibiltinnientes,
485 1754 554 1777 nou
579 1745 741 1778 Musicas.
787 1746 864 1778 Nec

161 1799 238 1828 ‘tum
259 1795 302 1828 de
316 1795 487 1828 medicina
500 1795 629 1828 dicitur
647 1796 787 1837 proprie
808 1796 865 1836 (ut

165 1855 284 1880 omues
298 1851 530 1893 acceperuut‚·
544 1847 690 1880 sonicite
708 1857 865 1889 quaeren-

164 1892 230 1941 tes,
243 1908 350 1942 qnare
364 1898 534 1931 medicina
547 1898 684 1931 dicatur
696 1901 706 1917 ‘
723 1908 778 1931 ars
793 1909 864 1940 mu-

124 1963 126 1967 >
162 1947 234 1990 ts')
261 1956 360 1992 quam
391 1948 436 1981 de
458 1948 612 1981 omnibus
638 1949 713 1981 aliis
742 1949 865 1981 studiis

165 2000 366 2043 artibusque
394 2003 510 2042 potest
536 1999 606 2032 dici
635 2005 765 2042 praeter
785 2010 865 2032 can-

163 2056 251 2092 tum,
278 2052 469 2094 augurium,
492 2055 530 2083 et
545 2051 686 2093 sagittas
710 2050 864 2092 Apollin.

163 2113 242 2136 nem
258 2108 294 2137 et
308 2105 362 2136 1·ae
377 2114 523 2137 canoro.
566 2103 694 2137 Noster
708 2105 743 2136 in
757 2103 865 2138 Herc.

163 2155 259 2187 Surr.
282 2155 293 2174 ⁸
309 2155 420 2188 socius
435 2155 499 2187 tibi
515 2155 643 2196 grande
657 2154 792 2186 sonabit
805 2154 864 2186 Al-

163 2204 271 2247 cides,
285 2209 452 2248 tensoque
477 2205 594 2238 modos
608 2205 799 2238 imitabitur
811 2215 863 2237 ar-

163 2254 228 2288 cu!
279 2254 401 2296 Ψαλμοὶ
422 2254 517 2296 »rbem
537 2255 626 2298 apud
651 2255 863 2298 Euripidem.

161 2308 288 2342 Maluit
304 2309 407 2342 aliam
432 2313 541 2342 artem
558 2319 656 2351 quam
672 2313 793 2341 cantus
809 2311 864 2342 vel

163 2362 362 2395 carminum.
386 2362 438 2395 Ea
447 2360 515 2394 fnit
526 2372 608 2394 sene
619 2362 864 2403 medicina‚sed

160 2415 229 2445 non
241 2416 427 2455 propterea
436 2413 599 2455 singulari
613 2413 725 2454 aliqua
733 2413 776 2444 de
787 2423 864 2445 cau·

161 2462 308 2497 sa‘muta
321 2470 374 2498 est
388 2465 510 2507 magis,
518 2473 618 2507 quam
634 2463 794 2506 quicquid
809 2465 865 2496 lia-

161 2512 267 2549 betur
277 2516 402 2549 arnum
418 2521 548 2557 praeter
562 2515 644 2548 istas
652 2514 863 2557 Apollineas.

160 2566 218 2599 sie
233 2570 270 2599 et
283 2565 379 2599 addit
394 2568 404 2586 ‘
419 2565 607 2608 inglorius(
622 2576 691 2598 non
708 2566 804 2608 qnasi
820 2576 864 2598 ex

159 2617 332 2650 medicina
367 2622 517 2660 nequeat
543 2618 704 2649 eximium
741 2627 864 2650 nomeu

116 2698 118 2700 ,
160 2669 364 2710 comparari,
375 2668 434 2700 sed
450 2667 726 2712 qnia-Poetarum
742 2669 865 2709 praeci-

161 2727 266 2760 puum
281 2723 336 2751 est
351 2719 440 2751 ‘otia
451 2719 530 2751 vitae
542 2718 651 2751 Solari
665 2722 768 2750 cantu
784 2728 865 2751 ven-

161 2773 303 2811 touque
319 2768 443 2810 gaudis
455 2768 556 2801 famae
573 2768 764 2809 Qnaerere,’
780 2774 816 2801 et
831 2769 867 2801 hi

159 2827 228 2851 non
244 2817 383 2852 aliunde
397 2818 506 2861 magis
524 2812 624 2862 quam
647 2819 684 2852 ἐκ
705 2822 768 2854 τῶν
782 2824 866 2853 Mov-

1519 226 1633 269 1845

925 327 1009 362 σόων
1029 329 1120 363 κλέος
1143 329 1288 373 ἔρχεσθαι
1303 329 1529 364 arbitrantur.
1573 332 1631 365 Sic

926 380 1050 413 Cicero
1072 383 1082 400 ‘
1099 385 1210 413 mutas
1226 380 1337 413 artes’
1358 380 1456 423 dicit,
1470 383 1630 423 exemplo

924 430 1070 473 pict'urae
1084 435 1121 464 et
1129 431 1319 472 statuariae,
1330 441 1447 464 omnes
1461 431 1536 463 illas
1553 441 1630 474 quae

925 488 1005 514 sunt
1029 485 1158 524 praeter
1174 482 1417 524 eloquentiam.
1460 482 1515 514 De
1531 482 1631 515 Orat.

924 531 986 564 lib.
1001 541 1058 565 ιιι.
1081 537 1090 551 ‘
1103 533 1150 565 Et
1162 532 1190 569 si
1205 533 1271 564 hoc
1287 532 1321 564 in
1340 532 1390 564 his
1414 533 1509 575 quasi
1524 533 1628 565 mutis

923 583 1054 616 artibus
1074 588 1126 616 est
1141 584 1347 625 mirandum,
1374 588 1411 616 et
1435 588 1550 616 tamen
1574 593 1628 617 ve-

923 643 996 666 rum
1012 638 1077 676 est,
1090 639 1219 678 quanto
1237 633 1469 666 admirabilius
1495 634 1529 666 in
1553 643 1628 666 ora-

924 684 1018 717 tione
1035 689 1140 727 atque
1154 685 1273 726 lingna
1283 683 1307 715 ?'
1351 683 1519 716 Mendum
1535 683 1627 717 idem

922 735 1119 776 sustulimus
1135 745 1154 767 e
1165 734 1303 766 Valerio
1317 734 1449 767 Catone
1464 734 1497 766 in
1509 735 1624 767 Diris:

920 785 930 803 ‘
947 786 1047 818 Muta
1070 786 1162 828 prius
1188 785 1308 826 fuerit,
1331 795 1432 827 quam
1459 795 1525 817 non
1548 780 1626 818 mea

920 835 1030 868 libera
1060 835 1191 868 avena!
1251 834 1379 867 Omnia
1409 835 1501 876 prius
1542 835 1625 868 fient

920 895 996 928 quae
1022 884 1097 917 fieri
1124 890 1318 928 nequeunt:
1341 885 1488 927 denique
1515 887 1625 918 conti-

920 940 1037 968 cescet
1054 936 1160 977 prius,
1177 946 1277 978 quam
1294 935 1432 968 desinat
1447 946 1522 968 esse
1537 937 1623 969 libe-

921 996 970 1027 ra,
986 987 1086 1018 Musa
1113 995 1198 1017 mea.
1243 986 1349 1018 Plura
1375 985 1418 1017 ad
1443 995 1513 1018 rem
1543 996 1622 1028 per-

920 1036 1088 1077 tinebant,
1110 1036 1169 1069 sed
1184 1037 1257 1078 jam
1274 1037 1480 1069 excessimus
1495 1037 1622 1070 limites

919 1088 1154 1132 praescriptos.
1209 1087 1415 1120 Audendum
1446 1094 1559 1121 tamen
1589 1089 1622 1120 in

919 1138 1114 1171 melioribus
1129 1148 1218 1179 esse,
1240 1139 1250 1157 ‘
1265 1148 1421 1180 praeceps
1436 1139 1493 1181 qni
1507 1140 1528 1172 :¹
1551 1140 1622 1181 pla-

919 1192 1043 1230 cetque
1059 1189 1198 1221 sublata
1212 1188 1491 1229 interrogationis
1517 1195 1620 1222 nota:

918 1239 1031 1280 homo,
1047 1240 1171 1282 iuquit,
1190 1240 1335 1271 stolidus
1350 1244 1384 1271 et
1402 1240 1620 1281 temerarius,

918 1290 976 1332 qui
1003 1299 1071 1321 nou
1097 1288 1296 1321 recordatus
1322 1290 1367 1321 sit
1392 1289 1541 1332 Marsyae
1565 1299 1620 1323 ca-

917 1350 1001 1372 snm.
1028 1341 1164 1372 Gronov.

960 1393 1023 1423 184
1049 1391 1115 1423 Ore
1137 1390 1245 1431 simul]
1268 1390 1410 1432 Optime
1427 1390 1531 1432 po'tita
1545 1391 1620 1423 Ho-

917 1440 1002 1472 meri
1018 1440 1213 1482 ambiguum
1236 1441 1377 1472 verbum
1399 1441 1548 1482 positum
1571 1442 1621 1473 in-

918 1492 1053 1524 tellexit
1078 1492 1121 1523 de
1144 1492 1208 1524 hoc
1232 1492 1318 1534 ipso,
1340 1491 1431 1534 quod
1456 1497 1622 1526 accentus

918 1543 1185 1575 commutatione
1201 1542 1420 1584 significavit,
1433 1552 1499 1575 non
1512 1553 1622 1576 caeca-

919 1597 990 1625 tum
1004 1593 1146 1634 lumine,
1161 1593 1221 1624 sed
1242 1602 1318 1625 eum
1342 1593 1439 1634 cujus
1460 1593 1506 1625 sit
1528 1593 1621 1626 dam-

916 1648 1034 1676 uatum
1061 1643 1248 1685 ingenium,
1271 1647 1309 1674 ut
1331 1652 1396 1676 nec
1416 1643 1621 1676 chordarum

917 1694 1069 1735 gloriam,
1097 1703 1161 1726 nec
1190 1694 1284 1726 vocis
1314 1702 1432 1725 sonum
1461 1692 1620 1727 inferret.

915 1745 1061 1777 Luctant-

959 1798 1022 1828 186
1047 1795 1205 1837 Celaenas]
1230 1795 1369 1827 Celaene
1397 1795 1515 1837 Lydiae
1538 1796 1621 1828 civi·

916 1850 982 1886 tas,
998 1847 1032 1878 in
1059 1846 1153 1887 cujus
1168 1849 1267 1877 antro
1284 1845 1431 1877 Marsias
1447 1846 1557 1878 victus
1574 1844 1619 1879 ab

916 1897 1080 1938 Apolline
1095 1901 1162 1937 est,
1186 1904 1223 1928 et
1245 1895 1413 1937 supplicio
1438 1895 1583 1928 affectus
1600 1907 1621 1929 a

916 1947 1126 1980 tortoribus:
1143 1947 1240 1988 cujus
1256 1947 1299 1978 de
1316 1946 1480 1988 sanguiue
1497 1945 1620 1979 fluvius

916 1999 988 2043 ejus
1013 1998 1150 2031 nomine
1176 2001 1277 2029 natus
1305 2002 1369 2029 est.
1415 1997 1465 2029 Ut
1490 1998 1620 2030 Lucan.

917 2050 1059 2082 asserit:
1072 2050 1092 2071 >⁴
1111 2049 1158 2081 Et
1177 2048 1277 2080 rectis
1297 2047 1510 2080 descendens
1525 2049 1618 2081 Mar·

916 2099 966 2131 sia
991 2099 1074 2141 ripis
1098 2099 1283 2131 Errantem
1301 2098 1496 2130 Meandron
1524 2098 1621 2130 adit.’

917 2151 982 2183 Est
997 2159 1137 2182 sensns:
1162 2149 1353 2182 Temeritas
1364 2149 1517 2181 Themin-i
1529 2150 1623 2182 Mar·

917 2202 977 2234 siae
993 2201 1114 2233 debuit
1128 2200 1281 2233 coiirceri
1295 2199 1483 2241 suppliciis.
1499 2204 1539 2232 ut
1552 2201 1620 2233 Lu·
1659 2206 1661 2208 ’

916 2262 990 2284 can.
1015 2255 1024 2269 ‘
1042 2252 1225 2284 Damnatae
1252 2250 1383 2282 Phoebo
1409 2251 1538 2283 victore
1554 2251 1619 2284 Ce-

915 2302 1039 2335 laenae.'
1064 2303 1163 2335 Idem.

961 2356 1023 2386 188
1045 2353 1203 2394 Auguris]
1216 2351 1394 2385 Alcmaeon
1410 2353 1475 2386 hoc
1491 2354 1620 2386 monile

916 2404 1030 2437 occisa
1058 2408 1169 2436 matre
1211 2402 1362 2444 Apollini
1391 2404 1621 2445 consecravit,

916 2455 1007 2497 quod
1038 2455 1073 2487 in
1100 2453 1232 2487 fontem
1272 2454 1408 2486 missum
1449 2455 1620 2498 hodieque

916 2507 1009 2539 cerni
1033 2507 1173 2546 dicitnr,
1198 2506 1289 2548 quod
1310 2506 1338 2537 si
1360 2507 1436 2548 quis
1450 2517 1552 2539 mann
1571 2513 1622 2540 at-

918 2557 1133 2596 trectaverit,
1171 2554 1324 2588 ostendit
1356 2555 1487 2589 offendi
1514 2559 1622 2592 solem

918 2613 953 2640 et
989 2612 1216 2650 tempestates
1246 2608 1346 2640 oriri:
1380 2608 1471 2640 unde
1496 2609 1622 2651 'Vin-gil.

918 2664 927 2679 ‘
936 2660 1166 2702 Moestamqne
1175 2659 1373 2701 Eriphylem
1382 2660 1539 2693 Crudelis
1551 2662 1625 2694 nati

917 2715 1166 2743 monstrantem
1181 2710 1322 2748 vulnere
1337 2711 1470 2743 cernit.’
1493 2712 1594 2746 Idem.

964 2764 1027 2794 194
1045 2762 1140 2794 Domi
1153 2760 1236 2802 viro]
1262 2761 1315 2793 De
1338 2762 1493 2795 Homero
1517 2768 1626 2796 trans-

919 2814 1014 2847 tulit.
1059 2813 1116 2847 Ita
1130 2812 1216 2846 velit
1228 2813 1369 2855 pacisci,
1391 2819 1430 2846 ut
1447 2814 1543 2847 malit
1558 2824 1627 2847 mo-
