1878 3164
432 225 472 258 P.
505 225 697 258 PAPINH
728 224 895 257 STATll
927 225 1072 258 THEB.
1104 226 1202 257 mn.
1238 226 1342 257 vlu.

160 322 287 360 gamm,
313 327 392 360 qun
412 328 516 361 poena
532 317 716 362 proposita·
734 320 791 358 iis,
805 321 861 363 qui

158 376 224 412 per
234 377 359 412 aquam
368 368 523 412 Stygiam
535 371 773 412 pejerassent:
791 375 861 404 tra-

159 419 248 452 didit
258 429 334 454 eam
349 419 525 453 Hesiodus
538 421 573 453 in
584 421 794 464 Theogonis,
803 432 861 455 cu-

151 469 213 510 jus
233 478 353 502 versus
378 479 446 503 non
469 471 673 514 adscribam,
697 474 758 506 sed
784 484 861 507 sen-

156 529 244 558 sum.
285 521 467 556 Sententia
495 533 579 557 vero
608 525 682 558 haec
712 530 787 559 est:
822 526 861 559 Si

156 570 233 614 quis
261 571 415 605 Deorum
451 575 643 608 caelestium
676 577 863 619 perjurarit

156 630 222 665 per
237 631 360 665 equam
375 623 506 666 Stygis,
529 630 605 658 toto
619 627 755 669 integro
771 637 861 660 anno

154 678 300 711 occure
312 679 351 713 et
364 676 537 710 ambrosia
553 678 728 712 abstinere
743 679 862 720 debet,

153 724 365 768 humijscet,
379 732 491 760 mutus
503 732 541 761 et
554 729 710 771 lethargo
721 739 862 771 oppres-

158 785 227 810 sus.
271 775 362 810 Post
376 787 516 819 aunum,
531 779 664 821 majora
680 780 774 812 illum
789 791 862 813 ma-

158 831 244 866 nent
253 828 455 870 supplicia:
478 839 557 862 nam
581 841 644 872 per
666 841 786 864 novem
801 842 862 865 an·

159 888 220 912 nos
236 880 270 913 in
286 880 424 913 exilium
441 881 590 923 pellitur,
607 883 728 924 procul
745 893 765 914 a
780 882 861 915 deo-

157 939 232 964 rum
241 935 335 964 eoetu
344 930 537 973 ablegatur.
563 932 708 965 Decimo
723 932 860 965 demum

158 992 248 1016 anno
268 982 448 1025 pristinam
467 983 703 1016 conditionem
724 984 863 1026 recipit.

157 1032 247 1067 Hoec
271 1033 343 1066 ille.
384 1033 550 1066 Ceterum
580 1044 642 1067 cur
671 1035 728 1068 hic
757 1036 862 1068 honos

156 1084 255 1127 Stygi
269 1084 419 1118 tributus
429 1085 488 1126 sit,
502 1086 596 1118 varie
612 1087 769 1119 traditur.
790 1087 862 1119 Isa-

157 1135 232 1169 cius
246 1135 369 1177 voluit,
384 1136 467 1178 quia
488 1137 575 1179 Styx
590 1138 862 1179 conjurationem

157 1187 299 1222 deorum
325 1187 490 1221 adversus
513 1188 654 1228 Jovem,
669 1189 763 1221 illum
789 1189 863 1221 vin-

156 1237 231 1271 cire
267 1237 470 1278 volentium,
517 1237 749 1279 patefecerit:
803 1239 863 1271 alii

157 1289 240 1331 quia
257 1287 378 1331 Stygis
395 1287 497 1330 Nfiliae,
513 1289 679 1326 Victoria,
696 1289 769 1331 Vis,
795 1290 862 1322 Ro-

156 1338 235 1376 bur,
262 1339 382 1380 ΖοΙιιε,
409 1339 491 1373 Jovi
530 1339 695 1372 adversus
722 1340 864 1373 Titanas

157 1398 258 1431 opem
270 1389 444 1423 tulissent.
467 1389 621 1423 Reman.

201 1442 245 1473 86
272 1440 364 1474 Unde
377 1440 445 1473 λωι-
457 1440 537 1472 milti
548 1441 678 1482 proelia]
700 1440 864 1482 Quidam,

158 1490 376 1529 uenantum,-
399 1490 462 1523 sed
476 1490 567 1529 haud
582 1490 686 1524 dubie
698 1492 812 1533 plures
830 1495 866 1523 et

158 1543 302 1585 optimi:
324 1546 399 1576 uter
410 1542 487 1575 luoec.
507 1541 694 1584 Jupiterne
711 1552 752 1574 an
769 1543 865 1584 Nep-

160 1594 287 1629 tuum?
322 1603 402 1627 nam
432 1598 471 1626 et
496 1593 555 1626 ille
583 1603 660 1626 cum
688 1593 867 1626 tremenda

159 1645 303 1679 coesari'e
318 1655 380 1678 sua
394 1654 490 1687 saepe
506 1649 646 1682 terram,
658 1654 765 1684 mare,
779 1644 866 1676 side·

162 1705 203 1729 ra
216 1695 336 1736 movit,
357 1699 395 1728 et
408 1695 466 1728 hic
480 1694 650 1736 σεισίχθων
665 1700 767 1738 atque
783 1695 865 1727 ἐννο-

158 1746 293 1788 abram.
337 1747 392 1780 Ex
407 1751 512 1780 terrae
528 1751 644 1780 autem
662 1746 867 1779 tremoribus

159 1798 276 1831 hiatus
291 1798 381 1830 vasti
402 1802 439 1831 et
463 1797 651 1831 chasm'ata.
695 1798 781 1830 Cum
802 1798 866 1830 ita-

161 1857 228 1892 qne
257 1849 405 1882 numinis
434 1850 615 1892 utriusque
644 1848 797 1891 fingatur
825 1860 868 1882 ea

159 1903 331 1942 potestas,
356 1901 484 1932 merito
513 1899 664 1941 dubitat,
693 1905 772 1932 uter
801 1899 868 1932 sibi

159 1950 224 1984 ltoc
239 1949 365 1984 bellum
389 1950 486 1983 velut
508 1950 652 1984 indicat.
697 1950 870 1983 Gruterus

107 2018 111 2022 ν
162 2006 390 2037 adnotaverat
432 2002 552 2037 labare
593 2002 684 2035 hunc
723 2012 872 2044 versum,

161 2063 264 2096 quem
298 2053 472 2098 quomodo
502 2052 655 2095 fulciret,
688 2053 869 2095 ignorare:

164 2105 248 2137 illud
262 2104 366 2145 scire,
381 2103 510 2146 aliquid
524 2104 698 2136 excidisse
714 2109 773 2135 aut
790 2105 870 2136 sub-

165 2164 240 2188 esse
255 2154 388 2188 vitium.
423 2155 608 2187 Possemus
625 2154 786 2196 equidem
798 2164 870 2187 non

165 2205 409 2247 modo'facile,
434 2205 496 2238 sed
522 2210 559 2237 et
574 2205 751 2247 eleganter
767 2216 778 2238 x
811 2216 870 2239 un-

165 2258 206 2291 de
226 2256 354 2290 minae?
387 2255 516 2289 Verum
545 2265 630 2289 cum.
653 2256 798 2288 alterum
825 2256 872 2289 sit

165 2309 201 2341 in
215 2307 374 2341 omnibus
400 2306 512 2344 libris,
528 2311 564 2338 et
587 2306 722 2340 soleant
747 2306 796 2339 sic
822 2307 872 2339 in-

167 2358 304 2392 terdum
331 2358 494 2400 Virgilius
523 2356 751 2400 Ovidinsque‚
778 2362 874 2390 nota-

167 2409 385 2452 verimusque
407 2408 485 2451 jam
512 2408 573 2440 lib.
587 2417 637 2441 xv..
657 2409 668 2426 ⁴
683 2413 872 2450 teneroque

168 2461 260 2495 unde
285 2459 443 2502 improba
466 2463 606 2501 pectore
622 2458 766 2490 virtusz’
790 2459 872 2492 nihil

169 2516 350 2551 mutamus.
386 2510 464 2543 Lib.
489 2517 541 2542 ix.
563 2511 573 2528 ‘
588 2518 666 2542 cum
689 2507 874 2552 fluctivago

169 2561 321 2604 Ergino?
344 2562 486 2594 Gronov.

213 2616 258 2648 ⁸8
279 2614 367 2647 Nam
379 2615 429 2646 cui
441 2614 532 2645 dulce
545 2612 663 2654 magis]
687 2611 798 2646 Quam
816 2611 875 2643 mi-

170 2666 221 2708 hi,
234 2669 273 2699 nt
287 2665 404 2708 superi
418 2664 656 2697 misceantur?
686 2663 722 2695 id
746 2667 798 2695 est
816 2672 874 2695 ex-

172 2717 275 2762 pedit
287 2726 351 2761 per
365 2721 491 2752 sortem
514 2716 637 2749 minori
661 2714 876 2748 confundere

172 2778 249 2813 qum
263 2767 393 2801 fuerint
408 2771 579 2810 separata.
602 2767 698 2799 Lact.

214 2824 261 2858 ⁴0
276 2821 347 2856 Nee
357 2821 420 2855 iste
434 2821 536 2863 meus]
553 2821 670 2863 Meus,
681 2819 807 2863 inquit,
819 2818 877 2852 hic

1502 218 1624 260 1935·

912 321 1057 354 mundus
1073 331 1139 354 non
1155 327 1220 362 est,
1234 322 1294 355 sed
1307 323 1395 354 bunc
1408 326 1522 354 rector
1538 332 1615 364 per·

913 372 1039 413 rumpit
1055 378 1235 406 astrorum.
1259 374 1357 405 Idem.

955 425 996 455 44
1019 423 1233 465 Miser-umque
1251 425 1390 466 putrem]
1413 425 1619 464 Saturnum3

912 482 991 504 nam
1007 478 1044 505 et
1059 474 1150 506 hunc
1167 484 1234 506 non
1250 476 1358 507 solum
1381 485 1402 508 a
1415 475 1504 508 Jove
1521 474 1616 508 vinc-

913 527 983 555 tum
1000 523 1119 556 Poetae
1133 524 1320 565 finxerunt,
1336 526 1396 558 sed
1413 536 1489 558 cum
1506 525 1626 559 fratrer

912 573 1038 615 Iapeto
1053 574 1088 606 in
1103 575 1284 608 Tartarum
1300 577 1504 619 conjectum.
1547 576 1618 609 Adi

914 623 1102 658 Homerum
1118 626 1219 660 Iliad.
1234 630 1270 658 Θ.
1297 632 1333 660 et
1354 637 1514 669 maguum
1537 627 1618 660 Pla-

912 680 1030 709 tonem
1052 677 1236 711 stultitiam
1261 678 1350 712 hanc
1374 679 1559 722 ridentem,
1582 678 1619 712 in

911 727 1136 768 Eutiphrone.
1161 728 1317 762 Ber-nort.

952 781 996 811 47
1021 778 1206 820 Hyper-iona
1219 780 1310 821 caelo]
1334 780 1539 822 Hyperiona
1553 789 1627 823 pro-

912 828 990 861 Sole
1014 829 1116 870 dixit,
1131 835 1170 863 ut
1192 831 1314 863 Poetae
1337 833 1458 864 solent.
1503 831 1620 865 Prisci

911 879 1004 912 varia
1033 879 1077 912 de
1108 890 1150 912 eo
1178 879 1389 915 fabulantur.
1443 882 1618 915 Diodorus

910 929 1050 963 Saturni
1076 929 1219 964 fratrem
1238 931 1359 974 fuisse,
1381 933 1438 975 qui
1463 933 1553 966 Solis
1577 942 1620 965 ac

912 981 1019 1013 Lunae
1035 990 1174 1014 cursum
1198 982 1327 1024 primus
1354 983 1563 1025 observavit,
1583 987 1623 1016 et

911 1033 1111 1065 mortalibus
1126 1033 1284 1066 tradidit.
1327 1034 1510 1066 Luctatius
1527 1034 1620 1066 Solis

912 1092 1038 1125 equum
1065 1084 1162 1117 dicit.
1193 1085 1296 1117 aliter
1325 1094 1426 1127 quam
1458 1084 1621 1121 Ovidius,

912 1134 970 1175 qui
993 1135 1082 1166 Met.
1106 1143 1148 1167 ιι.
1172 1134 1304 1177 inquit:
1337 1135 1501 1168 ‘Interea
1525 1135 1620 1167 volu-

913 1194 989 1217 cres
1019 1185 1154 1227 Pyrois,
1183 1185 1289 1227 Eous,
1317 1190 1353 1217 et
1379 1185 1508 1218 AEthon
1534 1184 1621 1218 Solis

913 1237 1005 1278 equi,
1020 1242 1231 1279 quartusque
1247 1235 1429 1277 Phlegon!
1454 1236 1555 1269 Idem.

955 1289 999 1319 49
1025 1288 1197 1329 Utrumque
1221 1286 1446 1329 Tyndaridem]
1468 1287 1624 1320 Castoris

914 1341 951 1371 et
967 1338 1119 1371 Pollucis
1135 1339 1214 1371 talis
1231 1342 1285 1370 est
1299 1337 1439 1370 fabula:
1475 1347 1553 1370 cum
1568 1347 1624 1369 es-

914 1394 967 1421 set
992 1389 1196 1422 immortalis
1222 1389 1359 1430 Pollux,
1387 1393 1425 1420 et
1449 1398 1468 1420 e
1488 1388 1624 1421 diverso

915 1440 1041 1473 Castor
1058 1440 1161 1473 morti
1182 1444 1361 1472 teneretur
1377 1440 1556 1481 obnoxius,
1571 1440 1624 1483 pi-

915 1490 1019 1522 etatis
1048 1490 1177 1522 intuitu
1203 1489 1330 1521 Pollux
1355 1494 1468 1521 morte
1491 1489 1625 1521 vicaria

915 1538 1055 1571 fratrem
1086 1539 1244 1571 redemit.
1289 1538 1392 1571 Unde
1417 1538 1540 1580 virgil.
1563 1539 1623 1571 ‘Si

916 1589 1060 1622 fratrem
1077 1590 1202 1622 Pollux
1230 1590 1364 1621 alterna
1389 1594 1501 1621 morte
1525 1589 1623 1621 rede-

917 1641 1002 1674 mit?
1048 1642 1147 1674 Dicit
1163 1651 1244 1682 ergo
1260 1650 1352 1672 nunc
1369 1641 1488 1682 Pluto,
1509 1645 1625 1673 reten-

917 1698 953 1726 to
981 1694 1137 1735 Polluce,
1165 1693 1244 1735 quia
1269 1692 1470 1724 immortalis
1497 1691 1627 1733 fuerat,

917 1754 993 1777 cum
1012 1745 1156 1777 Castore
1177 1751 1340 1785 germano
1362 1743 1499 1775 mortali
1525 1743 1561 1775 in
1588 1753 1626 1774 u-

918 1800 1039 1838 troque
1055 1804 1091 1828 se
1107 1794 1234 1827 mundo
1249 1803 1349 1836 posse
1362 1803 1521 1836 regnare.
1544 1793 1626 1825 Lac-

916 1849 1002 1878 tant.

962 1899 1005 1929 60
1028 1895 1159 1937 Ixiona]
1193 1895 1293 1928 Ixion
1311 1896 1438 1938 quippe
1454 1895 1628 1929 Junonem

921 1957 1022 1980 ausus
1037 1953 1090 1980 est
1106 1947 1217 1989 stupri
1243 1946 1370 1988 injuria
1395 1946 1626 1988 compellare:

918 2001 1084 2034 Tantalus
1098 2009 1181 2032 vero
1196 2000 1294 2033 Jovis
1309 1999 1452 2032 consilia
1473 1999 1637 2037 mortali-2

921 2054 985 2086 bus
1001 2052 1168 2095 prodidit,
1183 2052 1218 2084 in
1237 2062 1356 2084 eorum
1376 2051 1497 2084 audita
1512 2052 1628 2085 conci-

920 2104 979 2136 lio.
1003 2104 1103 2135 Idem.

962 2158 1004 2186 51
1025 2154 1180 2186 Tantalon
1193 2153 1301 2194 unda]
1315 2152 1351 2185 Si
1367 2162 1543 2194 poenarum
1558 2153 1632 2184 cul-

922 2216 984 2248 pas
1000 2210 1167 2246 expectes
1184 2205 1374 2247 utriusque,
1388 2204 1421 2236 id
1435 2210 1489 2236 est
1500 2204 1630 2235 Tanta*

922 2258 945 2290 li
963 2257 1193 2298 Pirithoique,
1215 2260 1443 2298 utrorumque
1459 2255 1642 2297 supplicia-

923 2308 1086 2340 vindictae
1097 2307 1196 2341 Jovis
1208 2316 1229 2339 a
1245 2306 1392 2339 Plutone
1405 2310 1631 2348 praestantur.

922 2360 1023 2395 Idem.
1151 2397 1158 2404 ·

967 2413 1010 2442 52
1037 2409 1116 2442 Vivo
1126 2408 1289 2450 perpetiar
1299 2408 1355 2440 Me
1370 2407 1527 2449 Pirithoi]
1542 2408 1635 2440 Con-

921 2457 1077 2504 ‘queritur
1093 2459 1226 2492 Inferos
1251 2460 1303 2491 his
1325 2460 1493 2500 patuisse,
1508 2459 1566 2501 qui
1582 2459 1633 2490 in-

924 2511 1029 2544 fanda
1044 2511 1245 2553 cupiebant,
1259 2515 1298 2544 ut
1315 2511 1358 2543 ad
1374 2521 1412 2543 se
1427 2516 1486 2543 aut
1501 2515 1642 2542 amator*

926 2567 987 2595 aut
1015 2567 1138 2604 raptor
1166 2562 1325 2594 intraret.
1371 2562 1460 2595 Haec
1484 2561 1636 2594 Pirithoi

924 2613 1043 2646 fabula
1059 2613 1135 2645 talis
1152 2617 1218 2646 est.
1263 2611 1439 2645 Pirithous
1454 2621 1532 2644 cum
1549 2612 1638 2644 Pro·

927 2664 1100 2705 serpinam
1123 2673 1247 2704 rapere
1272 2673 1333 2695 suo
1348 2662 1567 2695 matrimonio
1584 2662 1637 2693 in-

928 2714 1087 2747 duxisset
1101 2713 1134 2745 in
1151 2713 1313 2753 animum,
1326 2713 1426 2754 hujus
1443 2717 1512 2744 tam
1526 2711 1637 2743 scele-

929 2765 996 2798 rati
1019 2764 1153 2797 consilii
1170 2764 1340 2797 Theseum
1363 2763 1570 2806 participem
1584 2760 1636 2794 fe·

931 2817 992 2856 cit,
1021 2825 1123 2860 quem
1148 2825 1229 2850 cum
1256 2815 1484 2853 amicitiarum
1507 2813 1647 2848 intuitu»
