1878 3164
477 213 516 244 P.
549 209 741 243 PAPmll
774 209 945 242 STATu
976 209 1124 240 THEB.
1159 209 1255 239 LlB.
1280 209 1345 239 lv.

182 307 246 342 sed
259 307 353 343 inter
372 306 539 347 suabitas
558 305 684 339 fratres
700 309 810 339 totum
826 305 886 338 de-

182 363 242 394 oet
255 366 528 393 aemune-
551 357 650 389 Idem.

225 412 292 446 m
313 409 394 443 M
414 406 524 450 mora]
546 407 588 440 ld
604 412 669 448 est,
695 406 886 449 impeditae,

182 465 367 504 noema
394 458 534 492 fuerant
574 468 696 491 manus
737 458 814 500 ejus
841 466 886 490 ex

176 508 321 554 incultu.
340 511 443 545 Idea.

219 565 292 597 aa}
329 562 458 598 ricem
482 560 648 604 Pythona]
682 560 773 594 Quia
798 559 885 592 vatis

179 613 352 657 *pom-la
364 613 414 646 tui
430 613 574 654 gloriam
587 617 622 644 et
635 610 804 653 serpentis
815 611 886 652 Py-

179 664 320 701 Μοω
342 663 432 696 dicit
457 662 604 704 insigne,
629 662 699 694 viro
728 660 812 693 forti
831 670 885 693 re-

54 697 77 722 ’ ’
132 732 134 734 -
177 713 408 757 lifltoseeernt
423 714 624 747 sacerdotis.
647 714 746 745 Idem.

181 788 189 794 -
212 767 288 799 -m
309 764 466 807 Amycle]
490 765 650 796 Laconiae
682 764 802 796 civitas
831 773 884 796 sa·

179 815 242 852 er·
261 815 432 859 Apollini,
455 815 491 848 in
515 825 588 857 qua
610 814 825 856 Hyacinthus
850 815 884 846 in

179 876 292 910 egone
314 866 511 900 celebratur
537 866 570 897 in
593 866 754 897 honorem
786 866 885 906 pueri

180 919 287 962 regis,
299 918 444 962 quicum
453 921 678 950 exerceretur
690 916 797 954 disco,
808 925 885 957 per-

179 966 300 1003 cussu·
322 968 461 1010 zephyri
478 967 659 1008 vertigine,
682 966 772 1008 qnod
785 975 822 998 se
839 966 885 998 A·

180 1019 301 1064 pollini
316 1019 541 1062 protulisset,
553 1018 686 1051 occisus
702 1022 769 1058 est,
785 1017 884 1058 cujus

179 1070 319 1113 sangnis
331 1069 367 1102 in
380 1068 499 1102 florem
514 1069 658 1103 nominis
674 1068 726 1100 sui
749 1067 793 1100 ob
815 1078 883 1100 me-

177 1121 296 1154 moria
305 1125 508 1164 perpetuam
524 1120 725 1161 dignitatem
741 1128 883 1150 conver-

179 1177 238 1211 sus
259 1176 326 1204 est.
367 1171 490 1213 virgil.
527 1170 716 1211 ‘Inscripti
745 1169 883 1201 nomina

178 1229 298 1262 regum
314 1221 511 1258 Nascuntur
524 1219 648 1253 flores:
669 1221 768 1252 Idem.

220 1273 286 1304 224
299 1272 424 1314 Melea]
436 1272 560 1304 Malea
574 1281 651 1314 quae
666 1276 809 1313 propter
822 1279 883 1312 pe-

179 1321 323 1355 ticulum
333 1332 353 1354 a
362 1323 604 1364 navigantibus
615 1322 882 1354 circumeuntur:

178 1378 218 1406 ut
257 1373 383 1416 virgil.
427 1374 439 1392 ⁴
456 1373 649 1415 Maleaeque
680 1373 882 1415 sequacibus

177 1423 302 1457 undis-¹
342 1425 502 1458 Historia
513 1430 628 1457 autem
638 1424 681 1457 de
691 1424 757 1457 hoc
769 1428 884 1457 monte

176 1472 291 1508 fertur
306 1475 506 1518 hujusmodi
522 1485 534 1508 ι
565 1476 700 1508 Maleus
720 1476 884 1508 Tusculo-

179 1534 255 1558 rum
277 1535 354 1566 rex,
367 1526 426 1568 qui
448 1526 575 1568 primus
600 1526 717 1558 tubam
737 1526 883 1566 invenit,

177 1577 208 1611 is
224 1587 302 1610 oum
322 1577 503 1621 piraticam
529 1582 723 1618 exerceret,
737 1582 773 1610 et
789 1587 882 1609 mare

177 1622 447 1671 tempestatibus
472 1633 565 1662 esset
586 1628 762 1669 infestum,
791 1627 881 1660 hunc

176 1683 330 1719 monum
359 1678 502 1720 insedit,
530 1679 588 1722 qui
622 1683 660 1711 et
687 1678 883 1720 Apollinem

176 1723 404 1765 maeoticam
419 1730 464 1763 de
476 1739 538 1763 suo
550 1729 730 1766 vocabulo,
747 1733 883 1762 etmon·

178 1786 252 1815 tem
265 1782 375 1824 ipsam
398 1783 547 1815 Maleam
566 1781 768 1814 nominavit.
811 1779 882 1813 Alii

177 1832 300 1866 dicum
329 1832 420 1864 hunc
444 1836 595 1865 montem
626 1830 766 1878 Achaiae
796 1841 881 1864 esse.

178 1884 278 1917 Bene
290 1883 419 1916 Statius
433 1882 507 1916 hoec
519 1882 608 1915 dicit
622 1882 751 1914 auxilia
767 1887 881 1915 vatem

177 1934 350 1977 hahnius,
371 1933 453 1978 quia
483 1934 516 1967 1ιί
555 1934 673 1976 populi
703 1934 881 1975 praecipue

177 1986 295 2020 Deum
319 1991 531 2019 venerantur
545 1985 742 2027 Apollinem
758 1985 882 2018 Cariae.

219 2091 284 2122 225
308 2089 430 2132 Gen-ia]
459 2088 643 2130 Templum
670 2087 704 2119 in
732 2088 884 2120 Laconia

179 2139 300 2172 Dian·
323 2147 469 2179 sacrum,
483 2138 575 2181 quod
598 2137 703 2170 etiam
729 2138 883 2171 Carrati-

178 2199 236 2223 um
265 2189 477 2222 nominatum
503 2193 572 2229 eat,
601 2198 645 2220 ex
670 2189 734 2221 hac
758 2199 883 2230 causa3

120 2261 126 2270 ,
177 2249 255 2274 cnm
270 2240 431 2273 luderent
445 2239 801 2281 virgines‚meditatus
815 2240 883 2272 rui-

175 2300 256 2325 nam
281 2290 390 2323 omnis
413 2290 538 2322 chorus
564 2289 600 2322 in
615 2290 772 2321 arborem
787 2290 884 2322 nucis

161 2342 280 2385 'fugila
291 2342 371 2376 etin
384 2351 478 2374 ramo
489 2341 563 2384 ejus
574 2340 759 2383 pependit;
783 2351 884 2383 quam

175 2403 299 2428 necem
329 2393 447 2426 Groeci
470 2401 584 2425 caram
611 2395 747 2424 vocant.
791 2392 884 2433 Ergo

175 2445 222 2479 de
237 2445 373 2486 arbore,
387 2449 423 2476 et
438 2444 579 2485 templo,
594 2448 629 2475 et
645 2443 688 2474 de
717 2442 809 2483 Dea,
825 2452 884 2475 no—

175 2505 256 2530 rnen
272 2497 421 2538 accepit.
442 2495 542 2527 Idem.

178 2549 286 2580 vm
312 2546 536 2587 volueruntque
554 2544 686 2587 parens]
723 2544 770 2576 Et
794 2544 884 2577 hunc

175 2605 312 2630 venum
333 2595 380 2629 de
404 2595 559 2629 Homero
582 2595 771 2627 transtulit.
814 2595 884 2627 Vo-

177 2647 308 2682 berum
324 2656 406 2689 ergo
421 2655 546 2689 parens
557 2644 807 2686 columbarum,
822 2644 884 2678 un-

176 2697 223 2732 de
250 2707 289 2731 so
313 2698 439 2740 probat
464 2696 671 2739 Cytherearn
696 2706 786 2733 esse,
805 2697 885 2739 quia

177 2752 271 2782 nnat
285 2758 364 2782 aves
373 2748 500 2782 Veneri
517 2753 750 2781 consecratas.
794 2748 882 2783 Quae

178 2803 295 2832 antem
309 2808 413 2833 caasa
428 2799 475 2832 sit
485 2797 576 2842 quod
591 2799 710 2831 Venus
723 2799 884 2833 columba

1529 197 1645 244 1847

935 304 1115 338 delectata
1145 305 1202 346 sit,
1232 303 1308 337 talis
1336 307 1402 336 est.
1461 303 1646 341 Venus‘et

935 356 1071 397 Cupido
1086 365 1162 388 cum
1184 354 1331 398 quodam
1348 360 1503 396 tempore
1519 355 1643 396 volup-

935 406 1016 438 tatis
1032 406 1145 448 gratia
1158 406 1194 438 in
1206 405 1370 448 quosdam
1381 404 1645 438 descendissent

935 465 1088 498 campos,
1109 456 1240 488 lasciva
1263 456 1484 488 contentione
1506 459 1646 488 certare

934 511 1128 550 coeperunt‚
1159 507 1218 550 qui
1245 507 1321 549 plus
1347 506 1411 539 sibi
1434 510 1646 548 gemmantes

935 558 1141 600 colligerent
1169 557 1298 590 flores:
1337 567 1480 600 quorum
1508 557 1644 598 Cupido

935 609 1074 651 adjutus
1102 609 1297 643 mobilitate
1323 618 1528 650 pennarum,
1551 615 1644 649 post-

935 670 1077 703 eaquam
1107 664 1261 693 naturam
1284 660 1441 701 corporis
1458 659 1573 691 volatu
1590 669 1645 691 su-

935 714 1088 756 peravit,
1103 714 1216 746 victus
1232 717 1286 745 est
1304 722 1457 745 numero.
1487 712 1643 745 Periste-

935 775 974 797 ra
989 765 1078 797 enim
1098 764 1259 807 Nympha
1274 763 1390 795 subito
1415 762 1579 800 accurrit,
1606 766 1644 795 et

935 814 1130 856 adjuvando
1147 815 1319 846 Venerem
1334 813 1547 853 superiorem
1560 810 1644 850 effe-

935 865 997 905 cit,
1021 875 1097 896 cum
1126 874 1226 906 poena
1251 874 1324 896 sua.
1371 863 1507 904 Cupido
1538 863 1643 906 siqui-

935 915 1013 947 dem
1039 915 1237 957 indignatus
1268 915 1416 946 mutavit
1437 914 1585 954 puellam
1609 914 1643 946 in

935 974 1046 1004 avem,
1060 974 1137 1007 quae
1153 975 1173 996 a
1190 964 1324 996 Graecis
1339 963 1502 1005 περιστέρὰ
1524 964 1642 1005 appel-

934 1015 1038 1048 latur.
1082 1015 1151 1047 Sed
1191 1025 1327 1057 poenam
1363 1016 1472 1046 honor
1507 1014 1643 1047 minuit.

934 1067 1051 1099 Venus
1078 1076 1239 1108 namque,
1259 1066 1482 1098 consolatura
1517 1065 1643 1106 puelloe

934 1118 1127 1150 innocentis
1144 1116 1491 1158 transfigurationem,
1514 1117 1643 1149 colum-

934 1167 1010 1199 bam
1043 1168 1077 1200 in
1117 1167 1228 1200 tutela
1258 1177 1320 1199 sua
1349 1177 1423 1199 esse
1454 1166 1644 1199 mandavit.

935 1220 1037 1251 Idem.

975 1271 1039 1302 227
1063 1271 1109 1302 Et
1123 1268 1261 1309 oliviferi
1271 1269 1417 1310 Eurotoe]
1427 1269 1518 1302 Sane
1532 1274 1569 1302 et
1583 1279 1644 1302 no-

933 1320 986 1352 bis
1001 1321 1037 1352 in
1053 1320 1153 1353 bonae
1170 1323 1259 1352 notae
1282 1319 1490 1352 membranis
1506 1320 1643 1352 obvium

932 1370 1020 1404 fuit:
1054 1375 1086 1404 et
1110 1371 1261 1411 oloriferi.
1285 1370 1375 1412 quod
1402 1371 1437 1402 in
1454 1370 1643 1404 Parisiensi

932 1427 1122 1465 receptum.
1156 1423 1225 1454 Hic
1238 1426 1292 1454 est
1307 1421 1397 1454 euim
1416 1422 1519 1463 quiin
1534 1421 1643 1454 Theb.

933 1482 971 1505 x.
994 1473 1157 1506 laudatur
1189 1474 1199 1491 ⁴
1218 1471 1306 1505 falso
1337 1482 1463 1514 gurges
1479 1476 1640 1506 cantatus

934 1525 1054 1558 olore.'
1097 1526 1175 1558 Nec
1191 1524 1327 1557 aliunde
1356 1524 1391 1556 in
1409 1525 1526 1566 Epith.
1550 1525 1643 1558 Stel-

932 1576 974 1608 1ae
987 1588 995 1607 :
1028 1577 1039 1595 ‘
1049 1576 1244 1619 Auxyclaeos
1259 1575 1302 1608 ad
1318 1574 1418 1608 frena
1433 1575 1558 1608 citavit
1572 1576 1644 1608 olo-

931 1627 1011 1660 res.’
1057 1628 1179 1670 Itaque
1215 1637 1285 1660 non
1318 1632 1449 1660 temere
1475 1627 1644 1669 rejiciam.

935 1678 1075 1711 Gronov.
1119 1677 1266 1719 Eurotoe]
1290 1678 1432 1710 Eurotae
1445 1687 1507 1710 cur
1516 1678 1645 1711 dixerit

932 1728 1007 1770 ipse
1035 1729 1211 1761 narravit:
1245 1728 1352 1770 juxta
1380 1727 1471 1760 hune
1499 1727 1643 1761 fiuvium

932 1779 1088 1812 Lacones
1101 1779 1298 1821 vapulando
1315 1778 1550 1812 contendunt:
1573 1780 1646 1822 glo.

931 1832 1051 1865 riosior
1066 1837 1181 1864 tamen
1197 1832 1255 1864 ille
1275 1836 1341 1873 est,
1358 1832 1416 1873 qui
1436 1830 1541 1872 juxta
1556 1841 1644 1873 prae-

932 1883 1098 1925 scriptum
1126 1892 1303 1915 numerum
1328 1883 1507 1925 plagarum
1521 1883 1643 1916 animae

931 1944 999 1966 non
1015 1934 1191 1976 pepercit,
1206 1934 1265 1976 qui
1282 1943 1360 1966 cum
1375 1933 1558 1966 devoverit
1573 1934 1642 1976 spi·

932 1987 1033 2019 ritum
1063 1986 1204 2028 publice
1233 1984 1429 2025 funeratur,
1457 1990 1495 2018 et
1525 1986 1643 2028 capite

932 2043 1131 2071 coronatur.
1176 2038 1290 2069 Tanta
1302 2036 1393 2068 enim
1405 2036 1592 2069 crudelitas
1608 2037 1643 2069 in

931 2088 996 2121 bac
1022 2094 1128 2131 gente
1156 2093 1223 2129 est,
1253 2094 1292 2120 ut
1324 2092 1435 2120 mater
1460 2087 1642 2120 lachrimas

932 2149 1010 2172 suas
1023 2140 1219 2172 consoletur
1236 2138 1360 2171 funere
1376 2139 1546 2172 coronati.
1570 2139 1642 2171 De-

932 2200 988 2223 um
1007 2191 1095 2223 dixit
1109 2191 1174 2221 hoc
1199 2189 1330 2222 hortari
1345 2190 1570 2231 Mercurium,
1584 2190 1656 2232 qui>

932 2242 1167 2283 palaestrarum
1185 2250 1309 2272 numen
1320 2245 1384 2272 est.
1400 2240 1491 2272 unde
1504 2241 1644 2273 Mercu·

933 2293 1004 2325 rius
1019 2292 1060 2324 ad
1079 2292 1240 2324 virtutem
1264 2295 1301 2323 et
1325 2291 1407 2323 belli
1430 2290 1545 2323 officia
1571 2297 1642 2324 stu-

933 2343 1050 2375 diosus
1068 2343 1242 2384 palaestrae
1258 2346 1324 2374 est.
1347 2342 1496 2374 Luceant.

976 2397 1038 2426 231
1060 2393 1225 2434 Gaudent]
1248 2392 1352 2430 Quia,
1368 2403 1445 2425 cum
1462 2392 1642 2436 dimicant,

933 2450 1053 2477 contra
1080 2444 1226 2476 verbera
1249 2444 1454 2486 patientiam
1479 2444 1641 2478 dicuntur

933 2496 1072 2529 hortari.
1119 2496 1204 2529 eum
1220 2500 1333 2528 autem
1349 2495 1390 2527 ad
1407 2495 1533 2527 bellum
1546 2501 1643 2537 eunt,

934 2556 1028 2578 arma
1043 2546 1127 2578 dant
1150 2546 1282 2587 liberis,
1297 2550 1333 2578 et
1359 2546 1421 2578 hac
1448 2546 1642 2579 hortatione

933 2598 1147 2639 subjiciunt:
1172 2597 1237 2629 Aue
1273 2607 1343 2629 cum
1371 2596 1433 2636 his,
1459 2601 1515 2628 aue
1546 2607 1642 2638 supra

933 2649 1018 2681 hac.-
1041 2647 1131 2691 quod
1154 2647 1325 2689 significat
1348 2647 1403 2679 vel
1418 2648 1566 2680 victores
1581 2649 1641 2681 de-

933 2700 1018 2732 bere
1039 2698 1182 2740 reverti,
1199 2699 1254 2731 vel
1269 2702 1431 2731 mortuos.
1452 2698 1554 2731 Idem.

977 2752 1042 2782 233
1068 2749 1192 2782 Funere
1209 2749 1327 2791 mater]
1347 2748 1493 2781 Sensus:
1519 2749 1641 2782 Omnis

934 2799 1074 2843 quidem
1097 2799 1199 2832 turba
1212 2798 1350 2841 ephoebi
1366 2798 1574 2832 lamentatur
1590 2800 1640 2832 iu·
