1878 3164
276 215 389 264 1882

276 325 440 359 etacute
464 321 603 353 dictum.
646 321 738 361 Jam,
766 321 877 363 inquit
904 322 974 361 illa,

276 370 418 403 fecimus
443 381 506 404 nec
528 372 677 413 Deorum
701 375 799 411 nutu,
826 380 973 403 necne-

277 421 440 453 cessitate
467 420 577 452 fatali.
619 421 683 452 His
709 420 796 451 enini
824 420 975 452 defensi-

277 473 397 504 onibus
413 477 611 515 excusatur..
648 472 739 513 Ergo
753 482 827 504 cum
846 482 911 503 una
923 478 976 504 est

277 523 451 562 innocens,
466 522 585 563 reliqui
605 523 839 564 purgationem
863 522 975 563 perdi-

260 572 413 604 derunt.
437 573 584 604 Laetam.

282 654 285 657 ,
318 625 384 655 496
407 623 514 663 Euan]
542 623 644 655 Liber
668 627 779 664 pater,
802 623 858 664 qui
885 622 974 654 ’Πιο-

277 673 350 705 anti
365 683 426 703 suo
442 673 566 713 fuerat,
583 683 659 705 cum
675 674 867 715 ejiceretur,
883 674 975 705 auxi-

276 723 390 757 liatus.
418 724 516 756 Idem.
952 759 955 762 ,

319 775 383 805 498
410 773 536 805 Vestras
569 773 738 815 famulam]
790 775 975 813 Eleganter

275 823 390 855 iterat.
434 824 527 855 Ante
563 826 650 856 enim
677 835 776 866 quam
806 825 975 865 inciperet

256 882 263 893 ¹
276 872 320 904 ab
335 873 465 914 origine
479 874 700 905 Lemniadum
715 874 807 905 facta
821 884 974 915 narrare,

277 923 382 955 dixit:
415 923 624 955 ‘Servitium
656 925 846 966 Hypsipyle
870 925 974 956 vestri

275 972 349 1005 fero
364 977 466 1015 capta
479 974 649 1015 Lycurgi!
673 975 772 1006 Idem.
791 1006 793 1008 ,

319 1026 380 1055 501
421 1024 587 1055 Immemor
621 1024 770 1065 absentis]
808 1023 974 1056 Infantuli

278 1073 452 1114 Opimius,
472 1075 622 1115 Lycurgi
639 1076 769 1107 scilicet
787 1076 860 1115 filii,
876 1085 974 1117 quem

278 1125 496 1156 nutriendum
514 1135 531 1155 a
545 1130 642 1165 patre
668 1130 878 1165 susceperat.
921 1125 975 1156 Sic

278 1173 340 1204 Dii
353 1175 510 1215 suasistis]
528 1175 748 1215 interpositio
762 1186 770 1206 :
784 1175 818 1206 id
837 1179 901 1215 est,
912 1175 975 1207 hoc

278 1224 355 1255 Diis
373 1226 512 1265 placuit.
553 1226 698 1267 Alumm']
724 1227 799 1258 Non
819 1225 891 1266 filii,
914 1227 974 1258 sed

276 1275 512 1316 quialebatitr.
536 1277 634 1308 Idem.

319 1328 384 1356 502
418 1326 563 1357 Comama·
587 1326 693 1367 humo]
722 1327 768 1358 Et
787 1326 859 1368 jam
885 1327 975 1359 dixit

275 1374 495 1417 dicturusque
523 1381 576 1407 est
599 1377 654 1408 siti
686 1381 721 1408 et
747 1382 832 1408 aestn
861 1378 976 1409 omnia

278 1426 460 1457 exaruisse.
508 1425 597 1459 Mira
629 1426 852 1467 incogitantia
888 1427 974 1459 tanti

279 1476 442 1507 auctoris.
469 1476 510 1507 In
524 1477 634 1508 altero
646 1476 733 1508 bono
751 1470 836 1508 libro
852 1477 974 1509 Glossa

276 1529 340 1563 est,
364 1523 532 1565 ‘florenti‚
548 1526 649 1558 laetass
694 1527 851 1559 Lutatius
875 1528 973 1559 ‘her-

277 1575 371 1607 bosae
382 1575 391 1589 '
407 1578 561 1618 exponit.
588 1578 676 1609 Sane
687 1588 825 1610 comans
836 1579 975 1620 egregIe

274 1626 454 1658 cristatum
471 1633 507 1658 et
522 1628 715 1668 capillatum
729 1634 841 1668 sonat,
865 1635 901 1662 et
925 1631 974 1662 sic

277 1676 411 1708 AEneid.
428 1686 469 1708 n.
491 1682 499 1695 ‘
514 1678 712 1710 Comantem
727 1678 903 1720 Androgei
916 1690 973 1720 ga-

277 1726 366 1758 leam
378 1726 387 1740 '
405 1733 580 1768 exponunt
595 1729 675 1760 Vet.
690 1729 835 1761 Scholia.
858 1731 975 1762 Barth.

284 1777 464 1809 comantem
476 1777 582 1818 humo]
604 1779 784 1811 Herbosae.
807 1780 952 1812 Lactant.

318 1830 384 1859 506
402 1829 573 1867 Terrigena
584 1829 741 1870 exoritur]
756 1830 809 1861 De
820 1840 974 1871 nemore3

276 1882 312 1909 et
339 1883 390 1909 est
421 1879 526 1910 ordo:
551 1879 690 1910 Interea
714 1890 810 1911 sacer
831 1891 972 1921 serpens

275 1929 449 1968 terrigena
482 1930 637 1960 exoritur
672 1931 818 1962 nemoris
854 1931 973 1963 Achaei

274 1977 411 2016 horror3
436 1979 638 2019 appositive.
661 1980 759 2012 Idem.

278 2051 280 2054 -
317 2031 378 2060 507
403 2029 485 2061 Post
509 2029 614 2069 terga]
636 2028 763 2071 Aliqua
786 2035 885 2071 parte
909 2031 971 2064 sni.

276 2078 537 2119 Longitudinem
555 2081 726 2120 serpentis
742 2081 882 2122 indicat,
897 2093 971 2124 quae

274 2138 350 2159 cnm
365 2129 498 2169 potiore
526 2130 576 2161 sui
603 2136 700 2170 parte
728 2131 875 2172 videtur,
902 2133 925 2164 i.
939 2143 970 2165 e.

273 2180 389 2219 capite
415 2183 450 2210 et
476 2180 574 2219 alvo;
596 2190 749 2221 magnam
765 2187 877 2214 tamen
893 2193 972 2224 par-

275 2233 344 2260 tem
371 2234 463 2262 retro
480 2231 584 2262 trahit
600 2231 644 2262 ab
661 2232 725 2263 illis
742 2233 909 2274 partibus,
933 2239 971 2266 ut

274 2280 340 2310 alia
354 2289 414 2320 per
423 2280 668 2321 longitudinem
678 2281 836 2314 videatur
849 2283 970 2316 bestia.

279 2329 345 2361 Vet.
361 2330 466 2363 Schol.

315 2383 380 2412 516
402 2381 530 2420 Aggere
542 2380 635 2421 ripoe]
658 2381 699 2412 Id
717 2386 782 2422 est,
792 2386 970 2425 utramque

271 2429 381 2471 ripam
398 2431 618 2470 longitudinis
642 2441 713 2462 suae
739 2434 970 2474 magnitudine

274 2481 448 2520 tangebat.
471 2481 616 2514 Lae-tant.
646 2517 647 2520 Ἰ

314 2534 378 2562 519
404 2531 542 2572 Ogygii]
556 2532 733 2564 Thebani:
754 2533 817 2565 hoc
833 2537 899 2574 est,
917 2534 971 2565 Li-

273 2581 347 2612 beri
384 2582 503 2622 patris,
536 2582 578 2613 ab
609 2592 676 2613 uno
706 2582 749 2613 de
777 2583 970 2624 terrigenis,

271 2632 367 2673 cujus
383 2633 557 2663 voluntate
573 2638 735 2664 aruerunt
751 2638 877 2665 cuncta
903 2644 970 2666 am·

268 2683 320 2714 nis
333 2681 483 2723 fiumina,
496 2688 531 2714 et
544 2688 712 2715 torrentes
727 2685 905 2726 Nymphae.
918 2687 970 2718 Id.

313 2734 375 2764 ⁵24
398 2733 597 2774 Incertasque
610 2734 676 2774 sui]
700 2735 752 2765 De
768 2735 839 2766 vita
853 2736 970 2778 despe-

271 2792 360 2823 rans,
391 2783 424 2814 id
451 2787 515 2823 est,
536 2783 617 2825 quid
640 2785 893 2827 agat-ignarus,
915 2786 968 2818 vel

738 226 879 258 No'rAE
912 226 1178 258 VARIORUM
1212 226 1262 258 m

1023 330 1090 362 quo
1105 320 1239 353 tendat
1258 321 1358 353 Idem.

1064 373 1130 402 529
1150 370 1283 402 AEthera
1285 371 1465 414 plaustris]
1485 369 1616 412 Anguis
1635 338 1724 408 iliius

1025 420 1192 460 meminit,
1207 422 1263 462 qui
1276 410 1430 453 creditur
1441 422 1570 453 locatus
1581 421 1724 462 iaculo,

1027 477 1089 511 per
1115 470 1261 502 Aratum
1275 471 1477 503 celebratus.
1493 471 1581 502 hunc
1594 469 1724 505 deseri*

1027 519 1076 551 bit
1092 518 1299 552 dividentem
1317 521 1466 562 plaustra
1481 519 1501 539 '¹’
1515 521 1643 553 occivae
1667 528 1725 553 ns·

1027 579 1092 610 qne
1108 569 1141 600 iu
1154 571 1334 602 australem
1348 571 1564 612 partem,hoc
1577 575 1632 603 est
1643 570 1725 603 alim

1026 628 1106 650 num
1130 619 1164 650 in
1187 619 1316 659 orbem,
1341 619 1475 661 poetice
1498 625 1610 653 autem
1638 616 1724 654 dicit

1025 670 1198 702 stellarum
1224 669 1360 711 figuras,
1387 672 1507 712 quibus
1533 672 1723 713 plaustrum

1026 718 1183 760 efficitur,
1198 726 1236 753 nt
1250 726 1394 762 utroque
1408 722 1511 763 sydus
1525 722 1698 764 accipiens
1707 724 1722 754 '2

1025 770 1067 802 de
1083 780 1149 813 qno
1165 771 1259 811 Virg.
1281 772 1291 789 ‘
1307 773 1476 804 Maximus
1501 773 1554 806 hic
1571 772 1664 806 flexu
1678 774 1726 807 si:

1025 830 1133 853 nuoso
1149 821 1296 854 elabitur
1310 822 1450 862 anguis.'
1472 823 1573 855 Idem.

1066 875 1129 903 531
1152 871 1256 913 Spiris
1277 872 1396 904 intorta
1417 873 1571 916 movebat]
1601 873 1724 907 Imma·

1025 922 1076 953 nis
1091 922 1290 963 hyperbole,
1313 924 1322 940 ‘
1336 933 1480 964 anguem
1503 924 1608 956 conen
1632 933 1724 957 com-

1025 972 1195 1004 movisse!
1240 974 1325 1010 ,Quae
1352 978 1390 1006 ut
1414 974 1621 1006 tolerabilior
1632 979 1726 1008 esset

1025 1022 1130 1053 colles
1157 1022 1303 1063 ipsorum
1329 1033 1444 1055 cornua
1466 1024 1563 1057 dixit.
1606 1025 1663 1056 De
1681 1025 1725 1058 iis

1026 1072 1167 1103 collibus
1181 1073 1285 1105 Ovid.
1301 1074 1388 1105 Met.
1401 1083 1427 1106 1.
1450 1075 1460 1092 ‘
1472 1075 1575 1106 Mons
1590 1074 1640 1107 ibi
1651 1083 1725 1108 ναῖ’·

1026 1121 1150 1153 ticihus
1180 1124 1270 1163 petit
1297 1124 1422 1156 arduus
1459 1129 1552 1157 astra
1589 1125 1724 1159 duobus

1025 1172 1171 1204 Nomine
1186 1174 1389 1214 Parnassus,
1399 1180 1608 1218 superatque
1621 1186 1724 1209 cacu-

1023 1224 1113 1255 mine
1129 1225 1265 1256 nubes.'
1286 1227 1403 1258 Barth.

1067 1277 1129 1306 533
1158 1276 1251 1308 Vexit
1271 1277 1509 1319 harundineam]
1532 1279 1585 1310 Ex
1608 1283 1723 1311 monte

1025 1324 1208 1364 Parnasso,
1238 1326 1430 1367 Pythonem
1465 1327 1549 1360 dicit
1584 1337 1724 1370 serpen·

1025 1379 1109 1415 tem,
1125 1375 1278 1416 quicum
1306 1377 1470 1409 Latonam
1497 1379 1585 1412 Jove
1611 1379 1722 1419 gravi·

1025 1425 1102 1457 dam
1119 1431 1380 1468 persequeretur
1393 1427 1537 1461 Junouis
1549 1429 1665 1471 jussu,
1683 1432 1722 1462 et

1025 1476 1084 1508 illa
1099 1476 1230 1517 fugiens
1248 1478 1290 1510 ad
1314 1488 1407 1510 mare
1425 1489 1528 1522 usqne
1545 1480 1720 1522 pervenis·

1024 1532 1089 1566 set,
1103 1533 1271 1568 oportune
1293 1529 1400 1560 Delos
1425 1529 1544 1569 insula,
1569 1539 1646 1572 quoe
1671 1529 1721 1562 iu-

1024 1577 1156 1609 stabilis
1180 1576 1338 1610 fluctibus
1363 1579 1564 1620 vehebatur,
1586 1580 1724 1613 admota

1023 1627 1196 1658 littoribus
1208 1628 1358 1669 suscepit
1367 1628 1546 1669 Latonam,
1558 1634 1595 1662 et
1604 1630 1723 1670 ingen-

1023 1676 1050 1708 ti
1066 1678 1215 1717 periculo
1231 1678 1401 1710 liberavit.
1446 1679 1499 1710 Ibi
1524 1678 1721 1720 Apollinem

1023 1729 1132 1760 edidit
1156 1734 1192 1761 et
1225 1730 1381 1762 Dianam.
1426 1731 1512 1763 Post
1536 1730 1662 1772 Apollo
1685 1732 1719 1764 in

1022 1779 1205 1810 vindictam
1217 1781 1333 1810 matris
1349 1780 1510 1821 Pythona
1525 1780 1651 1813 occidit
1666 1791 1720 1814 sa-

1022 1829 1133 1870 gittis,
1156 1830 1330 1860 etVDelon
1358 1830 1500 1862 insulam
1528 1831 1719 1864 stabilitate

1021 1879 1174 1911 donavit.
1198 1880 1346 1911 Luctant.

1063 1932 1124 1961 535
1141 1930 1233 1962 Sorte
1247 1929 1349 1970 dedit]
1365 1930 1463 1966 Fato.
1498 1930 1718 1971 conjungun-

1021 1983 1076 2011 tur
1091 1981 1178 2011 enim
1195 1980 1279 2012 haec.
1325 1981 1420 2021 Virg.
1442 1981 1517 2012 AEn.
1533 1989 1587 2012 vr.
1629 1979 1718 2012 ‘Hic

1021 2041 1084 2071 ego
1107 2041 1252 2073 namque
1274 2037 1346 2063 tuas
1372 2036 1494 2071 sortes,
1524 2040 1717 2072 arcanaque

1021 2080 1093 2112 fata
1105 2082 1213 2113 Dicta
1228 2091 1312 2113 meae
1330 2082 1424 2123 genti
1436 2080 1583 2122 ponam.’
1628 2080 1717 2121 Hoc]

1021 2131 1110 2164 Quia
1125 2131 1192 2163 fuit
1207 2133 1376 2173 generalis
1392 2133 1492 2164 timor
1504 2131 1654 2164 omnium
1667 2132 1718 2164 in·

1020 2182 1182 2223 celarum,
1213 2189 1282 2215 tam
1309 2186 1385 2214 erat
1411 2193 1562 2224 magnus.
1606 2182 1717 2225 Sacer]

1019 2232 1062 2264 In
1080 2233 1173 2265 Deos
1189 2234 1328 2265 relatus.
1357 2233 1532 2267 Vet.Schol.

1061 2287 1125 2315 549
1140 2283 1282 2315 Amisere
1296 2284 1400 2324 notus]
1424 2285 1472 2316 Ut
1496 2283 1599 2316 etiam
1618 2283 1717 2315 mise·

1019 2343 1067 2366 1·ae
1095 2334 1298 2374 ambiguitas
1322 2339 1530 2374 nasceretur,
1547 2333 1626 2375 quia
1640 2343 1716 2375 pra,-

1021 2392 1130 2419 torum
1146 2387 1240 2428 signa
1256 2386 1475 2418 defecerant:
1500 2386 1613 2419 omnia
1624 2387 1714 2418 enim

1020 2437 1194 2478 perierant
1223 2438 1391 2477 serpentis
1431 2436 1559 2476 afflatu,
1589 2441 1624 2469 et
1647 2435 1714 2469 dis-

1022 2488 1166 2519 tinctum
1180 2486 1321 2519 floribus
1336 2497 1492 2528 campum
1509 2487 1648 2518 ariditas
1662 2486 1714 2518 in·

1019 2537 1168 2568 discreta
1193 2535 1409 2568 confuderat.
1457 2536 1578 2577 Vir-idi]
1602 2536 1714 2568 Vene-

1018 2595 1112 2617 noso.
1149 2585 1268 2616 Horat.
1292 2586 1302 2602 ‘
1320 2585 1387 2617 Hic
1413 2585 1536 2617 virides
1559 2589 1716 2618 metuunt

1019 2635 1200 2668 colubras.’
1221 2635 1312 2667 Lact.

1060 2688 1124 2717 550
1153 2686 1276 2724 Jugera
1300 2684 1444 2726 complet]
1473 2685 1713 2726 Magnitudine

1016 2735 1165 2776 corporis
1175 2736 1226 2767 sui
1238 2740 1338 2767 terrae
1344 2735 1471 2777 jugera
1483 2735 1615 2768 infinita
1624 2745 1716 2769 com·

1015 2787 1180 2827 pleverat.
1204 2787 1300 2819 Idem.
