1878 3164
470 229 513 261 P.
546 225 736 260 Papum
767 223 931 256 STATH
965 223 1112 256 'rffluu
1145 223 1243 254 [AB.
1267 223 1361 254 xil.

177 327 239 357 ter
252 317 539 366 mantua-fldem.

221 377 290 407 m
309 367 523 416 sstt'mifflu]
543 370 738 414 Supplices.
762 370 886 402 Horret

167 424 304 466 itatis]
330 423 515 458 umidior
529 422 572 455 fit
586 421 731 454 miseris.
755 421 855 452 Idem.
882 428 886 434 ·

218 476 285 506 w!
310 474 411 507 Fama
430 473 496 515 est]
523 472 667 505 Scilicet
694 470 884 503 Athenien-

156 524 278 557 ssoium.
319 526 399 558 Post
413 525 504 557 busta
511 521 652 565 paterni]
670 521 782 553 Hillus
799 520 883 551 Dei-

146 571 283 608 ‘a'nirae
305 579 344 608 et
363 574 538 614 Herculis,
557 577 593 604 et
615 570 739 613 reliqui
761 579 805 602 ex
827 578 884 601 eo-

175 624 256 658 dem
276 626 364 668 nati,
386 624 566 668 postquam
591 622 762 654 Hercules
784 621 885 653 terris

177 675 278 718 abiit,
308 675 401 721 pilei
430 675 474 708 ab
504 674 699 716 Eurystheo
729 671 882 703 Athenas

177 724 423 771 οὺὴἣζθηιῖ,
438 737 458 759 a
473 726 597 770 quibus
613 729 794 767 postquam
812 727 882 755 tam

174 776 452 813 fodientium
466 779 679 817 meruerunt,
691 775 779 806 hanc
787 783 882 807 aram

174 828 406 864 emmane
414 824 665 866 memorantur,
689 831 883 857 asserentes

178 877 271 920 apua
305 877 462 912 Athenas
503 876 740 910 tautummodo
780 875 881 908 sedes

175 929 450 962 Misericordiam
465 928 632 971 posuisse.
640 928 647 944 “·
660 926 760 958 Idem.

218 981 286 1012 4⁰⁹
309 979 445 1012 erodere
470 976 618 1019 dignum]
653 976 769 1008 Minus
794 975 883 1008 dicit

176 1040 279 1083 quam
295 1029 482 1063 res‘h'abet.
509 1029 608 1061 Idm
874 1034 882 1042 *

152 1117 159 1125 ¹
219 1083 284 1114 501
309 1082 377 1114 Ceu
402 1079 487 1122 leges
509 1076 736 1119 hominemque]
771 1076 881 1110 Primi

175 1132 270 1167 eni-
282 1127 515 1165 Athenienses
534 1130 625 1161 inter
643 1128 733 1160 bona
747 1128 881 1170 reliqua

173 1183 290 1227 Ψ
312 1183 450 1215 tabulas
473 1182 703 1213 invenerunt:
732 1178 783 1210 sic
799 1188 880 1220 ergo

174 1233 243 1266 hue
267 1233 485 1275 confugiunt,
505 1241 568 1264 ceu
584 1230 628 1262 ad
645 1230 739 1271 leges
763 1234 801 1261 et
820 1229 879 1260 hu-

173 1286 294 1321 manos
307 1285 404 1317 ritus.
426 1283 525 1316 Idem.

212 1335 283 1368 ’503
304 1335 362 1368 Sic
385 1343 524 1367 sacrasse
547 1331 628 1373 loco]
664 1330 811 1364 Ovidius
836 1330 879 1362 de

175 1385 322 1420 Athenis
336 1387 380 1420 ad
405 1395 490 1429 quas
505 1385 600 1416 venit
615 1381 773 1415 Invidia:
797 1381 807 1398 ‘
822 1381 880 1412 In-

175 1437 287 1479 genii·
301 1437 495 1478 opibusque
509 1438 546 1467 et
561 1433 652 1466 festa
667 1442 756 1475 pace
770 1432 883 1464 viren-

158 1492 259 1528 'tem,
287 1486 427 1530 Vixque
459 1490 558 1518 tenet
580 1486 762 1526 lacrymas,
798 1482 881 1526 quia

172 1537 220 1569 nil
237 1536 458 1580 lacrymabile
473 1534 606 1569 cernit.’
629 1535 730 1566 Idem.

217 1590 281 1620 5⁰5
305 1583 449 1620 Fortuna
469 1587 625 1620 recederet
649 1584 733 1626 aris]
765 1585 816 1617 Ut
837 1595 880 1617 ne

130 1653 133 1660 =
175 1645 275 1670 casus
286 1637 425 1680 quidem
441 1637 601 1677 laederet,·
607 1636 663 1678 qui
676 1635 719 1678 ad
729 1636 790 1667 has
803 1645 880 1667 aras

173 1685 431 1732 confugia-suu
449 1685 603 1729 quamvis
618 1684 794 1718 meliorem
811 1685 879 1717 for-

174 1740 293 1771 tuns'm
319 1733 482 1770 debemus
504 1736 666 1778 accipere
692 1736 797 1777 regis,
819 1740 880 1768 aut

134 1828 136 1830 q
173 1787 380 1830 potentioris
398 1787 547 1821 fortunae
564 1787 649 1819 viri:
675 1791 711 1819 et
727 1788 800 1819 vult
815 1788 879 1820 hoc

170 1836 250 1872 ioco
265 1839 414 1881 intelligi
440 1837 555 1880 poeta,
579 1837 673 1869 nulla
699 1837 731 1869 vi
758 1843 878 1879 poten-

99 1919 118 1929 „
172 1892 246 1922 tum
261 1890 462 1933 religionem
479 1889 581 1931 hujus
605 1893 672 1920 arae
688 1897 788 1929 posse
800 1897 878 1930 per-

168 1939 284 1983 fringi.
310 1940 411 1975 Hem.

160 1987 281 2024 ἃέ506
300 1992 380 2025 Ja'm
394 1996 470 2025 tunc
482 1991 672 2032 innumere]
699 1990 803 2023 Liber
818 2001 879 2033 op-

172 2040 277 2074 timus
305 2042 446 2084 punctis
468 2041 572 2075 habet
595 2041 814 2074 subnotatum
839 2040 879 2072 τὸ

173 2095 261 2134 tunc,
276 2095 313 2124 et
327 2101 445 2134 snpra,
465 2093 572 2134 procul
580 2103 594 2130 ,·
616 2094 707 2134 quod
725 2096 875 2123 contem-

172 2142 322 2175 nendum
337 2153 405 2175 non
422 2143 572 2176 videtur.
616 2143 704 2175 Vult
722 2142 877 2184 plurimis

172 2193 278 2226 etiam
301 2194 497 2236 longinquis
524 2193 660 2236 populis
681 2194 770 2226 hanc
786 2203 876 2226 aram

173 2249 291 2277 notam
307 2249 343 2277 et
357 2243 590 2277 salutifuisse.
616 2244 756 2276 Gronov.

180 2306 182 2308 ’
211 2297 279 2327 510
305 2295 392 2328 Vicit
412 2298 446 2327 et
471 2293 773 2337 OEdipodoesnrias]
794 2294 878 2326 Mox

170 2342 266 2384 vicit,
286 2345 366 2387 qnia
390 2344 541 2377 nondum
561 2343 692 2376 fuctum
715 2349 789 2376 est:
811 2345 878 2376 hoc

172 2398 307 2428 tentum
320 2395 503 2437 significat.
545 2394 692 2436 OEdipus
714 2395 876 2435 expulsus

172 2443 330 2478 creontis
344 2445 487 2487 imperio
503 2443 661 2486 confugit
675 2444 876 2486 Epicolono,

168 2493 206 2529 ill
217 2502 287 2538 qn·
298 2495 395 2528 locus
411 2501 487 2528 erat
502 2496 615 2528 Furiis
631 2500 874 2535 consecratus3

172 2542 233 2576 sed
261 2544 496 2579 misericordia
528 2545 790 2586 Atheniensium
815 2545 876 2578 illa

172 2593 259 2626 dede
269 2598 326 2627 est
336 2601 465 2636 emtus,
480 2596 768 2638 hospitaliter-que
785 2599 876 2628 trac·

168 2647 276 2678 tatus.
319 2645 421 2679 Hanc
447 2647 646 2686 tragoediam
672 2646 876 2688 Aristopha-

171 2703 234 2726 nes
257 2694 409 2738 scripsit.
453 2696 564 2729 Funus
589 2697 741 2739 Olynthi]
767 2697 876 2739 Olyn-

171 2745 250 2778 thos
262 2745 454 2779 esbelvitas
464 2746 609 2780 Athenis
624 2747 881 2789 serviens,haec'

167 2804 208 2830 se
219 2796 432 2831 —auctoribus
440 2797 606 2832 sustene
633 2801 669 2831 et
684 2797 875 2839 Eutycrate

1527 212 1640 256 1999

934 319 1096 361 Philippo
1123 316 1281 358 tradidit,
1304 316 1348 349 ob
1376 325 1475 358 quam
1501 317 1639 358 cuipam

934 370 1064 411 placuit
1082 368 1350 401 Atheniensibus
1379 371 1537 400 evertere
1558 368 1640 399 civi-

935 424 1053 460 tatem,
1065 429 1130 462 quo
1143 416 1320 460 comperto
1335 418 1378 449 ad
1397 424 1490 450 amm
1503 416 1640 448 Miseri-

934 469 1061 502 cordiae
1077 468 1318 510 confugerunt.
1340 468 1489 500 Lactant-

976 524 1038 553 511
1055 521 1231 552 Summovit
1250 519 1377 560 Oreste]
1389 519 1482 552 Quia
1495 518 1640 557 Orestes

934 581 1010 603 cum
1040 576 1119 612 post
1140 570 1392 602 absolutionem
1422 568 1569 609 fureret,
1596 569 1640 601 ad

931 622 1019 653 hanc
1049 631 1141 653 aram
1170 620 1305 662 Pylade
1339 619 1450 652 amico
1480 620 1640 652 trahente

931 672 1100 714 confugit,
1111 677 1148 704 et
1160 671 1316 714 resipuit.
1341 671 1351 689 ‘
1360 671 1512 703 Matrem
1525 672 1646 703 autem'

933 723 1138 764 summovit,'
1151 723 1353 765 virgiliane.
1399 722 1489 754 Nam
1501 722 1565 753 sibi
1578 722 1640 753 im-

934 773 1062 806 minere
1078 783 1144 805 non
1155 773 1246 805 furia
1257 772 1319 805 sed
1333 777 1445 805 mater
1460 771 1641 804 videbatur

933 825 1060 864 occisa,
1081 829 1119 856 ut
1145 828 1314 855 armatam
1338 821 1473 854 facibus
1494 825 1644 854 matrem*

933 879 969 907 et
982 873 1201 917 serpentibus
1220 873 1307 906 atris·
1319 872 1489 915 confugit.
1537 873 1645 906 Ultri:

876 936 879 942 ⁴
931 935 1041 967 sesque
1062 927 1172 959 sedens
1191 926 1224 957 in
1246 925 1355 958 limine
1369 926 1449 958 dirae
1464 925 1642 958 summovit

932 977 994 1016 ait,
1012 977 1108 1019 quasi
1135 975 1311 1018 sequentis
1337 976 1457 1008 matris
1485 976 1642 1008 umbram'

932 1029 1055 1070 religio
1072 1039 1142 1061 arae
1164 1029 1395 1061 summoverit.
1439 1028 1640 1068 Illicenim,

932 1084 972 1112 ut
991 1090 1094 1122 supra
1117 1080 1247 1113 dictum
1259 1083 1325 1121 est,
1341 1078 1457 1112 furore
1473 1082 1640 1121 purgatus

932 1134 998 1163 est.
1022 1131 1122 1163 Idem.
1637 1142 1641 1146 <

974 1184 1038 1213 513
1054 1181 1160 1213 Turba
1170 1179 1327 1222 priorum]
1345 1179 1445 1223 Asyli
1458 1179 1552 1221 prior
1568 1183 1641 1211 tnr-

932 1230 977 1263 ba
1005 1232 1166 1263 discessit
1192 1231 1363 1273 Argolicis
1391 1229 1558 1264 matribus
1584 1238 1642 1262 ve-

930 1282 1118 1314 nientibus.
1143 1282 1243 1314 Idem.
1640 1293 1643 1298 ·

973 1335 1038 1364 42⁰
1054 1333 1230 1374 Lam-igere
1244 1332 1426 1365 subeuntem
1444 1332 1559 1364 Thesea
1568 1341 1640 1372 eur-

930 1382 985 1423 ru]
1017 1385 1122 1424 Sump
1160 1388 1181 1392 '⁷
1226 1394 1246 1416 a
1276 1384 1436 1416 Romanis
1464 1383 1641 1422 mouban

931 1442 1024 1473 nam,
1039 1432 1131 1474 apud
1151 1434 1154 1438 '
1192 1441 1301 1463 raecos
1323 1443 1391 1462 non
1414 1443 1505 1466 usus.
1547 1433 1642 1465 Dico

931 1482 1069 1515 uberius
1086 1482 1253 1525 peculiari
1269 1481 1311 1514 de
1333 1480 1523 1522 Triumpho
1540 1480 1642 1513 libro.

933 1535 1038 1566 Rern.

974 1589 1039 1618 ⁶22
1064 1585 1190 1618 Hilaris
1205 1584 1295 1626 tuba]
1317 1584 1397 1617 Non
1415 1584 1552 1624 bellica,
1576 1585 1638 1617 sed

930 1636 1111 1669 festivalis.
1154 1636 1225 1669 Vet.
1255 1636 1361 1668 δάιοι.
1434 1635 1638 1676 Calpurnius

931 1687 1006 1719 Ecl.
1035 1696 1061 1719 1.
1106 1688 1116 1704 ‘
1132 1687 1233 1719 Pacis
1257 1696 1342 1727 opus
1368 1686 1495 1724 docuit,
1515 1685 1640 1727 jussit-

930 1748 996 1779 que
1020 1737 1201 1770 silentibus
1223 1737 1324 1769 armis
1350 1737 1449 1769 Inter
1468 1746 1569 1769 sacra
1585 1742 1638 1769 tu-

932 1788 1001 1825 baffi
1032 1798 1099 1820 non
1129 1789 1219 1820 inter
1244 1787 1349 1828 bella,
1383 1786 1529 1819 sonare!
1582 1788 1638 1819 De

930 1841 940 1859 ‘
954 1839 1216 1881 triumphalibus
1227 1838 1335 1870 tubis’
1353 1837 1481 1879 triplici
1498 1838 1532 1869 in
1545 1848 1639 1879 pom-

930 1900 975 1932 pa
991 1890 1066 1922 loco
1084 1889 1334 1931 prodeuntibus
1351 1888 1484 1919 notavit
1500 1888 1640 1920 doctiss.

929 1941 1119 1972 Panvinius
1135 1940 1191 1972 lib.
1206 1939 1249 1971 de
1263 1939 1463 1979 Triumpho.
1499 1937 1556 1969 Ad
1573 1937 1639 1970 dif-

929 1989 1112 2023 ferentiam
1127 1990 1268 2022 alterius
1280 1990 1290 2007 ‘
1304 1988 1417 2021 civilis
1435 1988 1536 2020 tuba'
1553 1988 1639 2020 dici·

929 2044 986 2073 tur
1002 2042 1043 2073 P.
1055 2041 1265 2083 Chrysologo
1282 2039 1392 2072 Senn.
1404 2048 1458 2071 lx,
1480 2039 1599 2071 Barth.

973 2094 1036 2124 533
1061 2092 1200 2133 Populos
1215 2091 1250 2122 in
1269 2094 1363 2122 semet
1386 2089 1501 2131 agebat
1515 2090 1640 2133 Hippo-

929 2143 1009 2185 lyte]
1046 2143 1087 2174 In
1115 2142 1270 2174 diversas
1297 2141 1418 2173 abiere
1449 2142 1639 2174 sententias

929 2194 1124 2236 Scriptores
1150 2193 1210 2235 qui
1240 2193 1327 2224 lianc
1356 2191 1532 2223 historiam
1565 2197 1638 2223 tan-

929 2249 1027 2285 gunt.
1051 2242 1229 2276 Clidemus
1244 2241 1427 2284 siquidem,
1441 2246 1542 2274 vetus
1558 2242 1636 2274 His·

929 2294 1184 2336 toriogmphus,
1200 2293 1344 2325 tradidit
1361 2292 1544 2334 Amazona,
1559 2302 1637 2334 quae

927 2343 994 2376 fuit
1017 2344 1142 2376 Thesei
1164 2353 1266 2384 uxor,
1284 2343 1514 2384 Hippolytam
1537 2352 1638 2375 voca-

929 2399 1013 2434 tam,
1039 2404 1140 2436 quem
1167 2393 1325 2436 sequitur
1349 2392 1480 2425 Statius
1509 2397 1638 2425 noster.

927 2443 976 2477 At
1003 2444 1133 2476 Isacius
1150 2443 1327 2484 Antiopen
1353 2443 1483 2475 dictam
1505 2444 1638 2482 voluit3

928 2494 983 2526 cui
999 2494 1168 2526 accedere
1181 2495 1321 2525 videtur
1332 2494 1539 2526 Plutarchus
1549 2493 1636 2526 The-

927 2554 1001 2582 seo,
1029 2553 1166 2586 semper
1187 2553 1264 2576 eam
1293 2543 1469 2585 Antiopen
1497 2548 1637 2583 vocans,

928 2596 993 2627 etsi
1018 2594 1203 2627 contrariae
1230 2595 1414 2629 sententiae
1429 2595 1636 2627 meminerit.

926 2645 1120 2678 Subscribit
1156 2646 1261 2678 etiam
1300 2646 1435 2678 Seneca
1473 2647 1637 2687 Tragicus

928 2696 1143 2739 Hippolyto:
1175 2701 1184 2714 ⁴
1202 2696 1350 2728 Immitis
1373 2697 1477 2728 etiam
1500 2697 1637 2739 conjugi

928 2752 1036 2780 castae
1051 2745 1130 2788 fuit,
1145 2747 1304 2789 Experta
1331 2756 1458 2779 saevam
1480 2751 1535 2780 est
1559 2747 1636 2778 bar-

927 2798 1012 2832 bara
1035 2797 1375 2841 Antiope··manum.'
1420 2797 1499 2832 Qui*
1513 2807 1632 2830 versus
