1878 3164
0 710 11 747 αι*
0 686 6 695 π’
0 252 17 675 -,-τοἾὛΡ“τῑῬἾἿῑ-Ἶψξμ”ω>ῢς

436 225 476 256 1³.
507 222 699 255 PAPINH
732 220 898 254 STA'rn
932 221 1078 254 THEB.
1113 221 1208 253 1118.
1229 221 1283 252 11·

131 317 191 353 Ita
213 318 414 353 suavissima
439 318 484 351 de
510 316 598 350 iride
624 316 741 349 Flacc.
770 315 832 349 lib.

131 378 214 404 vtu-
264 372 277 390 ⁴
291 369 448 404 Nubibus
484 367 637 401 accensis
678 367 835 407 similem,

132 423 194 454 aut
219 429 299 454 enin
327 425 421 452 veste
456 418 586 452 recenti
618 418 762 450 Labitur
786 426 836 449 ar-

104 469 230 502 vdenti
246 469 502 502 Thaumantias
538 467 641 500 obvia
683 465 838 500 Phoebo:

173 571 237 602 666
253 569 348 602 Nihil
359 566 642 608 cultura-mutatus]
655 566 837 604 Nimirum,

133 619 213 662 qnia
228 619 288 662 qui
309 619 520 661 ignoscentis
538 619 687 650 animum
705 621 839 659 gerunt,

134 669 279 712 primum
293 668 418 703 frontis
440 680 510 702 suae
530 669 683 701 nubilum
702 668 838 700 desere-

132 725 230 754 nant.
273 721 401 754 Lucan.
429 720 498 753 ‘At
513 721 628 753 Cesar
640 719 751 752 facilis
767 719 839 751 vul-

133 774 206 805 tam
221 777 442 814 mentemque
458 771 622 804 serenus!
635 771 786 803 Lactant.

176 823 243 855 668
266 822 353 859 Quid
367 821 636 864 tinuideneqmris]
667 821 843 862 Jucunde,

134 872 332 906 consolatur
356 877 393 906 et
421 877 532 906 terret
549 884 557 903 ε
595 882 743 914 namque
774 872 839 904 hoc

135 922 452 964 pollicetur,nnllos
466 923 495 955 si
510 922 553 955 ad
568 923 660 956 bella
683 922 841 955 venerint

134 981 310 1007 evasuros.
353 973 395 1006 In
410 974 474 1006 hac
486 978 600 1006 autem
611 978 710 1015 parte
720 973 747 1004 si
761 982 841 1005 con-

135 1021 280 1064 sideres,
297 1023 470 1064 provisum
486 1023 549 1055 tibi
565 1029 619 1054 est
641 1022 733 1065 quod
750 1032 841 1054 nunc

120 1073 304 1114 *moderin
326 1083 368 1106 ne
384 1074 534 1116 graviori
548 1073 719 1116 supplicio
735 1082 843 1106 reser-

134 1123 240 1158 veris.
267 1124 369 1157 Idem.

177 1176 243 1207 666
255 1175 334 1209 Jews
344 1174 443 1217 redit]
465 1174 631 1216 Corpore,
640 1173 714 1215 jam
732 1173 842 1205 revul-

135 1230 211 1257 sum
226 1225 356 1258 telam:
385 1235 498 1268 neque
514 1226 604 1257 enim
621 1230 759 1266 poterat
773 1225 842 1265 gla-

136 1273 232 1309 dium
254 1277 380 1318 vagina
408 1276 612 1317 recondere,
640 1276 705 1308 nisi
742 1275 843 1308 hoste

132 1325 207 1368 J'asn
228 1330 420 1369 perempto.
443 1326 542 1359 Idem.

179 1379 244 1410 661
270 1376 459 1418 Marion]
490 1377 641 1410 Dixerat
676 1376 766 1409 enim
802 1386 844 1409 ea

136 1431 240 1461 nocte
263 1427 411 1461 Tideum
433 1428 571 1460 Thebas
593 1427 751 1468 intrasse,
778 1437 846 1470 qua

138 1478 268 1512 libero
283 1479 375 1521 patri
390 1489 491 1512 sacra
506 1478 740 1512 celebrantur.
763 1479 844 1511 Luc·

137 1531 222 1562 emit.
267 1529 342 1562 Non
364 1530 432 1562 ltoec
444 1529 621 1571 trieterica]
644 1529 776 1562 Bacchi
792 1539 846 1561 or-

139 1579 196 1622 gia
221 1579 397 1622 intelligit,
426 1590 503 1623 qnae
527 1579 668 1622 singulis
693 1579 847 1612 trienniis

141 1624 319 1662 celebrare
340 1639 422 1665 mos,
440 1629 600 1662 Groeciae.
621 1629 747 1671 Virgil.
768 1629 846 1661 AEn.

140 1688 192 1712 tv.
235 1679 246 1698 ‘
264 1679 331 1712 Ubi
343 1680 462 1712 andito
473 1680 654 1713 stimulant
669 1680 848 1712 trieterica

139 1729 424 1772 Baechoorgin!
446 1731 600 1764 Ber-nare.

183 1783 250 1815 flos
272 1781 434 1815 &eume
444 1782 609 1824 parentes]
635 1781 678 1814 Id
692 1786 759 1823 est,
769 1792 848 1814 cru-

143 1830 289 1864 delitate
319 1842 382 1865 sua
410 1833 571 1866 scelestos
601 1832 740 1866 facere:
768 1834 849 1876 quia

143 1881 292 1915 Baccha
302 1882 476 1916 insaniunt
489 1893 595 1925 usqne
609 1884 707 1921 adeo,
723 1887 762 1916 ut
773 1894 850 1916 cru-

144 1931 230 1966 deti·
262 1933 419 1966 Bacchus
440 1933 476 1965 in
498 1934 632 1966 illarum
663 1932 779 1966 furore
797 1933 850 1966 fu-

144 1992 222 2016 rere
252 1983 431 2024 videaturg
467 1984 547 2026 quia
570 1984 692 2026 Agave
715 1985 853 2017 homici-

144 2033 240 2066 dium
255 2034 371 2066 nescia
387 2035 601 2077 perpetravit
615 2045 625 2067 ε
641 2040 678 2067 et
693 2036 772 2068 ideo
787 2037 852 2068 hoc

145 2083 224 2117 Deo
249 2085 366 2126 potius
389 2085 587 2126 ascribitur,
608 2096 710 2129 qnam
732 2085 854 2119 furori.

146 2132 296 2170 hewse.

190 2187 256 2218 ⁶64
293 2184 468 2227 Nebridas]
504 2186 622 2219 Pelles
664 2188 856 2230 damarum,

148 2245 227 2278 qum
242 2236 368 2268 Graece
383 2235 522 2278 νεβρίδος
533 2238 766 2279 appellantur.
802 2238 856 2271 Ac

150 2295 214 2326 per
239 2286 305 2319 hoc
330 2287 548 2320 Baccharum
575 2288 776 2322 indumenta
790 2290 859 2331 sig·-

148 2335 282 2378 nificat,
293 2337 418 2380 quibus
434 2338 677 2370 sacrificiorum
705 2344 858 2381 tempore

150 2387 201 2420 nti
223 2391 498 2421 consueverunt:
521 2393 559 2420 ut
584 2388 708 2430 Virgil.
752 2390 762 2407 ‘
777 2389 858 2422 Pel-

150 2435 243 2470 libus
259 2437 294 2470 in
307 2447 436 2471 morem
453 2437 582 2471 cincti.'
605 2438 706 2471 Idem.

192 2491 260 2522 665
282 2488 456 2529 Inbellem]
473 2489 528 2522 Ad
541 2489 690 2522 sonitum
703 2490 861 2532 tympani

151 2542 189 2576 et
216 2539 409 2572 saltationis
452 2540 666 2572 Baccharum
689 2540 862 2574 imbellis.

152 2588 358 2630 naribusque
395 2589 558 2630 incognita
577 2589 674 2631 viris]
701 2589 743 2621 In
773 2600 863 2623 com.

154 2639 338 2681 paratione
377 2640 628 2674 Thebanorum.
695 2641 863 2681 Incognita

151 2691 282 2735 palia]
307 2691 506 2724 Luxuriosae
533 2691 740 2732 saltationis,
767 2692 862 2734 quasi

155 2740 204 2781 hi.
216 2742 275 2784 qni
297 2741 460 2774 adversus
487 2752 523 2774 sc
540 2748 795 2784 pugnaverunt,
811 2752 863 2774 sa-

158 2799 293 2825 crorum
304 2792 552 2827 consuetudine
573 2791 702 2826 tuerint
724 2791 863 2826 effoemi-

1474 210 1591 256 1817

886 316 968 349 nati.
991 316 1091 350 Idem.

928 369 994 399 666
1018 366 1175 408 Celenae]
1199 365 1327 399 Celene
1345 364 1485 398 Marsiae
1509 365 1594 398 civi-

887 421 953 458 tas,
965 417 1023 449 ubi
1041 417 1185 458 primum
1200 417 1329 449 dicitur
1339 417 1500 449 tibiarum
1512 426 1594 449 usus

887 467 1060 505 inventus,
1102 468 1224 509 quibus
1252 467 1447 509 Apollinem
1470 477 1594 509 provo·

887 527 966 550 care
982 527 1083 550 ausus
1097 523 1192 559 est‚a
1208 528 1276 560 quo
1289 519 1401 554 victus
1418 517 1595 550 temerita-

888 570 934 602 tis
947 580 1018 602 suae
1035 579 1151 611 poenas
1168 569 1315 602 exolvit.'
1339 569 1486 601 Marsias
1501 569 1593 601 enim

890 619 1058 652 Celeneus
1087 618 1181 652 fuit:
1219 623 1257 652 ut
1285 620 1362 661 ipse
1391 619 1494 657 infra,
1523 620 1596 651 ‘Et

889 670 1041 702 illustres
1067 670 1203 710 Satyro
1226 670 1401 712 pendente
1432 668 1596 702 Celenae.'

890 720 1007 753 Idem<

932 773 998 803 668
1022 772 1052 802 0
1075 770 1198 813 timidi]
1221 770 1313 804 Quia
1341 769 1465 810 timidi,
1489 770 1594 802 etiam

889 831 952 863 pro
982 822 1101 862 paucis
1127 831 1187 853 vos
1217 821 1335 853 habeo.
1380 819 1502 853 Demit
1528 820 1598 852 illis

889 871 1050 904 fiduciam
1062 872 1166 904 etiam
1178 871 1319 908 numeri,
1331 880 1408 902 cum
1419 870 1597 902 audaciam

891 921 1055 954 demserit
1073 931 1254 954 armornm.
1305 921 1402 953 Vetus
1425 921 1599 954 Scholiw.

895 971 1068 1013 Paucique]
1092 971 1228 1013 Optimi
1242 971 1373 1003 codicis
1385 971 1596 1012 explicatio:

893 1022 973 1054 Non
999 1020 1232 1064 magnifacere
1257 1031 1295 1054 se
1318 1031 1375 1054 eos
1397 1022 1540 1062 indicat,
1563 1025 1601 1053 et

892 1071 1027 1106 facilem
1042 1073 1145 1105 etiam
1161 1073 1340 1105 victoriam
1364 1073 1431 1105 sibi
1453 1071 1602 1114 sponde·

893 1132 945 1164 re,
960 1124 1043 1156 licet
1059 1125 1111 1156 vel
1129 1124 1243 1165 plures
1259 1129 1388 1157 essent.
1412 1125 1530 1157 Barth.

936 1177 1001 1207 672
1023 1175 1187 1207 Mutatum
1209 1175 1331 1217 spoliis]
1354 1175 1521 1207 Theronis
1551 1184 1602 1208 sc.

894 1225 993 1266 cujus
1010 1226 1168 1267 clypeum
1182 1235 1259 1258 cum
1275 1224 1600 1267 perfodisset,aoce-

894 1281 1005 1316 perat.
1033 1281 1094 1308 aut
1119 1281 1215 1308 certe
1239 1277 1402 1308 Mutatum
1422 1277 1531 1318 spoliis
1551 1276 1603 1308 in·

893 1324 1022 1358 sectum
1053 1326 1220 1366 sanguine
1246 1327 1426 1359 sociorum.
1478 1326 1603 1368 ltaque

895 1385 958 1417 per
971 1386 1128 1409 cruorem
1143 1387 1239 1409 suum
1254 1381 1448 1409 mutaverat
1457 1377 1530 1418 jam
1545 1387 1604 1409 co·

895 1428 1023 1460 lorem:
1046 1431 1084 1460 ut
1096 1428 1271 1459 Lucanus:
1289 1427 1519 1459 ‘Perdiderat
1533 1428 1606 1459 vul·

897 1482 969 1510 tum
986 1477 1122 1510 rabies.'
1143 1478 1345 1510 Lactantius.

939 1530 1003 1561 674
1028 1528 1181 1570 Βονίὸιιε]
1218 1528 1380 1561 Cruentis
1396 1528 1604 1570 aspersioni-

899 1577 973 1610 bus.
995 1582 1035 1610 ut
1058 1579 1186 1610 Lucan.
1209 1578 1437 1621 ‘Sanguineis
1457 1579 1606 1611 stillavit

897 1628 1032 1662 roribus
1049 1628 1171 1661 arbor.'
1192 1628 1294 1661 Idem.
1337 1630 1384 1660 Et
1406 1632 1491 1661 terra
1510 1629 1606 1661 mori-

895 1683 1004 1713 entum
1021 1679 1202 1721 aspergine]
1227 1680 1356 1712 Locum
1377 1680 1468 1711 hunc
1484 1688 1605 1712 sanum

897 1739 987 1767 esse,
1012 1740 1077 1763 nec
1101 1730 1226 1763 Catoni
1235 1730 1371 1771 juranti
1386 1729 1607 1762 crediderim.

896 1782 1059 1823 Veteres,
1082 1792 1160 1814 cnm
1185 1781 1341 1813 editione
1366 1781 1547 1823 principe:
1575 1785 1607 1814 et

898 1835 983 1865 tetra
994 1833 1181 1865 morientum
1195 1832 1360 1873 aspergine
1370 1836 1501 1865 muniunt
1511 1842 1525 1870 ‚·
1539 1841 1608 1874 qna

898 1883 1049 1916 lectione
1075 1883 1159 1915 nibil
1176 1888 1259 1925 pote
1285 1883 1419 1924 melius,
1439 1883 1522 1915 nihil
1538 1877 1607 1915 cla·

900 1934 989 1965 rius:
1008 1933 1128 1966 admisi
1142 1933 1259 1976 itaque
1270 1932 1431 1966 fidenter.
1454 1934 1609 1966 Bernart.

943 1987 1007 2016 677
1029 1984 1075 2016 Et
1102 1983 1172 2016 tabe
1195 1983 1357 2025 gravate]
1379 1983 1534 2016 ‘Tabes’
1558 1984 1609 2016 di-

900 2034 992 2067 citur
1018 2034 1169 2066 recentis
1191 2034 1368 2066 cadaveris
1390 2033 1503 2066 foetor.
1539 2034 1611 2066 Lu»

902 2095 979 2118 can.
1002 2086 1230 2128 ‘Longusqne
1259 2085 1294 2117 in
1318 2095 1459 2118 carcere
1482 2085 1610 2119 faetor!

903 2140 940 2169 et
962 2136 1083 2168 humor
1104 2136 1163 2179 qui
1187 2136 1354 2168 distillans
1385 2137 1611 2169 cadaveribus

903 2187 1093 2229 corrumpit
1110 2192 1258 2219 terram:
1283 2187 1374 2219 unde
1389 2188 1511 2229 Virgil.
1543 2190 1553 2206 ‘
1566 2188 1612 2220 Et

904 2243 1031 2271 terram
1050 2238 1131 2270 tabo
1148 2237 1342 2270 maculant!
1371 2238 1568 2271 Lactantius.

908 2312 911 2313 γ
948 2292 1013 2321 680
1036 2290 1171 2321 Tantum
1188 2289 1294 2320 vacuis
1308 2288 1394 2327 serit
1416 2289 1491 2321 αὲνα
1504 2289 1613 2332 malis]

906 2341 1019 2373 Etiam
1037 2340 1126 2372 inter
1143 2339 1327 2385 vorandum
1350 2348 1418 2371 non
1435 2339 1613 2373 destitisse

906 2391 991 2422 iram
1008 2399 1134 2431 augere
1156 2390 1205 2421 ait
1226 2390 1390 2430 Leonem,
1413 2390 1522 2423 donec
1546 2400 1613 2423 non

909 2441 1023 2483 potnit
1038 2440 1184 2482 amplius
1197 2440 1393 2478 masticare,
1402 2442 1451 2474 sic
1463 2442 1614 2485 deniqne

908 2491 1006 2525 malis
1035 2499 1259 2531 concrepare,
1290 2500 1367 2522 cum
1403 2491 1477 2532 jam
1508 2492 1614 2524 edere

908 2550 976 2573 non
1007 2541 1130 2582 possit,
1155 2544 1339 2572 testantem
1370 2543 1471 2573 animi
1499 2541 1616 2575 ferita-

910 2596 980 2624 tem
995 2595 1031 2623 et
1047 2591 1256 2629 aviditatem,
1271 2592 1396 2623 satiato
1406 2592 1478 2633 jam
1492 2602 1614 2636 corpo-

911 2651 960 2674 re.
989 2641 1149 2674 reesa..
1194 2641 1307 2683 Maza]
1346 2643 1478 2674 Dentes
1509 2644 1613 2676 etiam

911 2691 1093 2732 denotant,
1116 2696 1155 2724 ut
1182 2691 1272 2732 apud
1300 2692 1434 2724 Maron.
1458 2693 1535 2725 AEn.
1559 2702 1617 2726 ιιι.

912 2742 1001 2775 ‘Sed
1025 2751 1094 2774 non
1108 2746 1189 2774 ante
1203 2741 1318 2774 datam
1334 2742 1482 2784 cingetis
1498 2744 1616 2776 moeni-

912 2792 976 2826 bus
1000 2792 1132 2834 urbem,
1165 2792 1277 2827 Quam
1305 2802 1364 2825 vos
1392 2793 1469 2826 dira
1497 2793 1616 2836 fames,
