1878 3164
0 1794 4 1802 ·
2 1759 6 1776 -
0 1660 20 1747 ‘urs-⁴

34 871 40 878 .

34 943 41 955 ff

15 977 19 980 .
43 972 51 979 .

19 1014 26 1023 ⁷.

0 1339 23 1366 .'

6 1402 27 1412 ,.

0 1546 27 1577 2³2·

0 1597 20 1634 ἴ,

486 242 527 272 Ρ.
558 239 751 273 PAPan
783 240 1133 273 STA'ruTHEB.
1166 242 1262 272 MB-
1283 243 1329 273 V.

167 332 335 388 g'ati;Noae
348 338 483 369 imm.
528 335 582 367 De
597 334 696 376 cujus
712 333 872 366 lectionis

167 383 388 429 corruptione
402 385 555 418 'dubitari
571 395 591 416 a
605 384 720 417 sobrio
734 384 871 416 homine

166 438 235 469 no'n
259 433 385 478 potest.
418 434 523 471 'Quid
548 435 639 468 enim
666 435 793 466 malum
815 434 871 467 hic

164 483 206 517 τὸ
216 484 302 522 ’ποιεῖν
323 495 400 519 cnm
423 485 625 528 paulo·ante
640 484 750 517 Poeta
765 485 871 525 scrip-

166 536 272 569 serit:
310 536 510 570 ‘Exoritur'
537 535 739 579 pudibunda
775 534 873 568 dies!

119 596 123 600 ‘
165 585 309 621 Res-mn

167 650 175 667 θ
206 639 273 671 814
294 637 557 680 Soeperumeuper
567 639 671 680 amm]
684 639 869 679 sceptrum

165 687 210 721 id
225 689 323 731 regni
337 695 554 729 ornamenta,
573 699 667 722 arma
684 690 803 722 retulit
825 689 869 722 ad

162 737 341 772 virtutem.
359 739 508 774 lactant.
581 731 586 736 '

167 807 175 811 Δ·
206 790 273 828 819
295 789 371 822 Hac
393 790 504 823 dubios
526 791 596 834 leti]
620 791 698 823 Non
721 790 870 824 sollicito

163 839 253 872 hanc
269 841 488 883 scripturam.
533 841 608 873 Hac
622 843 669 874 ire
691 842 724 873 in
745 851 868 874 vanum

164 890 305 924 scihar
334 900 400 934 ego
434 891 470 924 in
498 902 621 924 vanum
653 892 868 934 plangebam.

164 940 306 974 Mes
320 941 406 975 duos
426 932 531 984 dicits
548 944 695 974 alterum
721 942 763 974 de
782 951 870 983 sese,

163 991 309 1025 alterum
339 993 384 1026 de
413 993 573 1036 ambiguo
602 993 683 1025 vitae
712 999 868 1035 parente,

164 1044 287 1086 utpote
312 1044 371 1085 qui
395 1042 557 1077 fluctibus
573 1044 677 1076 maris
694 1044 728 1076 in
744 1044 869 1086 exigua

163 1091 287 1136 cymba
311 1094 469 1137 jactetur
495 1095 683 1136 expositus.
739 1095 869 1127 Nescio

163 1146 280 1178 tamen
296 1154 339 1177 an
356 1146 478 1188 optimi
500 1146 581 1178 libri
604 1146 708 1178 lectio
727 1147 771 1178 sit
787 1149 869 1179 co'n-

164 1196 363 1236 temnenda,
385 1206 462 1239 quae
488 1206 570 1228 saue
595 1196 734 1228 minime
749 1196 869 1229 Libra-

163 1246 251 1280 rium
266 1248 413 1291 aliquem
434 1253 611 1281 auctorem
631 1249 744 1289 sapit:
767 1252 799 1281 et
812 1249 870 1280 hac

163 1298 274 1332 dubios
299 1299 356 1331 leti
385 1302 475 1332 tenus
502 1298 549 1330 ire
578 1300 716 1331 timores.
770 1299 870 1331 Inter

164 1349 396 1392 plangendum
413 1350 477 1383 hoc
490 1359 624 1392 precor,
641 1354 680 1382 ut
695 1359 762 1381 non
780 1350 868 1382 ultra

163 1401 226 1435 ho·
240 1400 341 1434 tictos
356 1401 491 1433 dolores
511 1401 628 1433 dolere
642 1400 800 1441 habeam,
815 1402 870 1433 vel

164 1450 209 1484 de
223 1460 301 1484 mea
316 1457 444 1493 morte,
455 1452 511 1484 vel
527 1450 571 1483 de
588 1451 757 1492 parentis,
768 1461 869 1493 quem

162 1511 243 1534 cnm
264 1501 418 1544 periculo
437 1511 513 1534 meo
530 1501 676 1534 servavi.
718 1501 871 1534 Videant

164 1552 315 1585 Eruditi.
337 1552 457 1585 Barth.
859 1580 861 1583 .

166 1622 173 1626 -
207 1605 270 1636 ⁸2⁵
293 1603 440 1644 ‚conjuge
469 1602 619 1644 Lemnos]
643 1602 685 1634 Id
716 1607 770 1635 est
797 1604 870 1636 sine

165 1652 260 1694 viris,
287 1657 348 1685 aut
384 1653 459 1685 sine
495 1653 644 1685 culmine
680 1652 869 1694 dignitatis.

164 1702 314 1736 lactant.

169 1780 173 1784 .
206 1756 274 1788 ⁸26
299 1754 438 1797 Vigiles]
460 1755 654 1797 Epitheton
678 1765 869 1789 commune.

163 1804 280 1847 “Vigil
309 1805 458 1846 sensus‚’
483 1810 543 1838 aut
569 1805 651 1848 quia
672 1806 870 1838 maritorum

164 1849 338 1888 desiderio
375 1861 478 1889 nocte
522 1854 661 1891 fortius.
687 1857 871 1899 cogitatur.

164 1905 266 1939 Idem.

166 1973 172 1980 ·
207 1959 273 1990 886
295 1957 400 1990 Pinus
414 1952 538 2000 Pelias]
563 1957 659 2001 Argo
678 1959 796 1991 navim
820 1959 872 1992 di-

164 2007 227 2048 cit,
252 2017 329 2050 qnae
355 2009 389 2041 in
416 2009 517 2041 Pelio
544 2010 659 2042 mo'nte
685 2011 871 2042 Thessaliae

165 2055 337 2090 fabricata
364 2063 431 2092 est.
476 2059 624 2092 Cicero:
647 2060 811 2093 ‘Utinam
837 2061 872 2092 in

165 2114 304 2140 nemore
320 2107 420 2141 Pelio
434 2114 539 2142 coesae‘
548 2110 727 2143 securibus
743 2111 785 2143 ad
804 2117 872 2144 ter-

166 2166 238 2191 ram
285 2159 495 2192 cecidissent
539 2160 695 2203 abiegnae
731 2162 873 2195 trabes!

163 2207 245 2247 Sstve
261 2209 373 2242 Pelion
389 2219 492 2253 unum
508 2216 528 2242 e
543 2220 685 2244 numero
698 2211 874 2253 Argonau-

164 2263 278 2293 tarum
294 2259 468 2302 significat
491 2260 610 2301 filium,
638 2262 735 2304 cnjus
751 2264 872 2296 civitas

165 2315 222 2344 est
250 2310 404 2351 ,Phthin
429 2312 525 2354 cujus
555 2312 679 2353 Virgil.
702 2314 871 2356 meminit,

164 2361 349 2394 §Phthiam
378 2362 558 2404 clarasque
586 2363 751 2406 Mycenas
766 2366 788 2397 :'
812 2372 872 2398 ant
892 2395 894 2397 ,

164 2416 261 2445 certe
276 2411 399 2445 Pelion
417 2413 571 2455 Neptuni
584 2413 702 2453 filium,
714 2417 771 2458 qui
783 2417 871 2449 illius

164 2463 232 2496 loci
247 2455 415 2496 summani
428 2463 620 2498 obtinebat.
666 2466 759 2499 Huic
781 2468 871 2500 enim

165 2523 365 2558 responsum
378 2513 460 2556 fuit,
478 2519 518 2548 ut
540 2516 582 2548 ab
603 2526 645 2548 eo
662 2518 872 2559 spoliaretur

165 2575 260 2608 aree,
275 2568 333 2610 qni
347 2568 456 2600 altero
479 2567 512 2601 ei
533 2569 623 2601 nudo
648 2569 738 2611 pede
753 2579 872 2602 occur-

165 2615 280 2664 risset,
291 2623 507 2662 quapropter
521 2621 584 2652 hoc
598 2621 751 2653 velocius
768 2621 871 2654 susti-

165 2668 254 2711 nuit,
270 2679 338 2712 qno
353 2670 484 2702 evitare
499 2672 659 2703 tentavit.
702 2672 809 2705 Jason
827 2672 870 2703 si-

165 2718 316 2762 quidem,
330 2725 431 2752 natus
447 2730 491 2752 ex
509 2721 632 2752 AEsone
648 2720 756 2753 fratre
770 2722 871 2763 regis,

167 2778 370 2804 occursurus
401 2771 507 2803 sacris
535 2781 611 2814 qnae
645 2773 811 2814 Neptuno
843 2774 871 2804 is

166 2817 335 2861 faciebat,
361 2820 441 2853 dnm
465 2830 527 2863 per
549 2822 728 2854 Euhenum
744 2821 871 2855 flumen

924 334 1061 375 transit,
1088 334 1269 367 detentum
1291 334 1372 367 limo
1399 334 1544 367 alterum
1572 347 1633 378 pe-

923 384 977 417 dis
992 386 1253 419 calciamentum
1280 385 1437 427 negligit,
1463 388 1634 428 atqueita

923 435 998 468 fato
1025 441 1151 478 agente
1175 437 1317 470 devenit
1343 437 1387 470 ad
1403 437 1552 477 Peliam,
1574 439 1634 480 qui

923 485 958 518 in
986 487 1045 519 illo
1072 487 1196 519 timens
1226 487 1390 530 quicquid
1417 486 1462 519 ab
1488 488 1630 520 oraculo

922 536 1039 569 fuerat
1054 536 1198 577 dictum,
1216 537 1280 569 sub
1304 537 1422 578 specie
1439 538 1556 579 gloriae
1570 537 1633 569 mi-

923 587 968 619 sit
995 586 1038 619 ad
1065 587 1226 628 Colchos,
1253 587 1296 619 ad
1326 586 1548 619 auferendam
1574 597 1633 619 au-

922 646 1016 669 ream
1047 637 1333 679 arietispellem.
1388 638 1483 679 Ergo
1513 637 1630 670 Pelias

922 688 1022 730 pinus
1035 688 1131 729 Argo
1144 698 1263 720 navem
1278 688 1377 730 dicit,
1393 699 1469 730 quae
1485 689 1519 720 in
1532 688 1632 721 Pelio

921 743 1038 771 mon'te
1052 740 1235 771 Thessaliae
1252 738 1422 771 fabricata
1437 744 1501 771 est.
1520 766 1522 768 ,
1547 740 1634 771 Hos·

921 790 1005 831 pita]
1045 791 1152 823 Quasi
1189 790 1309 831 prima.
1370 789 1490 822 Intacti
1522 790 1631 831 ponti]

922 840 1013 874 Quia
1049 847 1129 873 ante
1164 839 1260 882 Argo
1290 850 1411 872 navem
1447 841 1630 873 inviolatus

922 888 1001 923 fuit.
1025 891 1124 923 Idem.

963 944 1026 973 337
1039 942 1153 981 Agunt
1162 941 1302 984 Minyoe]
1314 941 1466 973 Thessali
1478 952 1497 973 a
1510 941 1631 983 Minya

923 1003 1004 1035 rege
1031 994 1283 1030 Thessalorum,
1315 1004 1333 1025 a
1364 986 1460 1034 cujus
1492 992 1630 1024 nomine

921 1053 1038 1083 omnes
1069 1045 1278 1086 Argonautae
1310 1044 1433 1086 Minyae
1464 1043 1631 1084 appellati

920 1100 1012 1127 suut.
1059 1095 1176 1136 Cunet]
1202 1096 1360 1137 Spumat,
1386 1094 1422 1126 id
1451 1099 1518 1135 est,
1544 1093 1632 1125 laeva

921 1145 1113 1188 dextraque
1130 1145 1257 1177 revulsi
1268 1143 1394 1177 fluctus
1410 1154 1497 1176 cano
1513 1143 1630 1176 littore

921 1196 1117 1229 fervebant.
1141 1197 1241 1229 Idem.

964 1250 1028 1280 340
1055 1247 1180 1289 Tomis]
1197 1247 1325 1279 Remis.
1351 1247 1448 1279 Idm.

964 1301 1027 1331 343
1057 1298 1228 1339 OEagrius]
1278 1298 1394 1337 OEagri
1430 1297 1536 1337 filius,
1568 1307 1630 1329 rex

921 1350 1102 1390 Ciconum,
1114 1356 1153 1383 ut
1169 1350 1218 1382 ait
1231 1349 1488 1382 Onomacritus.
1523 1348 1631 1389 Apol·

921 1400 1033 1432 lonius
1048 1401 1176 1432 Pieriae
1200 1399 1407 1431 Thracensis
1434 1399 1563 1439 Regem
1578 1397 1631 1430 fa·
1648 1423 1651 1427 s

921 1451 982 1483 cit.
1025 1451 1166 1483 ,declinis
1179 1450 1276 1492 mulo]
1286 1450 1342 1481 Sic
1355 1448 1573 1480 scribendum
1586 1458 1630 1480 ex

921 1500 1059 1542 optimis
1075 1501 1170 1533 libris
1197 1505 1233 1532 et
1255 1501 1289 1532 in
1312 1500 1467 1542 pluribus
1483 1499 1632 1531 auctori·

921 1552 992 1591 bus¹
1007 1557 1206 1595 corruptam
1232 1545 1319 1583 ha'nc
1348 1560 1467 1583 vocem
1495 1550 1644 1592 pridem.

922 1603 1150 1635 restituerunt
1166 1602 1259 1634 docti
1277 1602 1448 1633 mortales.
1462 1601 1630 1632 Bar-thius.

965 1656 1027 1686 344
1065 1652 1234 1694 Orpheus}
1264 1651 1560 1687 Quemadmodum
1595 1651 1630 1683 in

921 1704 999 1736 navi
1029 1704 1197 1736 canerent
1226 1702 1322 1742 dicit,
1352 1702 1451 1743 cujus
1478 1701 1631 1734 dulcedi-

921 1764 1000 1788 nem
1018 1753 1196 1786 morientis
1219 1753 1322 1794 cygni
1347 1756 1528 1794 comparat
1550 1761 1630 1783 can-

921 1806 1052 1838 tilenae.
1097 1804 1271 1836 Dicuntur
1297 1802 1386 1834 enim
1416 1801 1517 1843 cygni
1542 1811 1630 1833 mor·

921 1856 966 1888 tis
1004 1860 1162 1896 tempore
1192 1852 1324 1885 dulcius
1353 1852 1454 1884 solito
1491 1861 1630 1884 canere.

920 1908 1068 1940 Lactant.

965 1962 1029 1991 345
1055 1957 1188 1990 Nescire
1203 1955 1340 1997 labores]
1366 1955 1409 1987 Id
1424 1959 1491 1996 est,
1508 1960 1630 1987 cantus

922 2009 1103 2043 dulcedine
1119 2008 1272 2040 laborem
1297 2006 1427 2039 sentire
1451 2015 1519 2038 non
1535 2006 1630 2038 sinit.

924 2062 1024 2094 Idem.

966 2116 1031 2146 346
1056 2113 1181 2153 Oraque
1200 2110 1352 2152 primum]
1372 2107 1631 2151 Symplegadas,

923 2169 963 2197 ut
978 2164 1104 2196 asserit
1117 2162 1311 2203 Euripides.
1334 2160 1435 2192 Idem.

965 2218 1029 2248 347
1054 2212 1207 2257 Cyaneis]
1222 2212 1342 2245 Maris.
1368 2211 1503 2251 .Cyane
1521 2209 1629 2251 Nym-

922 2266 991 2309 pha
1006 2267 1040 2298 in
1055 2265 1183 2298 Sicilia.
1205 2263 1326 2295 Venus
1342 2261 1520 2303 indignata
1537 2261 1629 2303 quod

923 2316 1137 2358 Proserpina
1158 2323 1255 2346 suum
1280 2322 1406 2344 numen
1431 2317 1630 2344 contemne-

923 2373 977 2400 ret
1003 2366 1163 2409 conjugia
1186 2363 1385 2406 spernens*
1402 2363 1459 2404 qui
1485 2364 1629 2395 territus

923 2417 1053 2449 viribus
1083 2415 1224 2458 'ryphei
1261 2413 1450 2446 evomentis
1480 2414 1632 2454 AEtnam,

923 2470 978 2501 cui
1010 2467 1188 2510 subjectus
1216 2471 1292 2498 erat
1319 2475 1396 2498 cum
1428 2464 1472 2496 ab
1503 2463 1630 2496 Inferis

923 2520 1136 2557 emersisset,
1163 2517 1277 2549 intulit
1305 2525 1468 2555 amorem,
1490 2519 1527 2546 ut
1543 2514 1630 2546 Pro-

922 2569 1095 2611 serpinam
1112 2568 1204 2599 circa
1218 2575 1384 2598 cacumen
1401 2565 1511 2597 AEtnae
1528 2564 1631 2597 flores

922 2620 1095 2662 legentem
1124 2618 1286 2660 eriperet,
1321 2626 1388 2658 qua.
1420 2625 1629 2657 compressa,

922 2680 999 2702 cum
1032 2674 1248 2711 properaret,
1277 2676 1450 2709 curruque
1475 2666 1631 2707 sugeret,

923 2721 1041 2762 Cyane
1058 2720 1220 2762 nympha,
1234 2727 1333 2761 quam
1349 2717 1521 2749 dilexerat
1537 2716 1629 2748 Ana-

924 2781 988 2813 pus
1005 2770 1126 2809 amnis,
1139 2768 1380 2802 intercedente
1397 2767 1551 2799 tardatus
1563 2773 1630 2800 est.

923 2822 972 2855 At
995 2822 1054 2854 ille
1077 2821 1239 2854 incensus
1264 2820 1315 2852 ira
1341 2827 1458 2860 morae,
1480 2819 1628 2852 interce-
