1878 3164
222 243 224 245 ν
290 217 403 261 2026

291 333 478 365 manorum,
492 324 527 356 in
543 333 684 366 quorum
701 322 832 355 foribus
847 326 884 354 et
899 322 992 354 circa

290 372 406 405 limina
420 374 657 406 excellentium
671 373 855 404 animorum
872 372 993 413 imagi-

290 431 352 454 nes
388 427 499 463 erant,
536 421 646 454 affixis
683 423 829 454 hostium
865 422 994 463 spoliis,

292 481 368 513 quaa
391 481 456 504 nec
481 473 626 512 emptori
653 471 842 512 refringere
857 471 993 509 liceret,

291 531 369 563 quae
396 522 514 562 etiam,
529 522 674 554 dominis
696 522 849 561 mutatis,
875 521 992 552 domus

237 577 241 579 “
291 577 491 604 ornamenta
507 576 615 604 erant.
660 572 814 613 Eratque
834 571 909 602 haec
932 571 992 602 sti-

291 622 434 654 mulatio
450 631 579 653 summa
593 625 630 653 et
641 621 771 662 iugens,
786 621 992 663 exprobran-

292 671 501 705 tibustectis
511 671 662 712 quotidie
675 671 846 703 imbellem
862 671 996 702 intrare

293 721 327 752 in
343 721 489 752 alienum
504 720 722 761 triumphum.
744 720 894 752 Britann.

335 772 400 802 424
421 769 522 802 Arma
536 770 677 811 patrum]
702 769 744 801 Id
761 775 815 802 est
830 779 907 811 quae
922 779 992 801 ma-

288 821 385 861 jores
399 820 469 852 illic
487 820 753 860 suspenderant.
769 820 868 851 Idem.

335 873 399 902 425
423 870 562 911 Raptum
584 869 728 910 Superis]
761 869 924 902 Ablatum
949 878 993 900 ex

295 919 446 961 templis.
490 918 632 961 Efferat]
654 918 711 950 Ad
740 928 826 960 opus
854 918 992 959 impium

295 974 332 1000 et
346 968 459 1001 ferum
473 973 584 1010 parat.
606 969 705 1000 Idem.

336 1021 402 1050 426
428 1019 552 1051 Umbrae
566 1017 699 1058 veteres]
720 1016 885 1057 Subaudi,
903 1020 994 1057 sunt,

294 1074 334 1102 ut
346 1070 391 1101 sit
402 1078 534 1109 sensus,
547 1077 714 1110 nusquam
727 1072 806 1099 sunt
816 1067 921 1108 sylvae
937 1076 994 1098 ve-

294 1123 397 1156 teres,
411 1119 490 1161 quia
503 1117 779 1150 succidebantur.
802 1117 901 1149 Idem.

335 1171 400 1200 427
425 1167 580 1209 Taygeta]
618 1167 719 1199 Mons
745 1172 799 1198 cst
824 1167 998 1208 Taygetus

294 1218 466 1259 laconiae,
480 1227 547 1250 non
563 1218 702 1259 grandis
724 1216 917 1256 admodum,
931 1226 996 1248 cae-

296 1274 407 1301 terum
422 1268 578 1300 excelsus
604 1272 641 1300 et
662 1271 813 1304 erectus,
827 1275 869 1297 ex
890 1265 997 1308 Aqui-

295 1320 381 1351 lonis
405 1324 503 1360 parte
527 1317 687 1351 Arcadiae
713 1317 848 1349 radices
864 1317 996 1348 contin-

296 1378 391 1411 gens.
413 1369 512 1400 Idem.

337 1422 402 1454 428
423 1420 501 1451 Jam
525 1423 617 1451 natat
640 1429 727 1451 omne
747 1418 867 1459 nemus]
891 1418 997 1451 Navi-

292 1481 352 1509 um
379 1469 633 1507 multitudinem
659 1469 823 1509 ostendit,
840 1478 924 1510 quas
942 1478 997 1500 su-

298 1531 362 1563 pra
377 1521 468 1552 mille
483 1519 589 1551 fuisse
606 1519 767 1560 produnt.
790 1519 890 1550 Idem.

340 1573 404 1607 430
421 1569 616 1610 Innumeros]
633 1569 726 1602 Quos
742 1571 901 1600 numerat
912 1568 997 1609 ipse.

300 1621 392 1657 Quod
414 1623 518 1651 rostra
540 1618 634 1659 liget]
662 1618 705 1650 Id
730 1623 783 1650 est
802 1628 822 1650 e
849 1627 915 1660 qno
936 1617 999 1657 fiat

297 1670 470 1702 munimen
497 1673 681 1701 rostrorum
707 1668 855 1706 navium,
872 1678 947 1709 quae
963 1668 997 1699 in

299 1721 399 1752 bellis
426 1719 685 1751 adhibebantur.
738 1719 869 1750 Muniat
895 1717 998 1759 arma]

298 1770 342 1802 Id
354 1773 418 1810 est,
433 1770 590 1802 thoracas
606 1769 739 1811 aliaque
755 1779 848 1800 arma
870 1769 1001 1801 munita

299 1820 423 1852 reddat
434 1819 544 1852 fortis.
567 1820 746 1852 Maturant.

342 1874 407 1903 432
445 1870 642 1912 squalentes]
678 1871 744 1901 Vel
766 1869 952 1911 fulgentes,
980 1879 1000 1901 a

302 1922 451 1964 squamis
489 1922 646 1963 piscium,
684 1931 762 1963 quae
807 1916 1000 1962 splendent,

302 1972 454 2014 quamvis
470 1972 625 2013 squalere
641 1971 686 2003 sit
708 1971 877 2002 interdum
894 1970 1001 2002 sordi-

301 2022 380 2054 dum
396 2032 483 2062 esse,
498 2022 553 2053 vel
564 2022 751 2063 squalentes,
772 2020 860 2062 quod
876 2020 911 2052 in
933 2019 1000 2052 for-

301 2082 388 2104 mam
413 2081 627 2115 squamarum
659 2070 859 2103 conficiatur
883 2071 999 2102 lorica.

302 2123 476 2164 Sanguine,
490 2121 560 2164 εμπ]
582 2122 730 2163 Propter
745 2130 846 2153 enses
871 2126 909 2153 et
931 2121 1000 2163 spi·

303 2173 379 2206 cula
390 2173 488 2204 dicit.
525 2173 625 2204 Idem.
752 2171 754 2173 ’

344 2225 408 2255 433
430 2221 547 2262 Bibae]
570 2221 722 2254 Hauriat
740 2220 937 2262 sanguinem
959 2230 1002 2253 ex

301 2274 353 2306 his
366 2282 458 2305 more
471 2272 633 2304 bibentis.
653 2272 833 2304 Maturant.

344 2327 407 2356 435
432 2322 581 2363 Nigris]
600 2321 674 2354 Aut
706 2321 904 2363 mortiferis,
931 2325 1003 2361 aut,

304 2372 395 2416 quod
410 2373 517 2413 magis
534 2372 661 2413 placet,
678 2371 784 2412 nigris
811 2377 892 2403 ante
919 2372 1002 2413 poli-

304 2425 442 2456 tionem.
467 2423 566 2455 Idem.

346 2478 412 2508 436
432 2474 500 2506 Aut
528 2475 646 2506 lentare
669 2472 777 2513 arcus]
803 2472 845 2504 Id
872 2475 937 2512 est,
953 2472 1004 2503 in-

304 2535 449 2558 curvare
484 2529 520 2557 et
546 2523 722 2556 flectendo
752 2523 865 2555 facere
895 2532 1004 2555 arcus.

304 2579 448 2610 Fundere
469 2576 614 2617 glandes]
638 2575 678 2607 Id
701 2579 766 2615 est,
788 2574 874 2615 pilas
896 2574 1004 2615 plum-

304 2629 386 2665 beas
400 2626 560 2664 conflare,
570 2636 654 2669 quas
671 2626 774 2667 prisci
787 2624 1004 2667 fundajacie-

305 2678 401 2711 bant.
423 2677 526 2716 Idem.

346 2731 410 2761 437
434 2728 562 2759 Torrere
584 2726 689 2766 sudes]
712 2726 805 2758 Palis
831 2726 920 2759 enim
945 2726 1003 2758 ad-

307 2779 390 2811 ustis
405 2777 536 2819 antiqui
557 2777 592 2809 in
608 2777 697 2809 bello
712 2777 906 2810 utebantur.
929 2777 1006 2810 Vir·

755 230 896 262 NoTAE
931 230 990 260 VA
1000 229 1153 261 RIORU
1162 230 1193 259 M
1228 228 1280 260 IN

1043 322 1102 362 gil.
1126 321 1327 364 ‘stipitibus
1341 321 1434 355 duris
1457 321 1569 363 agitur
1585 320 1740 355 sudibus·

1043 381 1109 413 que
1139 371 1319 413 praeustis.'
1366 371 1477 413 Couis]
1508 371 1647 404 Dicitur
1675 371 1741 403 Co·

1043 431 1105 452 nus
1132 422 1236 463 pinna
1262 422 1321 454 illa
1345 422 1453 463 galeae
1475 421 1510 453 in
1536 430 1604 463 qua
1625 420 1740 454 ctiste

1042 470 1246 512 defiguntur.
1268 472 1370 504 Idem.

1083 524 1148 554 438
1163 522 1235 553 Hos
1245 522 1327 553 irater
1339 520 1454 563 motus]
1468 521 1552 553 Cum
1564 520 1742 560 universa,

1042 571 1167 613 inquit,
1182 571 1331 604 Graeciae
1347 571 1448 603 urbes
1464 570 1506 602 ad
1522 574 1654 602 tantum
1670 569 1741 601 bel-

1041 621 1111 652 lum
1151 631 1282 653 summa
1321 621 1498 653 alacritato
1527 623 1744 662 pararentur,

1043 671 1116 702 sola
1139 671 1311 703 Thessalia
1340 671 1532 713 angebatur
1556 669 1650 712 quod
1673 669 1742 702 Pe-

1041 720 1117 752 leus
1143 725 1234 753 esset
1257 730 1377 760 senex,
1398 725 1433 752 et
1453 720 1605 754 Achilles
1626 720 1743 752 imma-

1044 774 1140 802 turus
1157 770 1216 812 qui
1229 771 1272 803 ad
1288 770 1414 803 bellum
1436 771 1645 803 mitteretur·
1666 769 1746 802 Bri-

1043 824 1130 853 tann.
1736 835 1739 844 ›

1085 874 1148 903 441
1173 871 1286 907 Terras
1318 870 1457 912 Pelopis]
1479 870 1746 912 Peloponesum,

1043 921 1212 953 Moream.
1230 922 1413 954 Maturant.
1735 930 1739 935 “

1084 974 1149 1003 442
1160 972 1201 1003 In
1215 971 1370 1012 transtra]
1382 970 1553 1004 Tabulata
1562 969 1698 1003 navium
1709 969 1745 1010 in

1043 1022 1163 1064 quibus
1180 1025 1274 1053 stant
1287 1023 1506 1062 remigantes.
1527 1020 1627 1052 Idem·
1655 1039 1657 1041 -

1085 1073 1150 1103 444
1172 1070 1311 1112 Stagna]
1346 1070 1467 1112 Aquae.
1510 1069 1592 1102 Suos
1609 1067 1747 1110 fleme]

1045 1120 1134 1152 Nam
1150 1130 1227 1152 cum
1243 1122 1354 1153 soleat
1377 1130 1421 1152 ex
1444 1123 1545 1153 vento
1560 1120 1677 1161 hyems
1691 1128 1747 1152 ca-

1045 1171 1129 1212 veri,
1157 1180 1248 1203 nunc
1285 1180 1329 1202 ex
1358 1174 1458 1204 tauta
1483 1170 1745 1213 perturbatione

1044 1222 1160 1261 maris,
1174 1230 1218 1253 ex
1233 1224 1331 1253 tanto
1345 1229 1484 1252 numero
1500 1219 1746 1253 navium.tem·

1045 1275 1162 1313 pestas
1176 1270 1380 1312 agitabatur,
1390 1269 1567 1302 commotis
1575 1267 1745 1301 fluctibus.

1045 1320 1141 1361 Suos]
1163 1319 1194 1352 A
1213 1320 1358 1352 navibus
1375 1324 1575 1352 commotos.
1595 1319 1706 1351 Idem.v

1088 1374 1152 1403 446
1174 1371 1295 1414 Deficit
1318 1370 1437 1412 aequor]
1460 1369 1567 1404 Quasi
1598 1379 1664 1402 non
1689 1378 1746 1400 ca-

1045 1431 1128 1463 pax,
1141 1421 1344 1463 hyperbole,
1358 1419 1556 1462 ὑπερβόλλω,
1567 1419 1750 1459 treudacio,

1047 1481 1108 1503 seu
1122 1471 1316 1508 transcendo,
1330 1470 1384 1502 hic
1400 1469 1582 1502 veritatem
1593 1473 1746 1511 superat,

978 1538 981 1540 ⁷
1046 1531 1113 1552 non
1130 1521 1267 1553 omnino
1286 1521 1462 1561 mentitur,
1479 1520 1529 1552 sic
1551 1528 1630 1552 cum
1645 1519 1747 1551 uicit.

1050 1570 1257 1611 Consumunt]
1280 1570 1322 1603 Id
1346 1574 1412 1611 est,
1425 1579 1493 1602 non
1509 1569 1749 1610 reststaliqua

1048 1631 1127 1663 pars
1153 1621 1261 1661 venti,
1285 1631 1362 1662 quae
1392 1630 1457 1652 non
1485 1621 1529 1652 sit
1558 1623 1705 1661 accepta
1727 1628 1748 1650 a

1048 1672 1144 1710 velis,
1156 1671 1249 1712 quasi
1267 1674 1363 1702 tanta
1375 1674 1453 1702 erat
1468 1670 1618 1702 velorum
1633 1669 1747 1710 copia,

1047 1721 1138 1764 quod
1157 1725 1278 1755 ventos
1290 1730 1405 1753 omnes
1419 1719 1748 1761 capiebantmyper·

1048 1771 1170 1804 bolice.
1193 1763 1291 1802 Idem.

1090 1824 1153 1853 447
1177 1820 1346 1861 Hecateia]
1369 1820 1411 1859 Id
1434 1824 1498 1860 est,
1522 1819 1644 1852 Dianoe
1669 1828 1749 1851 con-

1049 1877 1192 1903 secrata.
1222 1872 1311 1904 Nam
1327 1871 1361 1902 in
1375 1869 1500 1902 Aulide
1515 1870 1638 1902 Dianae
1655 1868 1748 1904 aedes

1049 1921 1116 1954 fuit
1151 1921 1432 1953 memoratissima
1449 1951 1452 1953 ,
1467 1920 1582 1952 multis
1617 1919 1750 1950 saeculis

1050 1978 1131 2005 ante
1159 1973 1344 2014 Trojanum
1381 1971 1522 2011 bellum,
1555 1974 1593 2001 ut
1630 1968 1752 2001 scribit

1051 2023 1195 2063 Plinius,
1212 2020 1441 2054 exaedificata.
1484 2020 1527 2052 In
1548 2019 1644 2061 cujus
1671 2019 1749 2052 luco

1050 2083 1188 2106 cervam
1209 2073 1251 2104 ab
1275 2072 1530 2114 Agamemnone
1559 2068 1750 2103 confossam

1051 2123 1157 2156 fuisse
1186 2127 1337 2162 constat,
1364 2132 1426 2164 pro
1448 2131 1516 2164 qua
1538 2125 1677 2154 coactus
1695 2124 1752 2153 est

1051 2174 1264 2215 Iphigeniam
1291 2173 1394 2204 filiam
1416 2172 1591 2203 immolare
1615 2171 1752 2204 Dianae.

1053 2224 1211 2256 Hecaten
1232 2224 1323 2255 enim
1349 2222 1495 2254 Dianam
1510 2221 1668 2260 dicimus,
1683 2229 1750 2261 qua

1051 2274 1282 2316 appellatione
1301 2277 1356 2304 est
1377 2277 1414 2304 et
1438 2272 1533 2303 Luna
1554 2276 1590 2302 et
1609 2270 1751 2302 Proser-

1053 2326 1144 2367 pina.
1186 2324 1296 2365 Aulis]
1318 2322 1411 2354 Aulis
1437 2321 1533 2353 nobis
1555 2325 1607 2352 est
1631 2324 1750 2361 portus

1054 2381 1154 2407 terrae
1193 2372 1369 2414 Phocidis,
1397 2370 1455 2402 ubi
1497 2370 1616 2402 classis
1640 2369 1750 2410 primo

1053 2425 1248 2458 consedisse
1264 2423 1391 2455 dicitur
1415 2421 1627 2460 Graecorum,
1640 2420 1697 2462 qui
1714 2420 1750 2452 in

1054 2486 1095 2508 eo
1117 2475 1338 2516 conjuravere
1362 2482 1399 2504 se
1422 2472 1456 2503 in
1479 2471 1651 2503 Graeciam
1682 2480 1750 2502 non

1053 2530 1132 2557 ante
1156 2533 1352 2556 reversuros
1376 2531 1476 2564 quam
1493 2521 1595 2552 Ilium
1614 2525 1751 2553 everte·

1055 2581 1163 2610 retur.
1185 2574 1338 2606 Britann-

1096 2627 1160 2657 448
1172 2621 1349 2665 Expositis]
1364 2619 1591 2661 Extrapositis
1601 2619 1636 2651 in
1648 2628 1753 2652 mare.

1056 2667 1238 2717 Crepidz'ne]
1259 2672 1421 2715 crepido,
1437 2681 1457 2703 a
1469 2670 1655 2712 crepando,
1669 2670 1751 2703 scis-

1055 2735 1132 2757 sura
1166 2732 1334 2756 saxorum.
1389 2721 1504 2763 Darei]
1541 2720 1751 2763 Superficiei.

1054 2776 1233 2809 Maturant.
1743 2790 1745 2792 ·
