1878 3164
457 203 499 234 P.
531 202 721 234 PAPth
755 200 920 233 STATn
954 202 1102 234 THEB.
1135 203 1230 234 mu.
1255 204 1328 235 111.

159 299 201 334 et,
211 296 261 330 illi
274 295 343 340 ipsi
359 296 418 340 qui
433 305 508 336 eam
524 297 721 339 opprimere
744 296 860 329 nitun-

162 352 232 390 tur,
258 357 320 390 per
344 347 495 382 latebras
524 347 664 380 tandem
688 351 859 390 quaerunt.

156 398 286 432 noem
301 397 424 431 fecerit
447 398 503 430 vel
519 407 604 430 uuus
618 398 787 438 Tiberius,
801 398 861 440 qui

157 449 168 466 ⁸
181 457 317 491 quoquo
331 447 432 483 nodo
450 447 565 481 dieta’
595 449 726 491 (Taciti
755 448 860 481 verba

157 497 256 541 sunt)
277 498 289 518 ‘
300 498 430 540 vulgari
447 498 610 540 malebat,
623 499 859 541 veritatisque,

157 548 214 582 cui
229 549 382 582 adulatio
392 548 511 590 officit,
521 560 582 592 per
598 550 724 592 probra
737 551 858 586 saltem

157 606 286 640 uuus
300 597 398 632 fieri?
441 599 530 632 Hoec
544 609 630 632 crux
645 600 796 640 iuterna,
823 605 859 631 et

149 647 316 682 Nemesis
329 659 408 692 quas
423 648 459 682 in
475 650 710 692 penetralibus
725 650 858 682 haeret:

154 703 336 742 atffqmto
344 700 481 742 gravior
493 710 570 742 quae
586 700 739 732 imminet
753 709 773 731 a
787 704 857 732 ter·

154 744 223 791 go?
257 750 434 783 enimvero
469 751 479 769 ⁴
492 750 588 784 Quos
615 750 710 791 cogit
745 754 858 782 metus

154 801 325 842 had-re,
338 801 475 834 eosdem
491 802 606 834 reddit
618 801 773 834 inimicos
789 810 858 833 me-

155 849 232 884 tus?
254 851 403 885 Pulchra
417 852 598 895 loquentes
609 851 711 884 iidem
724 852 758 883 in
775 860 856 893 pec-

154 906 232 936 tore
243 902 605 945 puvannohiuantur,
611 901 804 934 adulatione
814 901 856 933 si-

148 950 310 986 bifidem
321 957 471 990 struunt,
487 957 525 986 ut
537 962 612 986 cum
629 962 752 994 magua
767 962 855 984 mer-

153 1001 241 1036 cede
253 1010 259 1015 ·
273 1001 406 1037 fallant.
450 1002 567 1035 Lubet
592 1002 710 1044 itaque
740 1002 854 1034 excla-

153 1061 248 1085 mare
262 1064 272 1085 =
309 1050 417 1086 Miser
448 1057 503 1085 est
537 1052 733 1093 Imperator
763 1052 854 1094 apud

153 1111 253 1146 quem
268 1113 351 1136 vera
359 1103 558 1139 reticentur.
573 1103 725 1135 Ber-nort.

195 1155 239 1186 97
263 1153 436 1194 Pace-que
459 1153 629 1194 sepulchri]
655 1154 746 1187 Quia
767 1152 857 1185 dixit

151 1203 343 1246 inquietam
355 1204 423 1236 illis
437 1202 513 1238 fore
525 1204 747 1246 animam,qui
760 1203 856 1236 ferro

153 1258 313 1296 pereunt,
325 1258 385 1286 aut
400 1253 561 1295 insepulti
574 1258 762 1286 remanent.
772 1253 854 1287 Lac-

151 1307 232 1339 snt.
771 1333 782 1338 μ.

192 1358 236 1388 98
258 1357 313 1389 Ns
325 1356 502 1399 quicqum]
527 1357 624 1389 Bene
643 1357 857 1399 nequicquam,

150 1406 232 1449 qaia
254 1407 442 1439 secandum
466 1406 652 1449 Epicurum
671 1406 755 1438 nihil
771 1416 855 1438 mor-

150 1456 203 1489 tui
217 1456 356 1498 ‘sentire
371 1456 544 1489 videntur
558 1467 567 1488 z
606 1461 644 1488 ut
668 1457 853 1498 Virgilius:

149 1509 160 1527 ⁸
173 1508 298 1544 Facilis
332 1508 470 1550 jactura
505 1508 702 1550 sepulchri?
757 1509 852 1542 Quo-

147 1558 305 1592 rumdam
319 1559 407 1591 enim
423 1558 541 1600 opinio
556 1564 610 1591 est
624 1560 753 1591 animas
775 1569 852 1591 cum

149 1608 352 1651 corporibus
365 1609 526 1641 interire:
553 1613 591 1641 ut
607 1610 745 1642 Lucret.
771 1609 852 1642 Jus-

143 1659 362 1693 ta'hominis'
382 1660 562 1701 sepultura
585 1660 667 1692 nihil
697 1661 850 1702 prodest.

133 1710 250 1744 „Iden-

192 1763 256 1795 loo
276 1761 416 1794 Pam
428 1760 542 1802 sitm]
550 1760 744 1794 Oblivionis
760 1761 851 1794 mala

155 1811 296 1845 minime
312 1812 468 1854 patieris.
490 1812 591 1845 Idem.

193 1863 257 1896 1⁰2
278 1861 412 1894 Sancite
431 1861 532 1902 dam]
553 1862 654 1894 Viam
681 1862 766 1895 dicit
789 1872 851 1904 per

147 1921 264 1955 quam,
277 1912 529 1944 contemnendo
552 1913 682 1954 regiam
698 1918 851 1955 potesta-

143 1967 232 2003 tem,
257 1961 302 1995 ad
323 1962 492 2002 libertatis
516 1962 660 2005 insignia
684 1964 851 2005 possimus

146 2012 338 2055 pervenire.
357 2013 458 2046 Idem.

191 2065 256 2096 loo
278 2064 325 2096 Et
337 2073 495 2096 amoram
509 2064 644 2097 Dodona
652 2065 782 2106 parens]
808 2065 850 2097 In

148 2113 303 2146 Chaonia
317 2115 470 2155 regione,
483 2125 559 2157 quae
575 2125 655 2157 pars
671 2121 725 2147 est
741 2115 852 2157 Epiri,

149 2163 313 2196 Dodouei
333 2164 432 2198 Jovis
446 2165 611 2207 templum
625 2176 699 2198 esse
712 2166 851 2208 dicitur,

148 2217 269 2246 notum
285 2214 431 2246 numinis
447 2216 644 2248 reverentia
659 2227 668 2248 ε
693 2216 752 2248 ubi
774 2217 849 2248 duoe

149 2264 317 2298 columbe
346 2263 454 2297 fuisse
482 2265 656 2308 dicuntur,
689 2266 850 2299 sedentes

148 2321 253 2358 snper
266 2314 351 2347 duas
363 2324 520 2356 quercus,
535 2320 570 2347 et
582 2325 746 2357 responsa
767 2316 850 2349 dan-

149 2371 216 2406 tes,
230 2365 466 2407 exprimentes
481 2364 516 2396 in
531 2366 634 2399 mutis
649 2365 850 2398 animalibus

148 2415 233 2459 quid
255 2416 355 2450 homo
375 2415 520 2448 adorare
542 2415 659 2456 vellet,
676 2420 711 2448 et
728 2420 852 2457 postea

147 2475 218 2500 una
229 2475 345 2498 earum
358 2466 583 2499 transvolavit
595 2466 762 2507 Delphos,
774 2476 851 2508 quae

148 2517 271 2549 civitas
285 2520 340 2549 est
355 2516 391 2548 in
406 2515 545 2558 regione
567 2516 727 2557 Boeotiae,
747 2516 852 2557 juxta

150 2567 358 2603 Parnassum
385 2572 536 2599 montem
559 2566 714 2608 ejusdem
743 2567 852 2608 regio-

148 2611 210 2651 nis.
255 2617 379 2659 Ibique
399 2617 563 2658 Delphici
583 2615 754 2658 Apollinis
777 2626 852 2648 ora·

147 2665 227 2700 culo
237 2660 433 2709 opinionem
447 2668 595 2709 paravit.
614 2667 738 2700 Altera
747 2668 778 2699 H
783 2677 851 2699 am-

150 2717 259 2752 monis
269 2718 368 2755 ,Iovis
377 2718 541 2760 templum
554 2718 588 2749 in
602 2717 720 2750 Africa
730 2718 852 2750 tenuit.

150 2765 355 2803 Dodoueum
367 2767 474 2810 igitur
484 2767 552 2804 fuit
566 2769 739 2803 oraculum
754 2768 852 2806 ,lovis

1502 195 1616 239 1823

908 295 945 327 in
967 296 1088 338 Epiro,
1103 296 1162 330 ubi
1177 297 1220 330 de
1235 307 1366 340 quercu
1381 299 1539 331 columba
1556 300 1616 333 ho·

908 346 1056 380 minibus
1086 357 1253 389 responsa
1271 349 1385 381 dabat.
1409 349 1508 381 Idem.
1554 349 1616 381 Vi-

909 396 1003 436 deat,
1016 397 1072 428 cui
1088 406 1205 438 operae
1221 398 1338 430 Strab.
1363 397 1424 430 lib.
1442 407 1513 431 vn.
1538 398 1612 430 Ho-

908 455 990 479 mer.
1008 446 1134 488 odyss.
1151 450 1186 481 Ξ.
1213 447 1393 480 Plutarch.
1415 448 1552 490 Pyrrho
1576 453 1615 482 et

908 496 1059 528 Pausan.
1085 496 1257 537 Achaicis,
1280 498 1438 530 Phocicis
1455 503 1491 531 et
1505 498 1613 532 Arca-

906 547 1031 586 diciss
1060 548 1271 590 Cyn-remaque
1298 549 1405 590 virgo]
1442 549 1613 591 Apollinis

908 598 1095 631 oraculum
1108 599 1144 631 in
1161 599 1335 632 radicibus
1347 600 1508 633 Parnassi
1518 611 1614 634 mon-

907 648 951 680 tis
967 649 1095 690 oppido
1107 650 1249 692 Cymbe,
1266 659 1286 681 a
1301 650 1435 691 cyrrha
1451 651 1614 693 Nympha

905 700 1130 741 appellatum,
1144 709 1219 732 cum
1244 702 1253 718 ‘
1268 700 1383 733 Crissa
1396 700 1406 715 ’
1430 702 1542 742 prisco
1553 711 1613 734 no-

906 750 997 782 mine
1012 750 1199 790 diceretur,
1213 755 1249 782 et
1265 751 1312 783 ita
1330 751 1373 783 ab
1386 751 1539 784 Homero
1555 762 1613 785 vo-

907 804 1026 832 cetur:
1053 800 1133 832 huic
1161 801 1282 833 Circus
1305 800 1457 842 adjacet,
1484 802 1519 833 in
1543 812 1613 844 quo

905 855 1084 891 equestres
1116 850 1320 892 Pythiorum
1352 852 1424 884 ludi
1458 853 1612 886 celebra·

905 899 1045 931 bantur.
1090 900 1237 933 Consule
1263 901 1468 935 Pausaniam
1489 903 1615 937 Phoci·

903 948 967 982 cis.
990 949 1143 982 Ber-nort.

948 1003 1011 1032 109
1037 1001 1179 1043 Elysias]
1202 1003 1305 1035 Hunc
1328 1004 1435 1036 solum
1457 1004 1500 1037 de
1524 1006 1612 1038 The-

904 1050 1002 1082 banis
1018 1051 1104 1083 dicit
1119 1052 1255 1093 Elysios
1272 1055 1500 1094 promeruisse
1519 1065 1612 1088 cam·

904 1109 977 1142 pos.
1021 1101 1193 1133 Caeterum
1212 1113 1276 1144 pro
1292 1103 1424 1136 meritis
1439 1105 1611 1137 scelerum

905 1150 1030 1182 nullam
1061 1152 1103 1183 ad
1133 1153 1268 1194 Elysios
1296 1163 1435 1196 campos
1465 1156 1610 1188 animam

904 1201 1102 1234 Thebanam
1120 1204 1315 1244 pervenire.
1338 1205 1488 1238 Luctant.

949 1253 1011 1284 113
1038 1253 1082 1284 Ee
1108 1263 1214 1285 nemus
1228 1258 1261 1286 et
1273 1255 1379 1286 tristis
1392 1257 1549 1289 volucrum
1562 1267 1612 1289 re-

904 1303 1057 1345 terentia]
1082 1303 1154 1336 Aut
1171 1305 1252 1346 quia
1273 1310 1407 1338 mortuo
1429 1307 1610 1340 exhibetur

905 1353 1113 1393 reverentia,
1131 1358 1190 1386 aut
1214 1355 1294 1396 quia
1306 1364 1366 1387 ore
1383 1357 1610 1397 prohibeban-
1671 1354 1678 1357 χ

907 1407 965 1435 tur
980 1404 1166 1445 attingere.
1191 1405 1292 1437 Idem.
1534 1438 1538 1441 ,

950 1455 1013 1486 116
1038 1454 1179 1495 Quisque
1205 1465 1278 1487 suas
1307 1457 1411 1498 avidi]
1442 1457 1499 1490 Ad
1528 1468 1608 1491 suas

906 1503 1050 1545 quisque
1078 1505 1279 1547 lachrymas,
1304 1507 1340 1538 id
1366 1512 1430 1549 est,
1456 1518 1541 1550 quas
1564 1509 1609 1542 de

905 1554 974 1586 suis
1003 1554 1153 1589 habituri
1191 1560 1281 1597 sunt,
1315 1562 1352 1589 et
1381 1562 1436 1590 est
1466 1558 1609 1591 verbum

904 1604 978 1636 sine
1009 1605 1277 1646 praepositione:
1312 1612 1350 1638 ut
1377 1607 1462 1641 Sall.
1485 1610 1495 1626 ‘
1518 1609 1610 1641 radio

903 1665 978 1687 cem
995 1657 1119 1688 montis
1136 1657 1312 1690 excessit.'
1338 1659 1436 1692 Idem.

946 1709 1009 1738 118
1031 1706 1163 1739 Solandi
1188 1707 1309 1749 studio]
1343 1709 1496 1742 Quorum
1526 1710 1610 1743 licet

902 1767 1002 1790 nemo
1025 1758 1148 1790 fuisset
1170 1759 1318 1799 occisus,
1340 1765 1454 1792 tamen
1475 1761 1609 1794 solandi

902 1808 1016 1849 gratia
1030 1808 1272 1850 sequebantur.
1295 1809 1396 1841 Idm.

946 1862 1007 1891 121
1025 1859 1163 1898 Infames
1175 1859 1328 1900 scopulos]
1353 1859 1423 1891 Ant
1438 1859 1609 1903 Sphingos

903 1910 1058 1943 caedibus
1074 1914 1187 1949 notos,
1199 1914 1259 1941 aut
1274 1910 1355 1951 quia
1365 1910 1438 1942 illic
1453 1920 1474 1942 a
1488 1911 1608 1953 Tydeo

904 1961 1156 2003 quinquaginta
1172 1959 1320 1992 confossi
1337 1964 1427 1993 suut.
1472 1962 1522 1994 Ut
1538 1962 1609 1994 Ho-

903 2011 1033 2042 ratius:
1065 2011 1075 2028 ‘
1092 2009 1246 2043 Infames
1276 2011 1434 2052 scopulos
1455 2010 1608 2045 Acroce-

902 2060 1048 2093 raunia.'
1069 2061 1171 2092 Idem.

946 2115 1010 2145 124
1031 2110 1188 2152 Accensa]
1211 2110 1252 2142 Id
1269 2116 1335 2152 est,
1356 2121 1491 2144 suorum
1508 2113 1608 2145 cada-

903 2162 1040 2195 veribus
1058 2162 1149 2194 visis.
1174 2162 1273 2194 Idem.

946 2215 1009 2244 126
1031 2213 1151 2244 Luctus
1165 2212 1275 2254 atrox]
1300 2212 1378 2244 Hoc
1399 2217 1508 2245 totum
1525 2212 1607 2254 poe-
1652 2206 1654 2208 ¹

902 2263 971 2295 tice
988 2262 1233 2303 incorporavit.
1258 2262 1356 2293 Idem.

947 2316 1009 2346 128
1031 2313 1216 2354 Proeiduoe]
1239 2313 1346 2345 Paene
1362 2313 1547 2354 cadentes;
1571 2314 1606 2346 id

902 2369 968 2402 est,
985 2364 1156 2395 irruentes
1174 2363 1207 2394 in
1224 2362 1362 2396 faciem.
1386 2364 1486 2396 Idem.

946 2417 1010 2447 129
1032 2414 1167 2446 Lumina
1195 2413 1342 2455 signant]
1364 2414 1404 2445 Id
1429 2419 1493 2453 est,
1514 2417 1607 2448 clau·

903 2466 990 2499 dunt
1004 2465 1120 2498 oculos
1135 2469 1358 2496 mortuorum.
1380 2465 1479 2497 Idem.

947 2519 1010 2549 132
1029 2516 1210 2548 Cervicibus
1224 2525 1279 2546 ora
1292 2515 1473 2557 reponunt}
1483 2515 1609 2558 Capita

905 2566 1059 2599 abscissa
1087 2566 1288 2608 corporibus
1312 2572 1372 2598 aut
1394 2575 1437 2598 ex
1461 2567 1609 2599 vulneri-

904 2617 980 2658 bus,
998 2617 1053 2649 vel
1067 2616 1207 2657 ictibus,
1226 2617 1374 2659 alioquin
1391 2618 1609 2659 propenden-

906 2667 963 2698 tia.

948 2720 1010 2750 133
1031 2718 1188 2760 Vacuique
1202 2718 1238 2754 in
1251 2720 1376 2760 pulvere
1390 2715 1508 2760 campi]
1525 2720 1609 2752 Pro·

905 2769 960 2801 cul
985 2768 1028 2800 ab
1052 2768 1126 2802 aliis
1150 2768 1389 2803 cadaveribus.
1413 2769 1517 2805 schol.
1536 2769 1607 2804 Vet.
