1878 3164
444 239 487 270 P.
525 237 714 269 ΡΑΡιΝιι
749 235 918 268 ετᾼτιι
951 234 1097 266 svnv.
1134 235 1228 266 ma.
1252 236 1298 267 v.
1327 224 1371 266 3.

167 341 224 365 res
259 335 429 372 asserunt,
460 332 471 350 ¹
485 332 554 364 Res
589 330 875 372 Agamemnonias

167 383 392 426 victriciaque
409 392 503 415 arma
518 382 726 425 sequutum!
748 383 875 414 Mareu.

211 435 275 466 168
297 433 440 466 Duratio
461 443 656 474 quascunque
681 432 765 473 vias]
789 433 875 464 Pro-

168 482 274 526 poem
288 488 407 524 tenax,
418 492 542 524 perges
554 483 675 515 eodem
689 482 875 524 pedembi-

167 542 236 576 qna
252 533 405 566 locorum
418 537 454 566 et
465 533 634 574 gentium,
648 534 658 552 ‘
671 538 707 565 et
722 533 796 565 sole
811 532 874 564 snb

167 583 260 617 omni
274 582 297 616 τ’
311 584 394 616 utin
411 584 556 616 Soteriis
571 584 754 626 praeciuit:
770 584 876 615 πᾶσαν

166 631 309 667 &alam
331 633 445 667 Idem..

172 695 175 699 ·
210 686 275 716 100
298 684 449 721 Ωιιαεὴιε
467 684 593 726 solitos]
615 684 683 716 Vel
706 683 808 716 solita
823 684 874 716 lu·

168 743 228 767 cra
243 743 254 767 t
275 743 352 767 nam
365 734 532 776 Papinius
549 734 797 767 exercitatione
814 744 874 775 po·

166 783 316 818 &matum
332 786 458 818 victum
483 784 676 827 quaerebat.
720 784 808 816 Inde
834 784 873 815 il-

167 835 227 869 lud
242 835 441 870 Juvenalis:
466 838 475 854 ‘
492 835 596 868 Hand
611 840 724 867 tamen
740 835 873 867 iuvide-

167 890 205 919 ἰι
220 886 304 926 vati,
318 896 418 928 quem
435 886 570 927 pulpita
593 885 763 927 pascunt.’
806 885 872 917 Vel

167 937 196 968 si
212 945 278 978 ego
293 946 484 978 conquerar
497 940 642 968 mortem
659 935 803 968 Achillis
820 945 872 966 re-

167 986 319 1019 citando.
335 986 457 1019 Domit.
506 987 660 1028 Questus]
686 987 795 1026 Lege:
813 996 871 1017 coe-

166 1037 339 1069 malitae
350 1035 392 1076 ei,
415 1038 471 1078 &c-
514 1037 606 1068 Vide
627 1037 733 1068 Plinii
760 1037 870 1078 Epist.

165 1085 212 1119 de
225 1086 500 1120 recitationibus,
522 1087 664 1119 Sueton.
680 1086 870 1120 Octav.85.

168 1137 273 1171 Gron-

210 1189 275 1221 1⁶4
302 1187 416 1221 Venite
441 1187 564 1230 melior]
598 1188 725 1230 MaJor,
755 1189 871 1221 valen-

167 1238 248 1279 tior,
273 1238 464 1280 augustior,
488 1238 698 1270 honoratior.
743 1238 871 1270 Home·

165 1298 225 1322 rus
251 1287 439 1331 μακρότερος
465 1287 518 1320 καὶ
543 1286 676 1320 πάσσων
707 1288 810 1322 Iliad.
834 1293 870 1321 B.

165 1337 297 1381 Odyss.
312 1343 350 1371 Θ.
393 1337 456 1370 Καί
463 1350 516 1378 μιν
528 1338 716 1380 μακρότερον
725 1338 777 1370 καὶ
792 1337 872 1371 πάσ-

167 1399 245 1421 σονα
265 1390 357 1428 θῆκεν
367 1387 495 1421 ἰδέσθαι.
515 1388 554 1420 τὸ
568 1390 709 1431 κρεῒπον
731 1389 872 1421 Platoni

164 1437 210 1472 de
226 1439 315 1481 Rep.
331 1449 358 1472 1.
381 1439 424 1472 ad
451 1439 710 1479 auctoritatem,
724 1439 872 1479 dignita-

163 1492 238 1522 tem
246 1493 284 1522 et
293 1490 383 1522 vires
393 1488 556 1522 refertur:
572 1494 609 1521 ut
617 1488 873 1531 κάῤῥονεἌμμες

166 1538 202 1571 δέ
214 1539 248 1579 ’γ’
262 1538 440 1580 ἐσσόμεσθα
459 1538 561 1572 πουλὺ
576 1537 732 1581 κάρῥονες.
777 1540 870 1571 Proe-

165 1590 336 1623 acutiores
346 1590 462 1622 erimus
475 1589 550 1621 olim
564 1590 699 1622 coeteris.
722 1591 861 1622 Moreu.

212 1643 276 1674 1⁶6
299 1640 475 1681 Cingetque
488 1639 643 1681 superbis]
678 1639 788 1672 Nemo
805 1649 871 1671 non

165 1689 263 1724 videt
277 1700 377 1733 quam
393 1691 515 1722 durum
530 1690 574 1722 sit
586 1688 625 1721 τὸ
639 1689 728 1721 dabit
744 1690 871 1721 retrahi

167 1740 212 1774 ad
224 1741 374 1783 perferre,
389 1750 467 1773 cum
483 1741 529 1772 sit
550 1740 792 1782 interpositum
807 1741 871 1772 cin-

163 1794 231 1832 get.
265 1791 336 1824 Sal.
351 1791 524 1833 cingitque.
554 1791 646 1832 Lege
661 1790 808 1832 cingique
818 1801 871 1823 su-

161 1842 280 1884 perbis.
305 1843 413 1876 Gron.
446 1872 451 1876 .
572 1860 581 1868 κ

160 1918 163 1919 ⁷
210 1895 275 1937 172
295 1893 448 1926 Dicebam
460 1896 545 1925 certe
555 1904 566 1925 .·
581 1895 687 1925 vatum
701 1902 763 1924 non
777 1892 872 1924 irrita

164 1946 296 1975 currant
310 1943 462 1984 auguria]
496 1943 583 1975 Haec
598 1943 737 1985 ἀναφορὰ
756 1943 871 1984 ἐπιφω-

165 1993 320 2034 νημοπκὴ
343 1993 386 2026 ad
408 1994 492 2026 illud
517 1994 618 2026 Hom.
644 1999 793 2036 spectat,
817 1995 872 2027 Ὧς

159 2043 252 2086 ἔπος,
265 2044 307 2078 ὥς
320 2044 422 2087 ἔργον.
456 2045 557 2077 Dicta
574 2044 688 2086 probat
708 2055 770 2078 res.
794 2046 871 2077 Mo·
890 2062 894 2065 ·

162 2096 252 2130 rell..

211 2147 275 2178 1⁷4
297 2145 342 2177 Et
356 2145 490 2178 Ausonii
506 2146 690 2186 committit,
703 2146 772 2188 ssa]
797 2146 870 2178 Ho-

166 2204 286 2228 norem
309 2201 422 2237 notat,
436 2195 479 2227 de
500 2206 568 2238 quo
590 2196 657 2228 Dio
678 2197 737 2229 lib.
754 2206 871 2229 nxvn.

161 2245 173 2264 ‘
188 2246 395 2278 Parthenius
419 2246 650 2278 cubicularius
681 2246 767 2287 ejus,
791 2247 872 2279 licet

166 2298 212 2331 ab
238 2308 281 2331 eo
309 2307 433 2339 magno
456 2298 584 2330 bonore
607 2297 743 2330 ferendi
768 2298 871 2340 gladii

167 2347 314 2382 affectus
331 2348 447 2382 esset!
468 2349 622 2380 Ber-nort.

209 2401 271 2432 177
290 2399 497 2432 Germanicus
510 2399 627 2441 ensem]
645 2399 777 2431 Putant
789 2408 871 2431 non-

165 2449 251 2483 nulli
267 2450 413 2492 primam
426 2449 577 2491 Crispini
594 2450 750 2481 militiam
767 2450 871 2491 signi-

159 2500 262 2534 ficari
275 2501 310 2533 in
322 2510 424 2543 quam
435 2511 454 2532 a
466 2501 664 2533 Domitiano
680 2500 795 2533 fuerat
811 2511 871 2533 nu-

167 2561 231 2593 per
251 2552 436 2592 ascriptus,
452 2555 489 2583 et
513 2551 653 2592 cingulo
681 2550 873 2592 dignitatis,

165 2601 325 2634 nimirum
352 2610 432 2633 ense
455 2601 666 2640 honestatus,
686 2611 752 2643 quo
774 2611 872 2643 spec·

162 2654 245 2684 -tant
261 2652 319 2683 illa
335 2650 461 2683 verba:
497 2651 507 2669 ⁴
520 2651 658 2692 Quique
673 2651 804 2693 aquilas
830 2651 872 2683 ti-

166 2702 202 2735 bi
218 2712 308 2735 nunc
323 2708 359 2735 et
381 2707 496 2734 castra
512 2701 683 2733 recludit!

168 2752 211 2785 tit
241 2752 459 2794 Bulengerus
485 2752 519 2784 in
552 2761 613 2784 suo
646 2752 873 2793 imperatore,

169 2801 230 2835 sed
245 2804 427 2836 excutient
448 2802 569 2836 seriem
593 2802 755 2835 orationis
774 2808 810 2835 et
825 2802 872 2835 al·

726 2702 783 2733 Ita
797 2711 871 2733 sen·
918 2720 920 2723 -

1518 226 1630 270 1757

924 328 993 361 tius
1008 329 1043 361 in
1058 332 1208 361 mentem
1224 329 1338 371 poetae
1353 332 1550 371 penetranti
1565 333 1632 365 alia

924 379 1165 421 interpretatio
1202 379 1303 412 facile
1332 385 1524 414 succurret.
1569 382 1632 416 Ait

925 430 1015 461 enim
1029 429 1162 461 Statius
1179 430 1372 471 Crispinum
1388 441 1408 463 a
1430 431 1631 465 Domitiano

919 480 993 522 jam
1010 480 1101 512 inter
1121 490 1278 512 numeros
1301 481 1460 522 relatum,
1485 491 1562 515 eum
1578 493 1631 516 se-

924 532 1035 564 decim
1060 541 1165 564 annos
1181 532 1330 565 nondum
1346 533 1557 576 impleverit,
1568 544 1629 567 un-

925 583 969 615 de
986 583 1187 624 ampliorem
1210 583 1366 625 ejusdem
1390 583 1558 626 principis
1578 585 1631 617 in-

923 633 1136 675 dulgentiam
1162 639 1197 666 et
1219 634 1468 666 incrementum
1493 634 1630 667 honoris

924 683 974 715 illi
991 684 1171 723 ominatur,
1191 683 1321 716 addens
1343 694 1410 716 non
1434 684 1531 716 irrita
1553 694 1629 717 esse

923 738 1039 765 vatum
1087 734 1245 776 auguria.
1299 734 1466 772 Durabis,
1504 735 1632 777 inquit,

922 794 1144 828 quascunque
1162 785 1248 823 vias,
1269 785 1464 827 vallumque
1486 785 1630 826 subibis,

923 833 1036 865 forsan
1052 839 1087 866 et
1104 835 1194 866 latus
1216 834 1482 876 Imperatorium
1497 834 1630 867 subibis

922 884 1070 925 cinctus,
1092 886 1142 917 ita
1165 884 1255 917 enim
1278 885 1385 917 verba
1400 885 1458 917 illa
1473 895 1630 926 expono:

921 934 1046 976 quique
1063 935 1191 977 aquilas
1207 940 1244 967 et
1260 940 1375 967 castra
1391 935 1453 967 tibi
1469 945 1558 967 nnnc
1576 945 1637 968 re-.

921 985 1044 1024 cludit,
1071 986 1092 1018 i.
1119 995 1150 1017 e.
1179 985 1236 1027 qni
1267 985 1414 1018 militare
1444 986 1631 1028 permittit,

920 1034 1012 1067 idem
1042 1036 1085 1068 ad
1118 1045 1236 1068 omnes
1266 1036 1472 1077 dignitatum
1502 1037 1629 1077 gradus

921 1086 1056 1118 evehet.
1103 1087 1200 1124 Mox,
1229 1087 1327 1128 quasi
1356 1087 1421 1119 hoe
1454 1087 1630 1129 poeticum

920 1136 1099 1177 augurium
1130 1135 1274 1168 firmarit
1303 1142 1459 1177 eventus,
1488 1138 1627 1172 subdit:

921 1187 990 1219 Sed
1006 1188 1082 1229 quis
1097 1187 1235 1219 nuntius
1253 1187 1296 1220 ab
1311 1187 1448 1220 Albano
1461 1189 1629 1221 Domitia·

922 1237 955 1268 ni
970 1247 1107 1269 secessu
1126 1238 1187 1269 tibi
1209 1238 1328 1270 venit?
1350 1238 1484 1270 scilicet
1500 1248 1629 1270 novum

922 1288 985 1319 tibi
1014 1288 1178 1320 honorem
1210 1288 1353 1320 mandat
1389 1289 1446 1320 ille
1477 1289 1629 1320 mortalis

922 1339 1031 1378 Deus,
1045 1344 1080 1372 et
1097 1339 1183 1370 fides
1207 1339 1368 1371 vaticinio
1394 1349 1471 1371 meo
1487 1349 1553 1371 non
1570 1339 1629 1371 de-

922 1389 998 1420 fuit.
1033 1389 1130 1422 Vade
1153 1399 1249 1431 ergo,
1266 1390 1434 1430 Crispine,
1451 1389 1628 1431 tantisque

921 1439 1019 1472 donis
1035 1439 1167 1472 suffice.
1212 1441 1311 1472 Felix
1333 1449 1383 1481 es,
1398 1440 1454 1471 cui
1479 1440 1627 1480 primum

922 1499 1037 1522 ensem
1056 1490 1164 1522 tradit
1180 1490 1394 1532 Imperator,
1409 1490 1444 1522 id
1461 1494 1515 1521 est
1529 1499 1629 1522 sunm

921 1547 960 1573 et
975 1541 1240 1581 Imperatorium
1256 1541 1418 1581 gladium.
1444 1541 1593 1573 Crat-eus.

966 1591 1092 1623 CARM.
1115 1600 1173 1622 ιιι.
1209 1593 1224 1622 1
1253 1591 1361 1622 Malas
1375 1590 1474 1631 vires]
1499 1590 1538 1622 td
1563 1594 1630 1630 est,

922 1634 1102 1682 lacrymas.
1146 1641 1269 1681 Malus,
1294 1641 1433 1681 indigne
1458 1640 1554 1680 felix,
1579 1641 1629 1672 in-

922 1691 1024 1732 digne
1041 1690 1207 1722 durabilis
1223 1691 1409 1732 exponitur
1425 1701 1445 1722 a
1458 1691 1629 1723 Scholias-

923 1746 958 1773 te
977 1741 1134 1783 Antiquo
1154 1740 1320 1774 Thebaid.
1343 1741 1435 1782 quod
1450 1742 1581 1783 optime
1594 1745 1631 1774 et

920 1791 1000 1823 huic
1017 1791 1092 1822 loco
1106 1791 1280 1823 convenit.
1305 1791 1424 1823 Barth.

965 1845 984 1873 5
1011 1841 1134 1873 Coritia
1148 1841 1271 1882 umbra]
1294 1841 1335 1872 Id
1348 1846 1402 1874 est
1419 1842 1626 1877 Parnassia:

922 1901 1000 1923 nam
1026 1891 1059 1922 in
1091 1891 1262 1923 Parnasso
1301 1892 1410 1924 multa
1443 1892 1520 1924 loca
1549 1898 1629 1925 sunt

923 1941 1098 1982 praecipua
1114 1942 1300 1973 sanctitate
1316 1943 1537 1974 veneratione
1554 1943 1629 1984 dig-

921 2001 987 2024 na:
1012 2001 1031 2023 e
1045 1991 1168 2039 quibus
1193 1992 1360 2025 Coritium
1382 1997 1434 2024 est
1452 1992 1628 2034 Nympha-

921 2051 995 2072 rum
1009 2046 1146 2073 antrum
1170 2042 1289 2074 eodem
1315 2052 1383 2084 quo
1401 2043 1553 2074 Cilitium
1567 2052 1628 2075 no-

921 2093 1024 2124 mine.
1070 2093 1203 2124 Plinius
1227 2097 1400 2134 praeterea
1425 2094 1474 2125 ita
1499 2093 1629 2125 descri-

922 2143 990 2174 bit:
1015 2143 1025 2161 ‘
1037 2142 1180 2182 Thebis,
1196 2153 1273 2185 quae
1291 2144 1441 2175 Corsicae
1457 2144 1630 2184 cognomi-

921 2198 1010 2225 natae
1026 2194 1220 2235 suntjuxta
1235 2193 1462 2227 Heliconem.’
1484 2194 1608 2227 Domit.
1636 2220 1638 2222 v

963 2246 984 2275 6
998 2244 1142 2275 Ismariis
1156 2244 1300 2285 collibus]
1319 2245 1508 2276 Parnassiis
1523 2255 1530 2276 :
1549 2254 1628 2278 nam

922 2292 1068 2334 Ismarii,
1080 2295 1102 2327 i.
1112 2304 1142 2326 e..
1154 2294 1320 2334 Thraces,
1332 2294 1442 2326 Musis
1457 2295 1629 2328 Helicona

921 2350 1180 2380 consecrarunt.
1209 2349 1249 2376 ut
1274 2344 1394 2376 scribit
1421 2345 1568 2387 Strabo,
1590 2352 1628 2379 et

922 2395 1052 2436 repetit
1071 2394 1271 2426 Pausanias.
1293 2395 1392 2426 Idem.

967 2448 1007 2477 10
1031 2445 1131 2477 Fulta
1146 2444 1255 2487 caput]
1291 2444 1474 2477 Reclinato
1499 2444 1535 2477 in
1554 2456 1628 2478 mu-

923 2501 992 2527 tam
1009 2496 1177 2528 citharam
1193 2496 1318 2537 capite.
1362 2495 1496 2528 Habitu
1511 2506 1553 2528 ex
1570 2507 1627 2529 ca-

921 2548 1049 2586 nentis,
1065 2547 1225 2588 lugentis.
1269 2545 1425 2578 Vidimus
1453 2547 1522 2578 tale
1545 2547 1628 2589 quid

923 2597 956 2628 in
987 2597 1218 2629 monumentis
1253 2597 1403 2639 antiquis
1437 2596 1627 2639 depictum.

923 2647 1043 2679 Barth.

967 2699 1009 2728 18
1031 2696 1162 2728 Sublato
1184 2696 1336 2738 carmine]
1370 2697 1536 2730 Cessante
1561 2698 1628 2730 Or-

923 2747 1026 2788 pheo,
1041 2757 1141 2789 quem
1152 2747 1206 2779 alii
1220 2757 1240 2779 a
1251 2747 1448 2780 mulieribus
1459 2748 1628 2781 Ciconum

923 2799 1241 2835 necatum'dicunt:
1276 2801 1335 2834 alii
1350 2799 1569 2835 fulminatum
1584 2803 1627 2835 ob
