1878 3164
245 254 362 298 1956

248 361 284 393 in
299 358 496 401 Nymphain
515 355 652 390 minime
661 358 802 394 mutata
817 353 952 393 fuisset,

240 403 285 444 'et
305 411 405 443 tieret
430 411 509 442 Dea
528 408 634 450 juxta
656 407 872 446 Hismenum,
894 404 953 437 ubi

248 461 363 495 fuerat
374 460 544 492 demersa.
568 456 768 489 Lactantius.

293 514 358 544 402
395 509 594 542 Leucothean
635 506 796 548 planxisse
824 505 955 547 serunt]

250 561 416 595 Fabulam
445 560 509 592 Ino
540 563 577 591 et
610 557 801 589 Melicertis
831 556 953 597 tangit,

250 611 368 654 pueris
386 610 459 650 jam
485 608 719 647 decantatam,
742 606 798 638 vel
819 615 862 637 ex
888 614 954 636 uno

252 660 379 693 Ovidio
395 659 539 691 Metam.
556 665 606 689 xv.
622 665 721 698 quem
741 665 809 687 non
825 654 955 687 exscri-

251 711 321 744 bo:
345 709 429 742 illud
453 708 565 740 obiter
591 706 676 738 sciat
697 705 876 747 juventus,
891 705 956 736 Ino

254 761 356 801 hanc,
374 759 546 791 Matutam
565 761 722 792 matrem,
743 755 787 787 ab
809 752 957 797 antiquis

252 811 401 849 dictam3
424 808 636 850 eandemque
657 815 731 838 esse
748 814 824 837 cum
849 804 958 836 Auro·

253 871 303 894 ra.
333 860 457 893 Cicero
485 857 627 890 Tuscul.
647 866 673 888 ι.
717 855 727 873 ‘
744 855 807 886 Ino
838 855 958 887 Cadmi

251 911 324 943 filia
359 919 472 941 noune
511 907 709 940 Leucothea
737 905 910 937 nominata
939 915 958 936 a

253 960 400 1000 Graecis,
436 959 576 990 Matuta
598 957 750 989 liabetur
774 966 794 987 a
823 955 957 987 uobis?

250 1010 432 1043 Lucretius
461 1008 523 1040 lib.
557 1018 593 1041 v.
637 1007 647 1024 ‘
668 1007 837 1048 Tempore
874 1005 958 1038 item

252 1065 348 1093 certo
364 1069 495 1092 roseam
511 1059 650 1091 Matuta
668 1066 730 1098 per
747 1066 823 1088 oras
839 1055 958 1088 AEthe-

253 1111 300 1142 ris
316 1119 472 1142 auroram
485 1107 611 1145 defert,
624 1112 658 1139 et
671 1106 798 1138 lumina
814 1105 958 1148 pandit.’

252 1159 289 1191 Si
317 1159 360 1191 de
391 1158 532 1190 Matuta
558 1157 657 1198 plura
686 1155 877 1196 desideras,
903 1155 959 1194 adi

253 1209 477 1242 Plutarchum
494 1208 528 1240 in
551 1206 709 1243 Camillo,
725 1210 761 1237 et
787 1206 958 1238 Problem.

254 1259 456 1292 Ciceronem
484 1258 527 1290 de
553 1257 637 1289 Nat.
663 1257 769 1288 Deor.
786 1264 842 1287 111.
869 1255 959 1288 Livi-

255 1320 312 1342 um
329 1310 387 1342 lib.
404 1319 457 1342 vx.
482 1309 636 1340 Ber-narr.

297 1363 361 1393 403
385 1360 521 1401 Respuit
548 1358 672 1400 infans]
701 1357 879 1389 Palaemon
910 1355 958 1387 vi-

255 1411 367 1443 dendo
391 1414 537 1442 matrem
565 1418 661 1440 suam
685 1406 824 1440 flentem
851 1405 957 1438 undas

256 1461 367 1500 torsit,
395 1470 470 1502 quae
497 1459 588 1490 illam
616 1458 660 1490 ad
690 1466 725 1489 se
753 1460 956 1489 traxerunt·

255 1514 393 1544 constat
418 1514 533 1541 autem
559 1517 635 1540 eam
659 1507 777 1539 dolore
801 1505 959 1547 praecipi-

255 1566 347 1593 tasse
363 1570 411 1601 se,
436 1563 618 1601 postquam
634 1556 742 1588 invita
759 1554 866 1587 filium
881 1563 958 1597 pro-

251 1611 342 1653 jecit
358 1611 393 1642 in
409 1619 514 1641 mare.
538 1608 686 1654 Laetam.

298 1662 364 1693 406
386 1659 501 1692 Amnis
535 1659 571 1690 in
599 1658 708 1700 agros]
735 1656 867 1688 Pluviis
894 1655 962 1687 fru-

256 1722 335 1754 gum
352 1710 495 1742 meliora
515 1705 728 1740 incremeuta
743 1707 961 1749 proveniunt.

256 1763 359 1794 Idem.

297 1814 363 1843 407
389 1811 575 1852 Quanquam
584 1807 821 1850 obstrepitipse]
835 1808 961 1841 Quam-

256 1870 357 1906 quam
375 1862 542 1903 strepitus
565 1870 727 1903 aquarum
751 1859 963 1900 impediebat

259 1914 426 1954 auditum,
436 1918 550 1944 tamen
567 1911 704 1943 auribus
714 1910 794 1942 filiae
809 1910 962 1942 lamenta

261 1963 431 2005 percepit.
455 1963 553 1994 Idem.

301 2016 365 2046 410
394 2013 499 2054 Urna]
522 2012 579 2044 Ita
602 2012 693 2044 enim
715 2011 897 2044 fluviorum
919 2011 963 2043 si·

246 2064 432 2097 ·mu1achra
465 2064 665 2105 pinguntur,
697 2064 793 2104 quasi
830 2072 962 2094 amnem

257 2116 352 2148 urnis
381 2113 573 2152 effundant,
598 2119 636 2145 ut
661 2113 783 2154 Virgil
825 2113 963 2145 ‘Caela-

249 2170 363 2208 *taque
379 2175 513 2197 amnem
535 2163 683 2196 fundens
699 2168 799 2206 pater
814 2163 963 2196 Inachus

258 2215 366 2249 urna!
391 2216 490 2247 Idem.

301 2270 366 2300 411
390 2266 528 2307 &rupea
564 2265 651 2306 limo]
686 2263 856 2306 Lapidosa
887 2264 963 2296 loca

259 2318 353 2350 circa
377 2325 484 2355 mare,
508 2315 564 2347 vel
585 2313 737 2356 flumina,
756 2323 886 2355 scrupea
912 2313 962 2345 di-

244 2365 398 2401 ''cuutun
422 2365 522 2399 Idem.

299 2420 363 2450 412
391 2416 553 2456 Fluviique
574 2413 723 2454 minores]
745 2413 861 2447 Quasi·
878 2422 962 2444 nun-

246 2470 358 2511 'quam
389 2471 532 2498 eatenus
564 2466 686 2504 visum,
714 2469 751 2496 et
781 2467 962 2505 parentem

246 2517 434 2552 'videlicet,
447 2520 483 2548 et
496 2520 717 2556 recepturum
733 2523 840 2546 suum.
865 2513 963 2545 Cras-

260 2579 296 2600 sa
323 2567 529 2609 ignorantia.
574 2566 620 2596 Et
645 2572 725 2596 sane
753 2573 818 2595 non
848 2562 964 2594 adfue-

259 2622 340 2649 runt
366 2621 509 2648 eatenus
537 2614 585 2646 illi
613 2613 707 2645 fluvii
734 2613 794 2644 ulli
817 2612 963 2644 concilio

258 2669 426 2701 Deorum.
461 2666 523 2697 Cui
548 2663 708 2695 advocati
724 2663 780 2706 (ut
794 2662 867 2694 fieri
885 2662 963 2694 soli-

259 2721 484 2752 'tum‘constat
499 2725 541 2747 ex
560 2714 751 2746 Claudiano
767 2717 803 2745 et
815 2712 964 2752 Sidonio,

259 2767 417 2800 veridicis
433 2770 562 2808 praeter
577 2769 731 2804 caeteros,
746 2763 862 2795 talium
884 2771 963 2794 auc-

262 2815 412 2859 toribus)
427 2820 587 2858 poteraut
601 2812 764 2855 spectari
784 2813 864 2855 tot'r,
874 2811 962 2844 seni-

714 259 858 292 NOTAE
886 257 1160 297 ‚vamoRUM
1194 254 1246 291 IN

1007 361 1082 384 ores
1113 349 1287 391 sedentes,
1307 349 1463 392 juniores
1498 345 1620 389 erecti,
1650 347 1710 382 ffl-

1008 403 1158 444 Raptus:
1183 403 1193 421 ⁴
1212 402 1287 435 Nec
1302 411 1370 433 non
1387 406 1423 434 et
1438 400 1576 434 senibus
1595 397 1711 433 fluvit-

1008 462 1171 485 concessa
1187 451 1327 485 sedendi
1344 452 1476 493 Gloria,
1489 451 1626 494 plebeio
1637 453 1712 484 stat

1007 506 1135 535 caetera
1179 511 1272 534 more
1308 499 1498 543 juventus!
1548 499 1712 533 Sidonius

1007 552 1139 593 Paneg.
1152 551 1282 591 Soceri,
1294 550 1390 583 Aviti
1405 550 1573 592 Augusti:
1593 550 1604 568 ‘
1619 547 1710 582 Inde

1009 602 1138 644 priores
1165 601 1359 634 Consedere
1384 601 1467 643 Dei,
1487 599 1600 632 fluviis
1625 607 1710 643 quo-

1008 662 1074 695 que
1101 651 1247 693 contigit
1271 652 1344 692 illo,
1365 650 1434 684 Sed
1460 650 1610 692 senibus,
1625 649 1711 682 resi·

1008 703 1090 735 dere
1103 703 1189 735 loco.
1190 702 1200 718 ’
1242 702 1373 735 Omnes
1385 701 1491 744 igitur
1501 700 1552 734 illi
1561 701 1624 732 vel
1636 698 1714 742 nul-

1008 754 1033 786 li
1057 753 1242 786 adfuerunt
1267 752 1425 792 concilio,
1445 752 1501 784 vel
1526 747 1617 784 caeci
1634 737 1713 782 fne-

1010 806 1091 847 rint,
1117 814 1185 837 non
1201 806 1275 836 visa
1300 803 1532 846 magnitudine
1546 802 1600 835 sni
1618 800 1712 835 illitis

1010 855 1134 895 vicini;
1169 855 1223 887 vel
1261 858 1340 896 post
1375 854 1450 895 ejus
1486 852 1596 886 visum
1632 847 1713 884 snut

1010 906 1172 949 prognati
1187 905 1335 937 demum.
1360 904 1476 937 Barth.
1651 911 1654 914 ·

1050 959 1114 988 423
1139 955 1251 997 Falsa]
1274 954 1485 996 Anthiopam
1515 951 1644 995 Nyctei
1670 950 1712 984 fi-

1009 1007 1089 1039 liam
1114 1005 1285 1047 stupravit
1308 1004 1461 1045 Jupiter,
1487 1003 1523 1035 in
1551 1001 1712 1044 Satyrum

1010 1065 1140 1096 versus,
1166 1059 1310 1087 matrem
1337 1053 1416 1086 Zeti
1437 1057 1474 1085 et
1495 1049 1712 1094 Amphionis.

1010 1106 1095 1139 Ideo
1111 1106 1201 1145 salsa
1223 1113 1349 1144 cornua,
1371 1102 1452 1146 quia
1473 1100 1611 1134 cornuti
1631 1097 1714 1133 sunt

1010 1156 1137 1197 Satyri,
1151 1165 1293 1198 quorum
1310 1153 1492 1195 imaginem
1506 1150 1629 1184 falsam
1645 1149 1712 1183 sibi

1011 1210 1201 1247 sumpserat
1215 1205 1364 1246 Jupiter.
1389 1203 1488 1236 Idem.

1051 1258 1116 1288 424
1138 1255 1329 1295 Disiungere
1346 1252 1496 1294 Phoeben]
1527 1253 1608 1285 Hoc
1630 1256 1713 1285 eon-

1011 1307 1091 1349 tigit
1106 1316 1181 1339 cum
1201 1306 1371 1338 Hercules
1387 1307 1590 1336 nasceretur
1604 1313 1615 1343 ;
1633 1311 1713 1335 nam

1010 1362 1081 1390 tres
1096 1368 1115 1389 a
1128 1358 1226 1389 'Luna
1250 1355 1457 1388 continuatae
1484 1352 1563 1386 sunt
1582 1349 1715 1396 noctes.

1011 1409 1168 1440 Lucanus
1181 1405 1434 1446 iu'Catagonioz
1454 1407 1464 1424 ‘
1473 1404 1620 1437 Thebais
1633 1402 1712 1435 Alc-

1011 1466 1123 1497 mene,
1148 1467 1215 1499 qua
1250 1456 1330 1488 dum
1361 1454 1534 1496 frueretur
1569 1453 1714 1496 Olympi

999 1508 1141 1539 'Rector
1157 1506 1355 1537 Luciferum
1376 1509 1430 1537 ter
1447 1505 1599 1547 jusserat
1621 1503 1712 1536 Ποι-

1012 1567 1117 1600 peron
1134 1566 1217 1589 esse.
1219 1556 1349 1588 'Idem.

1053 1610 1116 1640 425
1140 1607 1340 1648 Deceptaque
1353 1605 1495 1645 fulmina
1517 1603 1601 1646 vidi]
1622 1602 1715 1639 Quia

1002 1657 1216 1700 'indisposite
1231 1656 1359 1688 fulmen
1376 1655 1534 1688 Semelen
1551 1654 1713 1687 extinxit.

1010 1708 1161 1740 Primam
1179 1716 1261 1748 ergo
1284 1705 1434 1738 fabulam
1451 1706 1600 1746 Europae
1616 1704 1713 1736 dicit.

1010 1757 1202 1791 Secundam
1229 1757 1419 1796 Alcmenae,
1434 1755 1469 1787 in
1493 1764 1560 1797 qua
1577 1760 1629 1787 ter
1654 1763 1712 1796 ge-

1011 1809 1142 1841 minata
1173 1812 1226 1839 est
1251 1816 1330 1839 nox.
1372 1806 1523 1838 Tertiam
1550 1805 1715 1846 Semeles,

1012 1870 1113 1902 quam
1133 1859 1274 1891 fulmine
1303 1866 1364 1889 suo
1387 1856 1530 1898 Jupiter
1547 1855 1715 1887 incendit.

1011 1911 1179 1944 Quartam
1194 1908 1309 1946 Ledae,
1325 1916 1425 1948 quam
1440 1906 1581 1948 Jupiter
1606 1913 1714 1946 prope

1011 1959 1137 1993 flumen
1156 1958 1306 1999 viciavit,
1324 1961 1473 1989 mutatus
1497 1956 1532 1988 in
1555 1964 1715 1998 cygnum.

1018 2011 1115 2043 Idem.

1054 2064 1119 2093 426
1141 2056 1395 2100 Proecz'puosque]
1418 2057 1637 2099 increpans
1627 2054 1714 2087 dicit

1014 2111 1207 2153 praecipuos
1224 2119 1261 2141 se
1277 2108 1374 2142 Jovis
1390 2106 1477 2138 filios
1492 2105 1671 2144 educasse,
1678 2104 1714 2136 id

1014 2166 1083 2201 est,
1115 2160 1298 2192 Herculem
1324 2157 1563 2198 Liberumque.
1609 2154 1712 2186 Unde

1013 2221 1089 2244 cum
1106 2210 1237 2242 Semele
1252 2212 1363 2240 matre
1386 2210 1517 2239 certum
1543 2208 1598 2236 est
1611 2203 1713 2235 Libe-

1012 2270 1086 2293 rum
1103 2260 1334 2299 fulminatum,
1349 2256 1408 2288 sed
1430 2266 1450 2288 a
1471 2255 1561 2288 Jove
1577 2254 1714 2285 Mercu-

1014 2312 1134 2354 rioque
1164 2313 1377 2351 perceptum,
1406 2310 1443 2338 et
1468 2304 1590 2337 femori
1614 2303 1713 2337 Jovis

1013 2361 1174 2401 insutum,
1201 2359 1245 2390 ad
1265 2355 1428 2389 nascendi
1456 2364 1530 2387 esse
1557 2359 1714 2395 tempora

1014 2416 1236 2442 reservatum.
1261 2408 1358 2439 Idem.

1055 2464 1120 2493 428
1143 2461 1349 2499 Flagrautem
1363 2453 1540 2495 Bromium]
1554 2454 1712 2486 Bacchus

1014 2511 1116 2552 enim,
1132 2517 1208 2543 cum
1226 2513 1332 2539 'natus
1359 2512 1425 2547 est,
1441 2508 1450 2524 ‘
1466 2515 1579 2537 merus
1606 2504 1692 2546 ignis
1703 2503 1712 2518 ’

1002 2561 1094 2600 fuit,
1107 2571 1127 2592 a
1142 2557 1315 2601 Nymphis
1327 2566 1414 2601 aqua
1438 2554 1552 2587 infusa
1574 2564 1714 2597 compo-

1015 2612 1110 2644 situs.
1133 2610 1252 2642 Barth.

1057 2662 1123 2692 429
1146 2659 1272 2691 Funera
1282 2655 1388 2700 porto]
1412 2656 1627 2688 Cadaverum
1643 2665 1712 2688 mo-

1013 2712 1092 2743 lem.
1117 2710 1266 2740 Lactant.

1011 2768 1014 2771 ’
1055 2761 1119 2791 434
1154 2760 1316 2790 clamatus
1342 2756 1454 2798 sacris]
1477 2757 1635 2790 Clamore
1662 2765 1712 2788 sa-

1014 2819 1147 2843 crorum
1163 2811 1334 2850 repertus.
1357 2806 1456 2838 Idem.
1619 2819 1621 2821 ·
1656 2819 1659 2821 ¹
1679 2817 1695 2822 ψ
