<?xml version="1.0" encoding="UTF-8"?>
<!DOCTYPE html PUBLIC "-//W3C//DTD XHTML 1.0 Transitional//EN"
    "http://www.w3.org/TR/xhtml1/DTD/xhtml1-transitional.dtd">
<html xmlns="http://www.w3.org/1999/xhtml" xml:lang="en" lang="en">
 <head>
  <title>
</title>
<meta http-equiv="Content-Type" content="text/html;charset=utf-8" />
  <meta name='ocr-system' content='tesseract 3.04.00' />
  <meta name='ocr-capabilities' content='ocr_page ocr_carea ocr_par ocr_line ocrx_word'/>
</head>
<body>
  <div class='ocr_page' id='page_1' title='image "./operaomniaexedit04statuoft/operaomniaexedit04statuoft_0013.png"; bbox 0 0 1878 3164; ppageno 0'>
   <div class='ocr_carea' id='block_1_1' title="bbox 470 230 1382 273">
    <p class='ocr_par' dir='ltr' id='par_1_1' title="bbox 470 230 1382 273">
     <span class='ocr_line' id='line_1_1' title="bbox 470 230 1382 273; baseline -0.002 -1"><span class='ocrx_word' id='word_1_1' title='bbox 470 242 514 273; x_wconf 79' lang='lat' dir='ltr'>P.</span> <span class='ocrx_word' id='word_1_2' title='bbox 542 240 737 272; x_wconf 60' lang='lat' dir='ltr'>rammi</span> <span class='ocrx_word' id='word_1_3' title='bbox 768 239 934 272; x_wconf 75' lang='lat' dir='ltr'>srA&#39;ru</span> <span class='ocrx_word' id='word_1_4' title='bbox 968 239 1114 271; x_wconf 67' lang='lat' dir='ltr'>svnv.</span> <span class='ocrx_word' id='word_1_5' title='bbox 1147 240 1242 272; x_wconf 76' lang='lat' dir='ltr'>mu.</span> <span class='ocrx_word' id='word_1_6' title='bbox 1266 241 1309 271; x_wconf 91' lang='lat' dir='ltr'>v.</span> <span class='ocrx_word' id='word_1_7' title='bbox 1340 230 1382 271; x_wconf 93' lang='lat'>1.</span> 
     </span>
    </p>
   </div>
   <div class='ocr_carea' id='block_1_2' title="bbox 142 333 900 1789">
    <p class='ocr_par' dir='ltr' id='par_1_2' title="bbox 189 333 897 519">
     <span class='ocr_line' id='line_1_2' title="bbox 192 333 897 379; baseline -0.007 -9"><span class='ocrx_word' id='word_1_8' title='bbox 192 339 248 370; x_wconf 81' lang='lat' dir='ltr'>est</span> <span class='ocrx_word' id='word_1_9' title='bbox 270 334 426 379; x_wconf 73' lang='lat' dir='ltr'>quoniam</span> <span class='ocrx_word' id='word_1_10' title='bbox 449 343 538 367; x_wconf 85' lang='lat' dir='ltr'>uxor</span> <span class='ocrx_word' id='word_1_11' title='bbox 563 333 705 367; x_wconf 73' lang='lat' dir='ltr'>Calvisii</span> <span class='ocrx_word' id='word_1_12' title='bbox 724 334 823 367; x_wconf 72' lang='lat' dir='ltr'>‚mala</span> <span class='ocrx_word' id='word_1_13' title='bbox 838 343 897 366; x_wconf 88' lang='lat' dir='ltr'>cu-</span> 
     </span>
     <span class='ocr_line' id='line_1_3' title="bbox 191 384 896 429; baseline -0.004 -10"><span class='ocrx_word' id='word_1_14' title='bbox 191 386 310 429; x_wconf 79' lang='lat' dir='ltr'>pidine</span> <span class='ocrx_word' id='word_1_15' title='bbox 317 384 447 418; x_wconf 68' lang='lat' dir='ltr'>visendi</span> <span class='ocrx_word' id='word_1_16' title='bbox 460 385 562 417; x_wconf 89' lang='lat' dir='ltr'>situm</span> <span class='ocrx_word' id='word_1_17' title='bbox 576 389 766 416; x_wconf 83' lang='lat' dir='ltr'>castrorum</span> <span class='ocrx_word' id='word_1_18' title='bbox 780 384 896 416; x_wconf 88' lang='lat' dir='ltr'>habitu</span> 
     </span>
     <span class='ocr_line' id='line_1_4' title="bbox 189 435 896 477; baseline -0.006 -8"><span class='ocrx_word' id='word_1_19' title='bbox 189 436 331 469; x_wconf 70' lang='lat' dir='ltr'>militari</span> <span class='ocrx_word' id='word_1_20' title='bbox 340 435 494 477; x_wconf 83' lang='lat' dir='ltr'>ingressa</span> <span class='ocrx_word' id='word_1_21' title='bbox 502 440 568 475; x_wconf 81' lang='lat' dir='ltr'>est,</span> <span class='ocrx_word' id='word_1_22' title='bbox 581 439 807 476; x_wconf 72' lang='lat' dir='ltr'><strong>stuprumque</strong></span> <span class='ocrx_word' id='word_1_23' title='bbox 819 443 896 466; x_wconf 87' lang='lat' dir='ltr'>cum</span> 
     </span>
     <span class='ocr_line' id='line_1_5' title="bbox 191 485 579 519; baseline -0.003 0"><span class='ocrx_word' id='word_1_24' title='bbox 191 495 235 519; x_wconf 81' lang='lat' dir='ltr'>eo</span> <span class='ocrx_word' id='word_1_25' title='bbox 247 486 431 519; x_wconf 78' lang='lat' dir='ltr'>commisit.</span> <span class='ocrx_word' id='word_1_26' title='bbox 458 485 579 518; x_wconf 78' lang='lat' dir='ltr'>Dmit.</span> 
     </span>
    </p>

    <p class='ocr_par' dir='ltr' id='par_1_3' title="bbox 142 535 900 871">
     <span class='ocr_line' id='line_1_6' title="bbox 235 535 896 577; baseline -0.002 -8"><span class='ocrx_word' id='word_1_27' title='bbox 235 537 298 569; x_wconf 73' lang='lat'>1³1</span> <span class='ocrx_word' id='word_1_28' title='bbox 320 535 422 569; x_wconf 70' lang='lat' dir='ltr'>Iam</span> <span class='ocrx_word' id='word_1_29' title='bbox 432 535 653 577; x_wconf 72' lang='lat' dir='ltr'>intercludere]</span> <span class='ocrx_word' id='word_1_30' title='bbox 669 535 711 568; x_wconf 89' lang='lat' dir='ltr'>Id</span> <span class='ocrx_word' id='word_1_31' title='bbox 722 541 788 576; x_wconf 83' lang='lat' dir='ltr'>est,</span> <span class='ocrx_word' id='word_1_32' title='bbox 805 535 896 568; x_wconf 86' lang='lat' dir='ltr'>tueri</span> 
     </span>
     <span class='ocr_line' id='line_1_7' title="bbox 192 585 896 628; baseline -0.003 -8"><span class='ocrx_word' id='word_1_33' title='bbox 192 585 331 628; x_wconf 67' lang='lat' dir='ltr'>objectu</span> <span class='ocrx_word' id='word_1_34' title='bbox 345 586 397 618; x_wconf 87' lang='lat' dir='ltr'>sui</span> <span class='ocrx_word' id='word_1_35' title='bbox 413 586 568 628; x_wconf 87' lang='lat' dir='ltr'>corporis</span> <span class='ocrx_word' id='word_1_36' title='bbox 581 591 616 618; x_wconf 91' lang='lat' dir='ltr'>et</span> <span class='ocrx_word' id='word_1_37' title='bbox 632 596 814 619; x_wconf 86' lang='lat' dir='ltr'>armorum.</span> <span class='ocrx_word' id='word_1_38' title='bbox 839 587 896 618; x_wconf 91' lang='lat' dir='ltr'>De</span> 
     </span>
     <span class='ocr_line' id='line_1_8' title="bbox 190 635 897 677; baseline -0.001 -9"><span class='ocrx_word' id='word_1_39' title='bbox 190 635 423 668; x_wconf 73' lang='lat' dir='ltr'>Amazonibus</span> <span class='ocrx_word' id='word_1_40' title='bbox 445 641 482 668; x_wconf 91' lang='lat' dir='ltr'>et</span> <span class='ocrx_word' id='word_1_41' title='bbox 505 645 622 667; x_wconf 85' lang='lat' dir='ltr'>earum</span> <span class='ocrx_word' id='word_1_42' title='bbox 645 635 656 654; x_wconf 86' lang='lat'>‘</span> <span class='ocrx_word' id='word_1_43' title='bbox 674 635 800 677; x_wconf 88' lang='lat' dir='ltr'>peltis&#39;</span> <span class='ocrx_word' id='word_1_44' title='bbox 826 645 897 667; x_wconf 91' lang='lat' dir='ltr'>om-</span> 
     </span>
     <span class='ocr_line' id='line_1_9' title="bbox 194 685 900 728; baseline 0 -10"><span class='ocrx_word' id='word_1_45' title='bbox 194 685 253 719; x_wconf 83' lang='lat' dir='ltr'>nia</span> <span class='ocrx_word' id='word_1_46' title='bbox 266 690 347 718; x_wconf 78' lang='lat' dir='ltr'>sunt</span> <span class='ocrx_word' id='word_1_47' title='bbox 363 691 467 718; x_wconf 79' lang='lat' dir='ltr'>nota:</span> <span class='ocrx_word' id='word_1_48' title='bbox 491 686 567 718; x_wconf 85' lang='lat' dir='ltr'>vide</span> <span class='ocrx_word' id='word_1_49' title='bbox 584 686 743 728; x_wconf 84' lang='lat' dir='ltr'>Xenopb.</span> <span class='ocrx_word' id='word_1_50' title='bbox 760 687 900 727; x_wconf 84' lang='lat' dir='ltr'>passim.</span> 
     </span>
     <span class='ocr_line' id='line_1_10' title="bbox 189 734 899 778; baseline -0.003 -8"><span class='ocrx_word' id='word_1_51' title='bbox 189 736 357 778; x_wconf 70' lang='lat' dir='ltr'>Elianus,</span> <span class='ocrx_word' id='word_1_52' title='bbox 378 736 400 776; x_wconf 79' lang='grc' dir='ltr'>ἡ</span> <span class='ocrx_word' id='word_1_53' title='bbox 419 735 524 775; x_wconf 71' lang='grc' dir='ltr'>πέλτη</span> <span class='ocrx_word' id='word_1_54' title='bbox 544 734 637 778; x_wconf 77' lang='grc' dir='ltr'>μικρά</span> <span class='ocrx_word' id='word_1_55' title='bbox 658 748 706 769; x_wconf 74' lang='grc' dir='ltr'>τις</span> <span class='ocrx_word' id='word_1_56' title='bbox 729 736 899 774; x_wconf 77' lang='grc' dir='ltr'>ἆσπιδίσκη</span> 
     </span>
     <span class='ocr_line' id='line_1_11' title="bbox 142 785 898 830; baseline -0.004 -9"><span class='ocrx_word' id='word_1_57' title='bbox 142 806 151 812; x_wconf 87' lang='grc'>-</span> <span class='ocrx_word' id='word_1_58' title='bbox 189 785 366 828; x_wconf 56' lang='lat' dir='ltr'>ndum,</span> <span class='ocrx_word' id='word_1_59' title='bbox 387 787 484 819; x_wconf 78' lang='lat' dir='ltr'>Pelta</span> <span class='ocrx_word' id='word_1_60' title='bbox 498 788 652 830; x_wconf 70' lang='lat' dir='ltr'>clypeoluu</span> <span class='ocrx_word' id='word_1_61' title='bbox 662 787 750 828; x_wconf 70' lang='lat' dir='ltr'>levis,</span> <span class='ocrx_word' id='word_1_62' title='bbox 766 790 801 819; x_wconf 77' lang='lat' dir='ltr'>ue</span> <span class='ocrx_word' id='word_1_63' title='bbox 823 796 898 828; x_wconf 82' lang='lat' dir='ltr'>par-</span> 
     </span>
     <span class='ocr_line' id='line_1_12' title="bbox 189 838 446 871; baseline 0 0"><span class='ocrx_word' id='word_1_64' title='bbox 189 838 286 871; x_wconf 66' lang='lat' dir='ltr'>nal«.</span> <span class='ocrx_word' id='word_1_65' title='bbox 309 838 446 871; x_wconf 72' lang='lat' dir='ltr'>Motell-</span> 
     </span>
    </p>

    <p class='ocr_par' dir='ltr' id='par_1_4' title="bbox 186 887 899 1427">
     <span class='ocr_line' id='line_1_13' title="bbox 237 887 899 929; baseline -0.002 -8"><span class='ocrx_word' id='word_1_66' title='bbox 237 890 297 921; x_wconf 69' lang='lat'>1³⁴</span> <span class='ocrx_word' id='word_1_67' title='bbox 319 888 494 922; x_wconf 71' lang='lat' dir='ltr'>Sudoribus</span> <span class='ocrx_word' id='word_1_68' title='bbox 516 887 631 929; x_wconf 74' lang='lat' dir='ltr'>hastae]</span> <span class='ocrx_word' id='word_1_69' title='bbox 653 889 765 923; x_wconf 81' lang='lat' dir='ltr'><strong>Quam</strong></span> <span class='ocrx_word' id='word_1_70' title='bbox 789 892 826 920; x_wconf 78' lang='lat' dir='ltr'>et</span> <span class='ocrx_word' id='word_1_71' title='bbox 847 888 899 929; x_wconf 90' lang='lat' dir='ltr'>ip·</span> 
     </span>
     <span class='ocr_line' id='line_1_14' title="bbox 190 939 898 981; baseline 0 -10"><span class='ocrx_word' id='word_1_72' title='bbox 190 948 263 971; x_wconf 79' lang='lat' dir='ltr'>sam</span> <span class='ocrx_word' id='word_1_73' title='bbox 279 940 439 981; x_wconf 79' lang='lat' dir='ltr'>gestabat</span> <span class='ocrx_word' id='word_1_74' title='bbox 454 939 697 972; x_wconf 82' lang='lat' dir='ltr'>Abascantius.</span> <span class='ocrx_word' id='word_1_75' title='bbox 722 939 787 970; x_wconf 86' lang='lat' dir='ltr'>Vel</span> <span class='ocrx_word' id='word_1_76' title='bbox 800 943 898 971; x_wconf 87' lang='lat' dir='ltr'>certe</span> 
     </span>
     <span class='ocr_line' id='line_1_15' title="bbox 192 989 898 1031; baseline 0.003 -11"><span class='ocrx_word' id='word_1_77' title='bbox 192 989 368 1031; x_wconf 82' lang='lat' dir='ltr'>proximus</span> <span class='ocrx_word' id='word_1_78' title='bbox 393 989 515 1022; x_wconf 85' lang='lat' dir='ltr'>aderat</span> <span class='ocrx_word' id='word_1_79' title='bbox 539 999 614 1022; x_wconf 86' lang='lat' dir='ltr'>eam</span> <span class='ocrx_word' id='word_1_80' title='bbox 643 990 795 1031; x_wconf 77' lang='lat' dir='ltr'>gestanti</span> <span class='ocrx_word' id='word_1_81' title='bbox 822 990 898 1022; x_wconf 81' lang='lat' dir='ltr'>Cae·</span> 
     </span>
     <span class='ocr_line' id='line_1_16' title="bbox 191 1039 896 1082; baseline 0 -10"><span class='ocrx_word' id='word_1_82' title='bbox 191 1040 273 1073; x_wconf 75' lang='lat' dir='ltr'>sari.</span> <span class='ocrx_word' id='word_1_83' title='bbox 315 1039 406 1072; x_wconf 81' lang='lat' dir='ltr'>ulad</span> <span class='ocrx_word' id='word_1_84' title='bbox 447 1041 562 1082; x_wconf 86' lang='lat' dir='ltr'>potius</span> <span class='ocrx_word' id='word_1_85' title='bbox 593 1045 688 1082; x_wconf 88' lang='lat' dir='ltr'>puto.</span> <span class='ocrx_word' id='word_1_86' title='bbox 733 1041 896 1082; x_wconf 77' lang='lat' dir='ltr'><strong>Magnam</strong></span> 
     </span>
     <span class='ocr_line' id='line_1_17' title="bbox 191 1090 897 1133; baseline 0 -11"><span class='ocrx_word' id='word_1_87' title='bbox 191 1094 307 1123; x_wconf 73' lang='lat' dir='ltr'>autem</span> <span class='ocrx_word' id='word_1_88' title='bbox 323 1090 423 1131; x_wconf 86' lang='lat' dir='ltr'>dicit,</span> <span class='ocrx_word' id='word_1_89' title='bbox 437 1101 480 1123; x_wconf 90' lang='lat' dir='ltr'>ne</span> <span class='ocrx_word' id='word_1_90' title='bbox 496 1100 564 1133; x_wconf 85' lang='lat' dir='ltr'><strong>qua</strong></span> <span class='ocrx_word' id='word_1_91' title='bbox 589 1091 623 1123; x_wconf 90' lang='lat' dir='ltr'>in</span> <span class='ocrx_word' id='word_1_92' title='bbox 644 1095 746 1132; x_wconf 89' lang='lat' dir='ltr'>parte</span> <span class='ocrx_word' id='word_1_93' title='bbox 772 1091 897 1123; x_wconf 85' lang='lat' dir='ltr'>Heroi-</span> 
     </span>
     <span class='ocr_line' id='line_1_18' title="bbox 188 1139 897 1182; baseline -0.003 -8"><span class='ocrx_word' id='word_1_94' title='bbox 188 1139 254 1174; x_wconf 76' lang='lat' dir='ltr'>hm</span> <span class='ocrx_word' id='word_1_95' title='bbox 284 1141 408 1182; x_wconf 79' lang='lat' dir='ltr'>priscis</span> <span class='ocrx_word' id='word_1_96' title='bbox 439 1141 604 1173; x_wconf 80' lang='lat' dir='ltr'>minorem</span> <span class='ocrx_word' id='word_1_97' title='bbox 633 1151 712 1173; x_wconf 90' lang='lat' dir='ltr'>eum</span> <span class='ocrx_word' id='word_1_98' title='bbox 742 1139 897 1173; x_wconf 78' lang='lat' dir='ltr'>efferret.</span> 
     </span>
     <span class='ocr_line' id='line_1_19' title="bbox 189 1190 898 1226; baseline 0.001 -3"><span class='ocrx_word' id='word_1_99' title='bbox 189 1190 248 1224; x_wconf 77' lang='lat' dir='ltr'>lta</span> <span class='ocrx_word' id='word_1_100' title='bbox 262 1190 296 1223; x_wconf 87' lang='lat' dir='ltr'>in</span> <span class='ocrx_word' id='word_1_101' title='bbox 311 1192 418 1224; x_wconf 81' lang='lat' dir='ltr'>Theb.</span> <span class='ocrx_word' id='word_1_102' title='bbox 433 1201 504 1225; x_wconf 76' lang='lat' dir='ltr'>xn-</span> <span class='ocrx_word' id='word_1_103' title='bbox 517 1194 528 1211; x_wconf 77' lang='lat'><em>⁴</em></span> <span class='ocrx_word' id='word_1_104' title='bbox 539 1193 713 1226; x_wconf 81' lang='lat' dir='ltr'>Quercum</span> <span class='ocrx_word' id='word_1_105' title='bbox 722 1193 898 1224; x_wconf 81' lang='lat' dir='ltr'>Maratho-</span> 
     </span>
     <span class='ocr_line' id='line_1_20' title="bbox 194 1241 898 1284; baseline -0.001 -9"><span class='ocrx_word' id='word_1_106' title='bbox 194 1241 296 1275; x_wconf 76' lang='lat' dir='ltr'>nida’</span> <span class='ocrx_word' id='word_1_107' title='bbox 309 1242 444 1275; x_wconf 81' lang='lat' dir='ltr'>Theseo</span> <span class='ocrx_word' id='word_1_108' title='bbox 460 1243 576 1282; x_wconf 79' lang='lat' dir='ltr'>tradit,</span> <span class='ocrx_word' id='word_1_109' title='bbox 588 1242 687 1284; x_wconf 84' lang='lat' dir='ltr'>cujus</span> <span class='ocrx_word' id='word_1_110' title='bbox 699 1243 802 1274; x_wconf 83' lang='lat' dir='ltr'>etiarn</span> <span class='ocrx_word' id='word_1_111' title='bbox 826 1252 898 1274; x_wconf 90' lang='lat' dir='ltr'>um-</span> 
     </span>
     <span class='ocr_line' id='line_1_21' title="bbox 186 1292 899 1328; baseline -0.006 0"><span class='ocrx_word' id='word_1_112' title='bbox 186 1292 288 1328; x_wconf 71' lang='lat' dir='ltr'>bram</span> <span class='ocrx_word' id='word_1_113' title='bbox 319 1303 386 1325; x_wconf 89' lang='lat' dir='ltr'>non</span> <span class='ocrx_word' id='word_1_114' title='bbox 417 1294 572 1326; x_wconf 88' lang='lat' dir='ltr'>tulerunt</span> <span class='ocrx_word' id='word_1_115' title='bbox 603 1294 638 1325; x_wconf 89' lang='lat' dir='ltr'>iu</span> <span class='ocrx_word' id='word_1_116' title='bbox 670 1293 746 1325; x_wconf 85' lang='lat' dir='ltr'>acie</span> <span class='ocrx_word' id='word_1_117' title='bbox 771 1293 899 1325; x_wconf 87' lang='lat' dir='ltr'>hostes.</span> 
     </span>
     <span class='ocr_line' id='line_1_22' title="bbox 190 1342 897 1387; baseline 0 -11"><span class='ocrx_word' id='word_1_118' title='bbox 190 1343 248 1376; x_wconf 73' lang='lat' dir='ltr'>lta</span> <span class='ocrx_word' id='word_1_119' title='bbox 285 1343 329 1376; x_wconf 85' lang='lat' dir='ltr'>de</span> <span class='ocrx_word' id='word_1_120' title='bbox 362 1342 507 1376; x_wconf 78' lang='lat' dir='ltr'>Achillis</span> <span class='ocrx_word' id='word_1_121' title='bbox 542 1344 642 1376; x_wconf 85' lang='lat' dir='ltr'>hasta</span> <span class='ocrx_word' id='word_1_122' title='bbox 674 1350 783 1377; x_wconf 87' lang='lat' dir='ltr'>turres</span> <span class='ocrx_word' id='word_1_123' title='bbox 817 1354 897 1387; x_wconf 87' lang='lat' dir='ltr'><strong>qua·</strong></span> 
     </span>
     <span class='ocr_line' id='line_1_23' title="bbox 193 1393 586 1427; baseline 0.003 -1"><span class='ocrx_word' id='word_1_124' title='bbox 193 1393 304 1427; x_wconf 84' lang='lat' dir='ltr'>tiente</span> <span class='ocrx_word' id='word_1_125' title='bbox 322 1394 446 1426; x_wconf 80' lang='lat' dir='ltr'>Horat.</span> <span class='ocrx_word' id='word_1_126' title='bbox 466 1395 586 1427; x_wconf 75' lang='lat' dir='ltr'>Barth.</span> 
     </span>
    </p>

    <p class='ocr_par' dir='ltr' id='par_1_5' title="bbox 184 1444 900 1789">
     <span class='ocr_line' id='line_1_24' title="bbox 235 1444 898 1487; baseline 0 -10"><span class='ocrx_word' id='word_1_127' title='bbox 235 1446 300 1478; x_wconf 77' lang='lat'>1⁸⁶</span> <span class='ocrx_word' id='word_1_128' title='bbox 322 1444 456 1486; x_wconf 70' lang='lat' dir='ltr'>Mem]</span> <span class='ocrx_word' id='word_1_129' title='bbox 478 1445 580 1478; x_wconf 90' lang='lat' dir='ltr'>Nunc</span> <span class='ocrx_word' id='word_1_130' title='bbox 604 1448 660 1477; x_wconf 90' lang='lat' dir='ltr'>est</span> <span class='ocrx_word' id='word_1_131' title='bbox 684 1450 818 1487; x_wconf 87' lang='lat' dir='ltr'>tempus</span> <span class='ocrx_word' id='word_1_132' title='bbox 843 1454 898 1477; x_wconf 83' lang='lat' dir='ltr'><strong>su-</strong></span> 
     </span>
     <span class='ocr_line' id='line_1_25' title="bbox 189 1496 898 1539; baseline 0 -11"><span class='ocrx_word' id='word_1_133' title='bbox 189 1505 288 1529; x_wconf 72' lang='lat' dir='ltr'>mere</span> <span class='ocrx_word' id='word_1_134' title='bbox 310 1502 405 1529; x_wconf 81' lang='lat' dir='ltr'>serta</span> <span class='ocrx_word' id='word_1_135' title='bbox 427 1496 534 1528; x_wconf 76' lang='lat' dir='ltr'>comis</span> <span class='ocrx_word' id='word_1_136' title='bbox 560 1497 646 1529; x_wconf 89' lang='lat' dir='ltr'>meis</span> <span class='ocrx_word' id='word_1_137' title='bbox 663 1507 706 1528; x_wconf 87' lang='lat' dir='ltr'>ex</span> <span class='ocrx_word' id='word_1_138' title='bbox 722 1506 898 1539; x_wconf 81' lang='lat' dir='ltr'><strong>cupresso.</strong></span> 
     </span>
     <span class='ocr_line' id='line_1_26' title="bbox 188 1545 899 1590; baseline 0 -11"><span class='ocrx_word' id='word_1_139' title='bbox 188 1545 373 1590; x_wconf 61' lang='lat' dir='ltr'>Damnata]</span> <span class='ocrx_word' id='word_1_140' title='bbox 400 1547 489 1581; x_wconf 70' lang='lat' dir='ltr'>Qum</span> <span class='ocrx_word' id='word_1_141' title='bbox 518 1547 633 1579; x_wconf 83' lang='lat' dir='ltr'>dicata</span> <span class='ocrx_word' id='word_1_142' title='bbox 659 1553 712 1580; x_wconf 87' lang='lat' dir='ltr'>est</span> <span class='ocrx_word' id='word_1_143' title='bbox 742 1548 899 1588; x_wconf 90' lang='lat' dir='ltr'>Plutoni,</span> 
     </span>
     <span class='ocr_line' id='line_1_27' title="bbox 190 1597 900 1639; baseline 0 -9"><span class='ocrx_word' id='word_1_144' title='bbox 190 1606 269 1630; x_wconf 85' lang='lat' dir='ltr'>cum</span> <span class='ocrx_word' id='word_1_145' title='bbox 293 1597 357 1630; x_wconf 83' lang='lat' dir='ltr'>sim</span> <span class='ocrx_word' id='word_1_146' title='bbox 380 1602 634 1639; x_wconf 84' lang='lat' dir='ltr'>temperaturus</span> <span class='ocrx_word' id='word_1_147' title='bbox 649 1607 786 1631; x_wconf 87' lang='lat' dir='ltr'>carmen</span> <span class='ocrx_word' id='word_1_148' title='bbox 802 1597 900 1630; x_wconf 85' lang='lat' dir='ltr'>fune-</span> 
     </span>
     <span class='ocr_line' id='line_1_28' title="bbox 191 1646 900 1689; baseline 0.001 -10"><span class='ocrx_word' id='word_1_149' title='bbox 191 1646 252 1679; x_wconf 80' lang='lat' dir='ltr'>bre</span> <span class='ocrx_word' id='word_1_150' title='bbox 263 1652 299 1679; x_wconf 92' lang='lat' dir='ltr'>et</span> <span class='ocrx_word' id='word_1_151' title='bbox 314 1647 524 1680; x_wconf 85' lang='lat' dir='ltr'>Plutonium.</span> <span class='ocrx_word' id='word_1_152' title='bbox 556 1648 709 1680; x_wconf 75' lang='lat' dir='ltr'>Plinius:</span> <span class='ocrx_word' id='word_1_153' title='bbox 727 1650 737 1667; x_wconf 94' lang='lat'>‘</span> <span class='ocrx_word' id='word_1_154' title='bbox 751 1649 900 1689; x_wconf 87' lang='lat' dir='ltr'>Cupres-</span> 
     </span>
     <span class='ocr_line' id='line_1_29' title="bbox 191 1696 900 1740; baseline 0.001 -11"><span class='ocrx_word' id='word_1_155' title='bbox 191 1706 250 1729; x_wconf 74' lang='grc' dir='ltr'>ωε</span> <span class='ocrx_word' id='word_1_156' title='bbox 266 1697 343 1730; x_wconf 86' lang='lat' dir='ltr'>Diti</span> <span class='ocrx_word' id='word_1_157' title='bbox 359 1706 470 1737; x_wconf 80' lang='lat' dir='ltr'>sacra,</span> <span class='ocrx_word' id='word_1_158' title='bbox 486 1702 522 1730; x_wconf 91' lang='lat' dir='ltr'>et</span> <span class='ocrx_word' id='word_1_159' title='bbox 542 1697 620 1729; x_wconf 89' lang='lat' dir='ltr'>ideo</span> <span class='ocrx_word' id='word_1_160' title='bbox 644 1696 780 1730; x_wconf 79' lang='lat' dir='ltr'>funebri</span> <span class='ocrx_word' id='word_1_161' title='bbox 803 1698 900 1740; x_wconf 84' lang='lat' dir='ltr'>signo</span> 
     </span>
     <span class='ocr_line' id='line_1_30' title="bbox 184 1746 670 1789; baseline 0.006 -12"><span class='ocrx_word' id='word_1_162' title='bbox 184 1746 236 1780; x_wconf 78' lang='lat' dir='ltr'>‚ad</span> <span class='ocrx_word' id='word_1_163' title='bbox 251 1747 371 1779; x_wconf 83' lang='lat' dir='ltr'>domos</span> <span class='ocrx_word' id='word_1_164' title='bbox 387 1746 525 1789; x_wconf 64' lang='lat' dir='ltr'>posita!</span> <span class='ocrx_word' id='word_1_165' title='bbox 548 1747 670 1781; x_wconf 76' lang='lat' dir='ltr'>Domit.</span> 
     </span>
    </p>
   </div>
   <div class='ocr_carea' id='block_1_3' title="bbox 194 1798 904 1891">
    <p class='ocr_par' dir='ltr' id='par_1_6' title="bbox 194 1798 904 1891">
     <span class='ocr_line' id='line_1_31' title="bbox 235 1798 904 1840; baseline 0.001 -10"><span class='ocrx_word' id='word_1_166' title='bbox 235 1799 298 1830; x_wconf 75' lang='grc'>140</span> <span class='ocrx_word' id='word_1_167' title='bbox 322 1798 422 1830; x_wconf 77' lang='lat' dir='ltr'>Tmo</span> <span class='ocrx_word' id='word_1_168' title='bbox 435 1808 526 1840; x_wconf 77' lang='lat' dir='ltr'>quam</span> <span class='ocrx_word' id='word_1_169' title='bbox 540 1808 614 1840; x_wconf 80' lang='lat' dir='ltr'>non,</span> <span class='ocrx_word' id='word_1_170' title='bbox 633 1798 704 1840; x_wconf 60' lang='grc' dir='ltr'>εγω]</span> <span class='ocrx_word' id='word_1_171' title='bbox 726 1799 819 1837; x_wconf 84' lang='lat' dir='ltr'>Hoec,</span> <span class='ocrx_word' id='word_1_172' title='bbox 843 1799 904 1831; x_wconf 93' lang='lat' dir='ltr'>In-</span> 
     </span>
     <span class='ocr_line' id='line_1_32' title="bbox 194 1847 904 1891; baseline 0.003 -11"><span class='ocrx_word' id='word_1_173' title='bbox 194 1847 303 1890; x_wconf 79' lang='lat' dir='ltr'>vidia,</span> <span class='ocrx_word' id='word_1_174' title='bbox 330 1858 432 1891; x_wconf 86' lang='lat' dir='ltr'>quam</span> <span class='ocrx_word' id='word_1_175' title='bbox 458 1848 596 1880; x_wconf 88' lang='lat' dir='ltr'>domum</span> <span class='ocrx_word' id='word_1_176' title='bbox 619 1854 655 1881; x_wconf 86' lang='lat' dir='ltr'>et</span> <span class='ocrx_word' id='word_1_177' title='bbox 677 1849 838 1881; x_wconf 83' lang='lat' dir='ltr'>familiam</span> <span class='ocrx_word' id='word_1_178' title='bbox 855 1851 904 1883; x_wconf 82' lang='lat' dir='ltr'>lu.</span> 
     </span>
    </p>
   </div>
   <div class='ocr_carea' id='block_1_4' title="bbox 183 1899 902 2859">
    <p class='ocr_par' dir='ltr' id='par_1_7' title="bbox 183 1899 902 2397">
     <span class='ocr_line' id='line_1_33' title="bbox 193 1899 902 1941; baseline 0.003 -9"><span class='ocrx_word' id='word_1_179' title='bbox 193 1899 278 1932; x_wconf 66' lang='lat' dir='ltr'>utine</span> <span class='ocrx_word' id='word_1_180' title='bbox 291 1902 393 1940; x_wconf 75' lang='lat' dir='ltr'>torvo,</span> <span class='ocrx_word' id='word_1_181' title='bbox 407 1899 497 1932; x_wconf 90' lang='lat' dir='ltr'>truci</span> <span class='ocrx_word' id='word_1_182' title='bbox 513 1899 650 1941; x_wconf 88' lang='lat' dir='ltr'>obtutu,</span> <span class='ocrx_word' id='word_1_183' title='bbox 666 1900 776 1933; x_wconf 85' lang='lat' dir='ltr'>acutis</span> <span class='ocrx_word' id='word_1_184' title='bbox 792 1902 902 1934; x_wconf 82' lang='lat' dir='ltr'>oculis</span> 
     </span>
     <span class='ocr_line' id='line_1_34' title="bbox 189 1950 901 1994; baseline 0.001 -11"><span class='ocrx_word' id='word_1_185' title='bbox 189 1960 259 1983; x_wconf 84' lang='lat' dir='ltr'>non</span> <span class='ocrx_word' id='word_1_186' title='bbox 264 1950 368 1994; x_wconf 72' lang='lat' dir='ltr'>figet,</span> <span class='ocrx_word' id='word_1_187' title='bbox 385 1955 558 1993; x_wconf 80' lang='lat' dir='ltr'>penetret,</span> <span class='ocrx_word' id='word_1_188' title='bbox 580 1950 738 1993; x_wconf 85' lang='lat' dir='ltr'>designet</span> <span class='ocrx_word' id='word_1_189' title='bbox 763 1951 806 1983; x_wconf 84' lang='lat' dir='ltr'>ad</span> <span class='ocrx_word' id='word_1_190' title='bbox 834 1953 901 1984; x_wconf 88' lang='lat' dir='ltr'>rui-</span> 
     </span>
     <span class='ocr_line' id='line_1_35' title="bbox 183 2000 900 2044; baseline 0.001 -10"><span class='ocrx_word' id='word_1_191' title='bbox 183 2002 290 2034; x_wconf 71' lang='lat' dir='ltr'>nam?</span> <span class='ocrx_word' id='word_1_192' title='bbox 334 2002 428 2034; x_wconf 76' lang='lat' dir='ltr'>Huic</span> <span class='ocrx_word' id='word_1_193' title='bbox 448 2000 667 2044; x_wconf 76' lang='grc' dir='ltr'>βλοσυρῶπιδι,</span> <span class='ocrx_word' id='word_1_194' title='bbox 692 2002 783 2043; x_wconf 86' lang='lat' dir='ltr'>apud</span> <span class='ocrx_word' id='word_1_195' title='bbox 804 2014 900 2042; x_wconf 81' lang='grc' dir='ltr'>μετα-</span> 
     </span>
     <span class='ocr_line' id='line_1_36' title="bbox 189 2046 901 2095; baseline 0.001 -10"><span class='ocrx_word' id='word_1_196' title='bbox 189 2052 366 2095; x_wconf 59' lang='lat' dir='ltr'>pom-hv,</span> <span class='ocrx_word' id='word_1_197' title='bbox 394 2052 538 2085; x_wconf 85' lang='lat' dir='ltr'>‘Pallor</span> <span class='ocrx_word' id='word_1_198' title='bbox 563 2053 598 2084; x_wconf 90' lang='lat' dir='ltr'>in</span> <span class='ocrx_word' id='word_1_199' title='bbox 623 2046 809 2094; x_wconf 86' lang='lat' dir='ltr'>oresedet,</span> <span class='ocrx_word' id='word_1_200' title='bbox 831 2064 901 2086; x_wconf 83' lang='lat' dir='ltr'>ma·</span> 
     </span>
     <span class='ocr_line' id='line_1_37' title="bbox 190 2104 900 2146; baseline 0.003 -10"><span class='ocrx_word' id='word_1_201' title='bbox 190 2104 262 2137; x_wconf 84' lang='lat' dir='ltr'>cies</span> <span class='ocrx_word' id='word_1_202' title='bbox 273 2104 308 2136; x_wconf 92' lang='lat' dir='ltr'>in</span> <span class='ocrx_word' id='word_1_203' title='bbox 329 2113 474 2146; x_wconf 87' lang='lat' dir='ltr'>corpore</span> <span class='ocrx_word' id='word_1_204' title='bbox 493 2109 580 2146; x_wconf 86' lang='lat' dir='ltr'>toto,</span> <span class='ocrx_word' id='word_1_205' title='bbox 606 2104 782 2146; x_wconf 80' lang='lat' dir='ltr'><strong>Nusquam</strong></span> <span class='ocrx_word' id='word_1_206' title='bbox 805 2111 900 2138; x_wconf 85' lang='lat' dir='ltr'>recta</span> 
     </span>
     <span class='ocr_line' id='line_1_38' title="bbox 191 2152 899 2196; baseline 0.003 -10"><span class='ocrx_word' id='word_1_207' title='bbox 191 2153 308 2187; x_wconf 57' lang='lat' dir='ltr'>acies?</span> <span class='ocrx_word' id='word_1_208' title='bbox 343 2152 459 2196; x_wconf 73' lang='grc' dir='ltr'>ὑπόδρα</span> <span class='ocrx_word' id='word_1_209' title='bbox 481 2153 589 2186; x_wconf 68' lang='grc' dir='ltr'><strong>ἰδοῦσα</strong></span> <span class='ocrx_word' id='word_1_210' title='bbox 612 2154 812 2188; x_wconf 81' lang='lat' dir='ltr'>Homerice.</span> <span class='ocrx_word' id='word_1_211' title='bbox 867 2155 899 2188; x_wconf 89' lang='lat' dir='ltr'>A</span> 
     </span>
     <span class='ocr_line' id='line_1_39' title="bbox 190 2204 900 2247; baseline 0.001 -10"><span class='ocrx_word' id='word_1_212' title='bbox 190 2205 345 2238; x_wconf 74' lang='lat' dir='ltr'>Luciam&gt;</span> <span class='ocrx_word' id='word_1_213' title='bbox 356 2205 391 2236; x_wconf 93' lang='lat' dir='ltr'>in</span> <span class='ocrx_word' id='word_1_214' title='bbox 405 2205 593 2237; x_wconf 84' lang='lat' dir='ltr'>Calumniae</span> <span class='ocrx_word' id='word_1_215' title='bbox 601 2206 688 2238; x_wconf 86' lang='lat' dir='ltr'>Tab.</span> <span class='ocrx_word' id='word_1_216' title='bbox 700 2204 813 2238; x_wconf 69' lang='grc' dir='ltr'><strong><em>Φθόνος</em></strong></span> <span class='ocrx_word' id='word_1_217' title='bbox 826 2206 900 2247; x_wconf 89' lang='lat' dir='ltr'>pin-</span> 
     </span>
     <span class='ocr_line' id='line_1_40' title="bbox 191 2254 898 2299; baseline 0.004 -12"><span class='ocrx_word' id='word_1_218' title='bbox 191 2255 285 2298; x_wconf 81' lang='lat' dir='ltr'>gitur</span> <span class='ocrx_word' id='word_1_219' title='bbox 304 2254 405 2298; x_wconf 68' lang='grc' dir='ltr'><strong><em>ὢχρδς</em></strong></span> <span class='ocrx_word' id='word_1_220' title='bbox 428 2256 480 2288; x_wconf 74' lang='grc' dir='ltr'>καὶ</span> <span class='ocrx_word' id='word_1_221' title='bbox 505 2255 653 2298; x_wconf 72' lang='grc' dir='ltr'><strong><em>ἄμορφος,</em></strong></span> <span class='ocrx_word' id='word_1_222' title='bbox 668 2256 721 2297; x_wconf 79' lang='grc' dir='ltr'>ὀξὺ</span> <span class='ocrx_word' id='word_1_223' title='bbox 735 2258 898 2299; x_wconf 78' lang='grc' dir='ltr'><strong><em>δεδορκὼς,</em></strong></span> 
     </span>
     <span class='ocr_line' id='line_1_41' title="bbox 189 2306 900 2350; baseline 0.001 -11"><span class='ocrx_word' id='word_1_224' title='bbox 189 2306 242 2339; x_wconf 69' lang='grc' dir='ltr'>καὶ</span> <span class='ocrx_word' id='word_1_225' title='bbox 265 2306 460 2342; x_wconf 55' lang='lat' dir='ltr'>eoc&#39;aeaeuroir.</span> <span class='ocrx_word' id='word_1_226' title='bbox 470 2307 507 2339; x_wconf 73' lang='grc' dir='ltr'>ἐκ</span> <span class='ocrx_word' id='word_1_227' title='bbox 531 2306 624 2339; x_wconf 80' lang='grc' dir='ltr'><strong><em>νόσου</em></strong></span> <span class='ocrx_word' id='word_1_228' title='bbox 647 2309 765 2350; x_wconf 74' lang='grc' dir='ltr'>μακρᾶς</span> <span class='ocrx_word' id='word_1_229' title='bbox 787 2318 900 2340; x_wconf 73' lang='lat' dir='ltr'>icareo-</span> 
     </span>
     <span class='ocr_line' id='line_1_42' title="bbox 191 2356 486 2397; baseline 0.003 -7"><span class='ocrx_word' id='word_1_230' title='bbox 191 2356 337 2397; x_wconf 73' lang='grc' dir='ltr'>κληκόσι.</span> <span class='ocrx_word' id='word_1_231' title='bbox 359 2359 486 2391; x_wconf 71' lang='lat' dir='ltr'>Mareu.</span> 
     </span>
    </p>

    <p class='ocr_par' dir='ltr' id='par_1_8' title="bbox 189 2408 900 2602">
     <span class='ocr_line' id='line_1_43' title="bbox 234 2408 900 2452; baseline 0 -11"><span class='ocrx_word' id='word_1_232' title='bbox 234 2411 296 2442; x_wconf 75' lang='grc'>141</span> <span class='ocrx_word' id='word_1_233' title='bbox 319 2408 416 2442; x_wconf 75' lang='lat' dir='ltr'>Soeoa</span> <span class='ocrx_word' id='word_1_234' title='bbox 429 2408 560 2450; x_wconf 76' lang='lat' dir='ltr'>dextra]</span> <span class='ocrx_word' id='word_1_235' title='bbox 578 2409 740 2449; x_wconf 82' lang='lat' dir='ltr'>Funesta,</span> <span class='ocrx_word' id='word_1_236' title='bbox 755 2412 900 2452; x_wconf 75' lang='grc' dir='ltr'><strong><em>φθονερᾷ,</em></strong></span> 
     </span>
     <span class='ocr_line' id='line_1_44' title="bbox 189 2458 898 2503; baseline 0.001 -11"><span class='ocrx_word' id='word_1_237' title='bbox 189 2458 294 2502; x_wconf 72' lang='grc' dir='ltr'><strong>φοιίᾳ·</strong></span> <span class='ocrx_word' id='word_1_238' title='bbox 309 2460 393 2503; x_wconf 82' lang='lat' dir='ltr'>quia</span> <span class='ocrx_word' id='word_1_239' title='bbox 405 2458 518 2501; x_wconf 75' lang='grc' dir='ltr'><strong><em>φθόνος</em></strong></span> <span class='ocrx_word' id='word_1_240' title='bbox 530 2459 626 2501; x_wconf 80' lang='grc' dir='ltr'><strong><em>φόνον</em></strong></span> <span class='ocrx_word' id='word_1_241' title='bbox 647 2460 772 2501; x_wconf 86' lang='lat' dir='ltr'>gignit.</span> <span class='ocrx_word' id='word_1_242' title='bbox 817 2462 898 2493; x_wconf 90' lang='lat' dir='ltr'>Per·</span> 
     </span>
     <span class='ocr_line' id='line_1_45' title="bbox 190 2510 899 2553; baseline -0.001 -9"><span class='ocrx_word' id='word_1_243' title='bbox 190 2511 298 2544; x_wconf 66' lang='lat' dir='ltr'>ine-bet</span> <span class='ocrx_word' id='word_1_244' title='bbox 317 2510 454 2552; x_wconf 74' lang='lat' dir='ltr'>gaudia]</span> <span class='ocrx_word' id='word_1_245' title='bbox 480 2511 619 2553; x_wconf 79' lang='lat' dir='ltr'>Quippe</span> <span class='ocrx_word' id='word_1_246' title='bbox 645 2512 745 2552; x_wconf 74' lang='lat' dir='ltr'>cnjus</span> <span class='ocrx_word' id='word_1_247' title='bbox 765 2512 899 2544; x_wconf 84' lang='lat' dir='ltr'>‘livent</span> 
     </span>
     <span class='ocr_line' id='line_1_46' title="bbox 192 2561 718 2602; baseline -0.002 -8"><span class='ocrx_word' id='word_1_248' title='bbox 192 2561 350 2602; x_wconf 74' lang='lat' dir='ltr'>rubigine</span> <span class='ocrx_word' id='word_1_249' title='bbox 366 2561 513 2600; x_wconf 83' lang='lat' dir='ltr'>dentes,&#39;</span> <span class='ocrx_word' id='word_1_250' title='bbox 528 2563 595 2594; x_wconf 71' lang='grc' dir='ltr'>διο.</span> <span class='ocrx_word' id='word_1_251' title='bbox 618 2561 718 2593; x_wconf 80' lang='lat' dir='ltr'>Idem.</span> 
     </span>
    </p>

    <p class='ocr_par' dir='ltr' id='par_1_9' title="bbox 191 2613 900 2859">
     <span class='ocr_line' id='line_1_47' title="bbox 234 2613 899 2655; baseline 0.003 -11"><span class='ocrx_word' id='word_1_252' title='bbox 234 2614 298 2645; x_wconf 73' lang='lat'>1⁶⁸</span> <span class='ocrx_word' id='word_1_253' title='bbox 315 2613 358 2644; x_wconf 76' lang='lat' dir='ltr'>Et</span> <span class='ocrx_word' id='word_1_254' title='bbox 370 2615 494 2654; x_wconf 77' lang='lat' dir='ltr'>pectore</span> <span class='ocrx_word' id='word_1_255' title='bbox 508 2616 611 2653; x_wconf 79' lang='lat' dir='ltr'>terget</span> <span class='ocrx_word' id='word_1_256' title='bbox 627 2613 771 2655; x_wconf 78' lang='lat' dir='ltr'>Limina]</span> <span class='ocrx_word' id='word_1_257' title='bbox 785 2614 899 2646; x_wconf 89' lang='lat' dir='ltr'>Inter-</span> 
     </span>
     <span class='ocr_line' id='line_1_48' title="bbox 191 2663 898 2705; baseline 0.004 -10"><span class='ocrx_word' id='word_1_258' title='bbox 191 2666 354 2705; x_wconf 76' lang='lat' dir='ltr'>pretatur</span> <span class='ocrx_word' id='word_1_259' title='bbox 378 2663 454 2696; x_wconf 86' lang='lat' dir='ltr'>haec</span> <span class='ocrx_word' id='word_1_260' title='bbox 474 2663 525 2695; x_wconf 86' lang='lat' dir='ltr'>vir</span> <span class='ocrx_word' id='word_1_261' title='bbox 546 2663 667 2696; x_wconf 85' lang='lat' dir='ltr'>doetus</span> <span class='ocrx_word' id='word_1_262' title='bbox 682 2664 726 2696; x_wconf 91' lang='lat' dir='ltr'>ad</span> <span class='ocrx_word' id='word_1_263' title='bbox 742 2666 898 2699; x_wconf 87' lang='lat' dir='ltr'>Martial.</span> 
     </span>
     <span class='ocr_line' id='line_1_49' title="bbox 193 2713 899 2758; baseline 0.004 -12"><span class='ocrx_word' id='word_1_264' title='bbox 193 2713 239 2746; x_wconf 85' lang='lat' dir='ltr'>de</span> <span class='ocrx_word' id='word_1_265' title='bbox 250 2714 351 2752; x_wconf 81' lang='lat' dir='ltr'>votis,</span> <span class='ocrx_word' id='word_1_266' title='bbox 367 2724 445 2757; x_wconf 74' lang='lat' dir='ltr'><strong>quoe</strong></span> <span class='ocrx_word' id='word_1_267' title='bbox 460 2714 494 2746; x_wconf 91' lang='lat' dir='ltr'>in</span> <span class='ocrx_word' id='word_1_268' title='bbox 511 2716 718 2756; x_wconf 84' lang='lat' dir='ltr'>templorum</span> <span class='ocrx_word' id='word_1_269' title='bbox 744 2717 899 2758; x_wconf 82' lang='lat' dir='ltr'>postibus</span> 
     </span>
     <span class='ocr_line' id='line_1_50' title="bbox 193 2764 900 2808; baseline 0.006 -12"><span class='ocrx_word' id='word_1_270' title='bbox 193 2764 462 2808; x_wconf 66' lang='lat' dir='ltr'>assignarentur.</span> <span class='ocrx_word' id='word_1_271' title='bbox 506 2764 574 2797; x_wconf 89' lang='lat' dir='ltr'>Sed</span> <span class='ocrx_word' id='word_1_272' title='bbox 592 2766 748 2807; x_wconf 75' lang='lat' dir='ltr'>exegesis</span> <span class='ocrx_word' id='word_1_273' title='bbox 773 2772 839 2807; x_wconf 89' lang='lat' dir='ltr'>est,</span> <span class='ocrx_word' id='word_1_274' title='bbox 863 2771 900 2800; x_wconf 90' lang='lat' dir='ltr'>et</span> 
     </span>
     <span class='ocr_line' id='line_1_51' title="bbox 191 2815 900 2859; baseline 0.003 -11"><span class='ocrx_word' id='word_1_275' title='bbox 191 2825 295 2848; x_wconf 81' lang='lat' dir='ltr'>nnnm</span> <span class='ocrx_word' id='word_1_276' title='bbox 310 2815 432 2850; x_wconf 84' lang='lat' dir='ltr'>dicunt</span> <span class='ocrx_word' id='word_1_277' title='bbox 446 2815 521 2848; x_wconf 80' lang='lat' dir='ltr'>liaee</span> <span class='ocrx_word' id='word_1_278' title='bbox 536 2815 604 2849; x_wconf 91' lang='lat' dir='ltr'>duo</span> <span class='ocrx_word' id='word_1_279' title='bbox 627 2817 637 2835; x_wconf 89' lang='lat'>·&#39;</span> <span class='ocrx_word' id='word_1_280' title='bbox 648 2817 782 2859; x_wconf 85' lang='lat' dir='ltr'>signare</span> <span class='ocrx_word' id='word_1_281' title='bbox 795 2816 900 2850; x_wconf 87' lang='lat' dir='ltr'>fores’</span> 
     </span>
    </p>
   </div>
   <div class='ocr_carea' id='block_1_5' title="bbox 1542 230 1654 274">
    <p class='ocr_par' dir='ltr' id='par_1_10' title="bbox 1542 230 1654 274">
     <span class='ocr_line' id='line_1_52' title="bbox 1542 230 1654 274; baseline 0.018 -2"><span class='ocrx_word' id='word_1_282' title='bbox 1542 230 1654 274; x_wconf 83' lang='lat'>1749</span> 
     </span>
    </p>
   </div>
   <div class='ocr_carea' id='block_1_6' title="bbox 946 333 1659 1529">
    <p class='ocr_par' dir='ltr' id='par_1_11' title="bbox 947 333 1655 468">
     <span class='ocr_line' id='line_1_53' title="bbox 947 333 1655 375; baseline 0.003 -10"><span class='ocrx_word' id='word_1_283' title='bbox 947 337 984 366; x_wconf 91' lang='lat' dir='ltr'>et</span> <span class='ocrx_word' id='word_1_284' title='bbox 1001 333 1141 366; x_wconf 88' lang='lat' dir='ltr'>‘limina</span> <span class='ocrx_word' id='word_1_285' title='bbox 1156 334 1317 375; x_wconf 62' lang='lat' dir='ltr'>tergere!</span> <span class='ocrx_word' id='word_1_286' title='bbox 1343 334 1453 367; x_wconf 80' lang='lat' dir='ltr'>Theb.</span> <span class='ocrx_word' id='word_1_287' title='bbox 1470 343 1523 367; x_wconf 76' lang='lat' dir='ltr'>tx.</span> <span class='ocrx_word' id='word_1_288' title='bbox 1548 334 1558 353; x_wconf 83' lang='lat'>‘</span> <span class='ocrx_word' id='word_1_289' title='bbox 1575 335 1655 367; x_wconf 85' lang='lat' dir='ltr'>Pic-</span> 
     </span>
     <span class='ocr_line' id='line_1_54' title="bbox 947 383 1655 426; baseline 0.001 -10"><span class='ocrx_word' id='word_1_290' title='bbox 947 388 1068 426; x_wconf 82' lang='lat' dir='ltr'>tasque</span> <span class='ocrx_word' id='word_1_291' title='bbox 1084 383 1176 416; x_wconf 86' lang='lat' dir='ltr'>fores</span> <span class='ocrx_word' id='word_1_292' title='bbox 1192 390 1226 417; x_wconf 92' lang='lat' dir='ltr'>et</span> <span class='ocrx_word' id='word_1_293' title='bbox 1242 383 1368 426; x_wconf 83' lang='lat' dir='ltr'>frigida</span> <span class='ocrx_word' id='word_1_294' title='bbox 1385 386 1481 417; x_wconf 78' lang='lat' dir='ltr'>vultu</span> <span class='ocrx_word' id='word_1_295' title='bbox 1496 384 1589 417; x_wconf 79' lang='lat' dir='ltr'>Saxa</span> <span class='ocrx_word' id='word_1_296' title='bbox 1603 389 1655 417; x_wconf 88' lang='lat' dir='ltr'>te-</span> 
     </span>
     <span class='ocr_line' id='line_1_55' title="bbox 947 434 1428 468; baseline 0.002 -2"><span class='ocrx_word' id='word_1_297' title='bbox 947 434 1050 467; x_wconf 86' lang='lat' dir='ltr'>runt.&#39;</span> <span class='ocrx_word' id='word_1_298' title='bbox 1077 435 1254 467; x_wconf 76' lang='lat' dir='ltr'>Gronovius</span> <span class='ocrx_word' id='word_1_299' title='bbox 1266 435 1301 467; x_wconf 80' lang='lat' dir='ltr'>in</span> <span class='ocrx_word' id='word_1_300' title='bbox 1316 436 1428 468; x_wconf 82' lang='lat' dir='ltr'>Diatr.</span> 
     </span>
    </p>

    <p class='ocr_par' dir='ltr' id='par_1_12' title="bbox 946 485 1655 730">
     <span class='ocr_line' id='line_1_56' title="bbox 991 485 1655 528; baseline 0 -12"><span class='ocrx_word' id='word_1_301' title='bbox 991 487 1053 517; x_wconf 88' lang='grc'>168</span> <span class='ocrx_word' id='word_1_302' title='bbox 1078 485 1194 518; x_wconf 72' lang='lat' dir='ltr'><strong>Clausa</strong></span> <span class='ocrx_word' id='word_1_303' title='bbox 1216 486 1378 528; x_wconf 73' lang='lat' dir='ltr'>barathro]</span> <span class='ocrx_word' id='word_1_304' title='bbox 1401 486 1471 519; x_wconf 88' lang='lat' dir='ltr'>Ubi</span> <span class='ocrx_word' id='word_1_305' title='bbox 1488 485 1580 518; x_wconf 87' lang='lat' dir='ltr'>istud</span> <span class='ocrx_word' id='word_1_306' title='bbox 1594 487 1655 522; x_wconf 84' lang='grc' dir='ltr'>βα-</span> 
     </span>
     <span class='ocr_line' id='line_1_57' title="bbox 946 533 1654 578; baseline 0.001 -12"><span class='ocrx_word' id='word_1_307' title='bbox 946 533 1078 577; x_wconf 70' lang='grc' dir='ltr'><strong><em>ράθρονὲ</em></strong></span> <span class='ocrx_word' id='word_1_308' title='bbox 1099 545 1141 567; x_wconf 82' lang='lat' dir='ltr'>an</span> <span class='ocrx_word' id='word_1_309' title='bbox 1151 537 1255 577; x_wconf 86' lang='lat' dir='ltr'>juxta</span> <span class='ocrx_word' id='word_1_310' title='bbox 1272 536 1497 578; x_wconf 87' lang='lat' dir='ltr'>tumulum‚in</span> <span class='ocrx_word' id='word_1_311' title='bbox 1517 536 1654 577; x_wconf 84' lang='lat' dir='ltr'>sangui-</span> 
     </span>
     <span class='ocr_line' id='line_1_58' title="bbox 947 586 1655 619; baseline 0.003 -3"><span class='ocrx_word' id='word_1_312' title='bbox 947 594 1013 616; x_wconf 89' lang='lat' dir='ltr'>neo</span> <span class='ocrx_word' id='word_1_313' title='bbox 1035 586 1146 618; x_wconf 86' lang='lat' dir='ltr'>cavo?</span> <span class='ocrx_word' id='word_1_314' title='bbox 1170 586 1219 618; x_wconf 90' lang='lat' dir='ltr'>ibi</span> <span class='ocrx_word' id='word_1_315' title='bbox 1244 587 1332 619; x_wconf 88' lang='lat' dir='ltr'>enim</span> <span class='ocrx_word' id='word_1_316' title='bbox 1359 587 1531 619; x_wconf 83' lang='lat' dir='ltr'>Hercules</span> <span class='ocrx_word' id='word_1_317' title='bbox 1554 587 1655 618; x_wconf 86' lang='lat' dir='ltr'>Euri-</span> 
     </span>
     <span class='ocr_line' id='line_1_59' title="bbox 947 635 1655 678; baseline 0.006 -12"><span class='ocrx_word' id='word_1_318' title='bbox 947 635 1038 676; x_wconf 87' lang='lat' dir='ltr'>pidis</span> <span class='ocrx_word' id='word_1_319' title='bbox 1061 641 1207 668; x_wconf 88' lang='lat' dir='ltr'>mortem</span> <span class='ocrx_word' id='word_1_320' title='bbox 1231 637 1395 678; x_wconf 85' lang='lat' dir='ltr'>excipere</span> <span class='ocrx_word' id='word_1_321' title='bbox 1422 638 1554 670; x_wconf 77' lang='lat' dir='ltr'>insidiis</span> <span class='ocrx_word' id='word_1_322' title='bbox 1580 642 1655 670; x_wconf 84' lang='lat' dir='ltr'>ten·</span> 
     </span>
     <span class='ocr_line' id='line_1_60' title="bbox 948 686 1570 730; baseline 0.005 -13"><span class='ocrx_word' id='word_1_323' title='bbox 948 690 1022 726; x_wconf 82' lang='lat' dir='ltr'>tat3</span> <span class='ocrx_word' id='word_1_324' title='bbox 1045 691 1085 719; x_wconf 93' lang='lat' dir='ltr'>ut</span> <span class='ocrx_word' id='word_1_325' title='bbox 1101 686 1257 720; x_wconf 79' lang='lat' dir='ltr'>Alcestin</span> <span class='ocrx_word' id='word_1_326' title='bbox 1278 689 1415 730; x_wconf 89' lang='lat' dir='ltr'>eripiat.</span> <span class='ocrx_word' id='word_1_327' title='bbox 1442 689 1570 721; x_wconf 73' lang='grc' dir='ltr'><em>Μαι-εΗ.</em></span> 
     </span>
    </p>

    <p class='ocr_par' dir='ltr' id='par_1_13' title="bbox 947 737 1656 1124">
     <span class='ocr_line' id='line_1_61' title="bbox 991 737 1656 781; baseline 0.005 -13"><span class='ocrx_word' id='word_1_328' title='bbox 991 739 1054 769; x_wconf 88' lang='grc'>170</span> <span class='ocrx_word' id='word_1_329' title='bbox 1077 737 1276 770; x_wconf 62' lang='lat' dir='ltr'>Nouissimas</span> <span class='ocrx_word' id='word_1_330' title='bbox 1291 739 1417 781; x_wconf 72' lang='lat' dir='ltr'>horror]</span> <span class='ocrx_word' id='word_1_331' title='bbox 1434 740 1503 772; x_wconf 84' lang='lat' dir='ltr'>Ms.</span> <span class='ocrx_word' id='word_1_332' title='bbox 1525 739 1656 771; x_wconf 89' lang='lat' dir='ltr'>Senen-</span> 
     </span>
     <span class='ocr_line' id='line_1_62' title="bbox 948 787 1656 831; baseline 0.004 -13"><span class='ocrx_word' id='word_1_333' title='bbox 948 787 994 818; x_wconf 90' lang='lat' dir='ltr'>sis</span> <span class='ocrx_word' id='word_1_334' title='bbox 1028 797 1117 819; x_wconf 87' lang='lat' dir='ltr'>error</span> <span class='ocrx_word' id='word_1_335' title='bbox 1150 788 1267 827; x_wconf 87' lang='lat' dir='ltr'>habet,</span> <span class='ocrx_word' id='word_1_336' title='bbox 1297 788 1399 831; x_wconf 90' lang='lat' dir='ltr'>idque</span> <span class='ocrx_word' id='word_1_337' title='bbox 1423 799 1500 821; x_wconf 87' lang='lat' dir='ltr'>cum</span> <span class='ocrx_word' id='word_1_338' title='bbox 1520 789 1656 831; x_wconf 85' lang='lat' dir='ltr'>judicio</span> 
     </span>
     <span class='ocr_line' id='line_1_63' title="bbox 947 837 1656 880; baseline 0.003 -12"><span class='ocrx_word' id='word_1_339' title='bbox 947 837 1129 878; x_wconf 85' lang='lat' dir='ltr'>probatum</span> <span class='ocrx_word' id='word_1_340' title='bbox 1148 838 1213 871; x_wconf 89' lang='lat' dir='ltr'>Eu.</span> <span class='ocrx_word' id='word_1_341' title='bbox 1237 839 1397 880; x_wconf 80' lang='lat' dir='ltr'>Swartio,</span> <span class='ocrx_word' id='word_1_342' title='bbox 1415 838 1553 871; x_wconf 88' lang='lat' dir='ltr'>erudito</span> <span class='ocrx_word' id='word_1_343' title='bbox 1571 839 1656 879; x_wconf 85' lang='lat' dir='ltr'>viro,</span> 
     </span>
     <span class='ocr_line' id='line_1_64' title="bbox 947 887 1655 931; baseline 0.004 -12"><span class='ocrx_word' id='word_1_344' title='bbox 947 889 981 920; x_wconf 95' lang='lat' dir='ltr'>in</span> <span class='ocrx_word' id='word_1_345' title='bbox 999 887 1189 921; x_wconf 88' lang='lat' dir='ltr'>Analectis.</span> <span class='ocrx_word' id='word_1_346' title='bbox 1224 890 1323 931; x_wconf 82' lang='lat' dir='ltr'>virg.</span> <span class='ocrx_word' id='word_1_347' title='bbox 1350 889 1394 921; x_wconf 92' lang='lat' dir='ltr'>de</span> <span class='ocrx_word' id='word_1_348' title='bbox 1414 890 1532 922; x_wconf 83' lang='lat' dir='ltr'>Dido:</span> <span class='ocrx_word' id='word_1_349' title='bbox 1555 889 1655 922; x_wconf 86' lang='lat' dir='ltr'>‘oeu-</span> 
     </span>
     <span class='ocr_line' id='line_1_65' title="bbox 947 939 1656 981; baseline 0.001 -10"><span class='ocrx_word' id='word_1_350' title='bbox 947 939 1055 981; x_wconf 88' lang='lat' dir='ltr'>lisque</span> <span class='ocrx_word' id='word_1_351' title='bbox 1082 940 1278 972; x_wconf 86' lang='lat' dir='ltr'>errantibus</span> <span class='ocrx_word' id='word_1_352' title='bbox 1290 941 1365 980; x_wconf 56' lang='lat' dir='ltr'>,alto</span> <span class='ocrx_word' id='word_1_353' title='bbox 1382 940 1554 974; x_wconf 81' lang='lat' dir='ltr'>Quaesivit</span> <span class='ocrx_word' id='word_1_354' title='bbox 1568 941 1656 972; x_wconf 86' lang='lat' dir='ltr'>coelo</span> 
     </span>
     <span class='ocr_line' id='line_1_66' title="bbox 947 989 1656 1023; baseline 0.001 -2"><span class='ocrx_word' id='word_1_355' title='bbox 947 989 1085 1023; x_wconf 87' lang='lat' dir='ltr'>lucem.&#39;</span> <span class='ocrx_word' id='word_1_356' title='bbox 1107 990 1199 1022; x_wconf 85' lang='lat' dir='ltr'>Stat.</span> <span class='ocrx_word' id='word_1_357' title='bbox 1213 991 1290 1022; x_wconf 85' lang='lat' dir='ltr'>‘ille</span> <span class='ocrx_word' id='word_1_358' title='bbox 1306 991 1414 1023; x_wconf 87' lang='lat' dir='ltr'>oculis</span> <span class='ocrx_word' id='word_1_359' title='bbox 1428 994 1586 1023; x_wconf 84' lang='lat' dir='ltr'>extremo</span> <span class='ocrx_word' id='word_1_360' title='bbox 1603 1000 1656 1022; x_wconf 91' lang='lat' dir='ltr'>er-</span> 
     </span>
     <span class='ocr_line' id='line_1_67' title="bbox 948 1041 1655 1074; baseline 0.001 -2"><span class='ocrx_word' id='word_1_361' title='bbox 948 1050 1026 1072; x_wconf 84' lang='lat' dir='ltr'>rore</span> <span class='ocrx_word' id='word_1_362' title='bbox 1042 1041 1162 1073; x_wconf 84' lang='lat' dir='ltr'>solutis</span> <span class='ocrx_word' id='word_1_363' title='bbox 1181 1041 1349 1074; x_wconf 68' lang='lat' dir='ltr'>Labitur!</span> <span class='ocrx_word' id='word_1_364' title='bbox 1394 1042 1484 1074; x_wconf 86' lang='lat' dir='ltr'>Vide</span> <span class='ocrx_word' id='word_1_365' title='bbox 1501 1041 1655 1074; x_wconf 83' lang='lat' dir='ltr'>Gronov.</span> 
     </span>
     <span class='ocr_line' id='line_1_68' title="bbox 947 1092 1181 1124; baseline 0 -1"><span class='ocrx_word' id='word_1_366' title='bbox 947 1092 1063 1124; x_wconf 86' lang='lat' dir='ltr'>Diatr.</span> <span class='ocrx_word' id='word_1_367' title='bbox 1081 1101 1111 1123; x_wconf 92' lang='lat' dir='ltr'>c.</span> <span class='ocrx_word' id='word_1_368' title='bbox 1127 1094 1181 1124; x_wconf 83' lang='grc'>47.</span> 
     </span>
    </p>

    <p class='ocr_par' dir='ltr' id='par_1_14' title="bbox 947 1140 1659 1529">
     <span class='ocr_line' id='line_1_69' title="bbox 992 1140 1657 1183; baseline -0.002 -9"><span class='ocrx_word' id='word_1_369' title='bbox 992 1144 1055 1174; x_wconf 87' lang='grc'>174</span> <span class='ocrx_word' id='word_1_370' title='bbox 1085 1141 1235 1174; x_wconf 64' lang='lat' dir='ltr'>Immotos</span> <span class='ocrx_word' id='word_1_371' title='bbox 1248 1142 1374 1175; x_wconf 71' lang='lat' dir='ltr'>obversa</span> <span class='ocrx_word' id='word_1_372' title='bbox 1387 1140 1502 1183; x_wconf 64' lang='lat' dir='ltr'>genas]</span> <span class='ocrx_word' id='word_1_373' title='bbox 1522 1140 1657 1183; x_wconf 82' lang='lat' dir='ltr'>Rigidis</span> 
     </span>
     <span class='ocr_line' id='line_1_70' title="bbox 948 1191 1656 1233; baseline -0.003 -9"><span class='ocrx_word' id='word_1_374' title='bbox 948 1192 1055 1233; x_wconf 77' lang='lat' dir='ltr'>genis,</span> <span class='ocrx_word' id='word_1_375' title='bbox 1071 1197 1109 1224; x_wconf 88' lang='lat' dir='ltr'>et</span> <span class='ocrx_word' id='word_1_376' title='bbox 1120 1192 1277 1233; x_wconf 86' lang='lat' dir='ltr'>pendulis</span> <span class='ocrx_word' id='word_1_377' title='bbox 1293 1193 1402 1225; x_wconf 88' lang='lat' dir='ltr'>malis.</span> <span class='ocrx_word' id='word_1_378' title='bbox 1416 1193 1512 1225; x_wconf 82' lang='lat' dir='ltr'>Pers.</span> <span class='ocrx_word' id='word_1_379' title='bbox 1527 1191 1656 1223; x_wconf 83' lang='lat' dir='ltr'>‘dissu-</span> 
     </span>
     <span class='ocr_line' id='line_1_71' title="bbox 949 1242 1658 1285; baseline 0 -11"><span class='ocrx_word' id='word_1_380' title='bbox 949 1243 993 1274; x_wconf 84' lang='lat' dir='ltr'>tis</span> <span class='ocrx_word' id='word_1_381' title='bbox 1017 1243 1168 1285; x_wconf 87' lang='lat' dir='ltr'>undique</span> <span class='ocrx_word' id='word_1_382' title='bbox 1193 1244 1316 1275; x_wconf 64' lang='lat' dir='ltr'>malis!</span> <span class='ocrx_word' id='word_1_383' title='bbox 1348 1243 1506 1276; x_wconf 75' lang='lat' dir='ltr'>Tibullus</span> <span class='ocrx_word' id='word_1_384' title='bbox 1529 1242 1658 1283; x_wconf 80' lang='lat' dir='ltr'>‘genas</span> 
     </span>
     <span class='ocr_line' id='line_1_72' title="bbox 949 1293 1659 1335; baseline -0.003 -9"><span class='ocrx_word' id='word_1_385' title='bbox 949 1293 1121 1335; x_wconf 84' lang='lat' dir='ltr'>percisas&#39;</span> <span class='ocrx_word' id='word_1_386' title='bbox 1134 1293 1256 1326; x_wconf 80' lang='lat' dir='ltr'>tribuit</span> <span class='ocrx_word' id='word_1_387' title='bbox 1268 1294 1441 1325; x_wconf 80' lang='lat' dir='ltr'>Manibus.</span> <span class='ocrx_word' id='word_1_388' title='bbox 1464 1293 1563 1325; x_wconf 88' lang='lat' dir='ltr'>Idem</span> <span class='ocrx_word' id='word_1_389' title='bbox 1572 1293 1659 1334; x_wconf 87' lang='lat' dir='ltr'>Hip-</span> 
     </span>
     <span class='ocr_line' id='line_1_73' title="bbox 949 1343 1659 1386; baseline -0.004 -10"><span class='ocrx_word' id='word_1_390' title='bbox 949 1350 1082 1386; x_wconf 83' lang='lat' dir='ltr'>pocrat.</span> <span class='ocrx_word' id='word_1_391' title='bbox 1095 1343 1140 1376; x_wconf 84' lang='lat' dir='ltr'>de</span> <span class='ocrx_word' id='word_1_392' title='bbox 1155 1344 1252 1376; x_wconf 85' lang='lat' dir='ltr'>labiis</span> <span class='ocrx_word' id='word_1_393' title='bbox 1269 1344 1401 1383; x_wconf 81' lang='lat' dir='ltr'>solutis,</span> <span class='ocrx_word' id='word_1_394' title='bbox 1415 1343 1659 1384; x_wconf 83' lang='lat' dir='ltr'>pendentibus,</span> 
     </span>
     <span class='ocr_line' id='line_1_74' title="bbox 950 1391 1658 1436; baseline -0.006 -10"><span class='ocrx_word' id='word_1_395' title='bbox 950 1393 1092 1436; x_wconf 81' lang='lat' dir='ltr'>rigidis:</span> <span class='ocrx_word' id='word_1_396' title='bbox 1115 1395 1296 1427; x_wconf 78' lang='grc' dir='ltr'><strong><em>Θανατῶδες</em></strong></span> <span class='ocrx_word' id='word_1_397' title='bbox 1315 1392 1348 1425; x_wconf 80' lang='grc' dir='ltr'>δὲ</span> <span class='ocrx_word' id='word_1_398' title='bbox 1368 1392 1422 1425; x_wconf 80' lang='grc' dir='ltr'>καὶ</span> <span class='ocrx_word' id='word_1_399' title='bbox 1442 1391 1557 1434; x_wconf 75' lang='grc' dir='ltr'>χείλεα</span> <span class='ocrx_word' id='word_1_400' title='bbox 1581 1391 1658 1423; x_wconf 77' lang='grc' dir='ltr'><strong>ἀπο-</strong></span> 
     </span>
     <span class='ocr_line' id='line_1_75' title="bbox 947 1442 1659 1488; baseline -0.004 -10"><span class='ocrx_word' id='word_1_401' title='bbox 947 1444 1094 1487; x_wconf 77' lang='grc' dir='ltr'>λυόμενα,</span> <span class='ocrx_word' id='word_1_402' title='bbox 1107 1444 1160 1478; x_wconf 80' lang='grc' dir='ltr'>καὶ</span> <span class='ocrx_word' id='word_1_403' title='bbox 1182 1445 1366 1488; x_wconf 77' lang='grc' dir='ltr'><strong><em>κρεμάμενα,</em></strong></span> <span class='ocrx_word' id='word_1_404' title='bbox 1389 1444 1442 1478; x_wconf 74' lang='grc' dir='ltr'>καὶ</span> <span class='ocrx_word' id='word_1_405' title='bbox 1466 1443 1582 1487; x_wconf 78' lang='grc' dir='ltr'><strong><em>ψυχρὰ,</em></strong></span> <span class='ocrx_word' id='word_1_406' title='bbox 1607 1442 1659 1475; x_wconf 71' lang='grc' dir='ltr'>καὶ</span> 
     </span>
     <span class='ocr_line' id='line_1_76' title="bbox 949 1495 1246 1529; baseline 0.003 -1"><span class='ocrx_word' id='word_1_407' title='bbox 949 1495 1092 1528; x_wconf 77' lang='grc' dir='ltr'>ἔκλευκα.</span> <span class='ocrx_word' id='word_1_408' title='bbox 1118 1497 1246 1529; x_wconf 83' lang='lat' dir='ltr'>Morell.</span> 
     </span>
    </p>
   </div>
   <div class='ocr_carea' id='block_1_7' title="bbox 994 1546 1718 1590">
    <p class='ocr_par' dir='ltr' id='par_1_15' title="bbox 994 1546 1718 1590">
     <span class='ocr_line' id='line_1_77' title="bbox 994 1546 1718 1590; baseline -0.006 -11"><span class='ocrx_word' id='word_1_409' title='bbox 994 1550 1054 1580; x_wconf 87' lang='lat'>181</span> <span class='ocrx_word' id='word_1_410' title='bbox 1080 1547 1175 1579; x_wconf 77' lang='lat' dir='ltr'>Salvo</span> <span class='ocrx_word' id='word_1_411' title='bbox 1199 1546 1325 1588; x_wconf 79' lang='lat' dir='ltr'>ordine]</span> <span class='ocrx_word' id='word_1_412' title='bbox 1347 1546 1490 1579; x_wconf 89' lang='lat' dir='ltr'>Scilicet</span> <span class='ocrx_word' id='word_1_413' title='bbox 1511 1548 1657 1577; x_wconf 78' lang='lat' dir='ltr'>naturae.</span> <span class='ocrx_word' id='word_1_414' title='bbox 1714 1587 1718 1590; x_wconf 29' lang='grc'><strong><em>1</em></strong></span> 
     </span>
    </p>
   </div>
   <div class='ocr_carea' id='block_1_8' title="bbox 949 1594 1662 2860">
    <p class='ocr_par' dir='ltr' id='par_1_16' title="bbox 950 1594 1659 1680">
     <span class='ocr_line' id='line_1_78' title="bbox 952 1594 1659 1634; baseline -0.003 -6"><span class='ocrx_word' id='word_1_415' title='bbox 952 1597 1043 1629; x_wconf 84' lang='lat' dir='ltr'>Nam</span> <span class='ocrx_word' id='word_1_416' title='bbox 1070 1606 1146 1629; x_wconf 89' lang='lat' dir='ltr'>cum</span> <span class='ocrx_word' id='word_1_417' title='bbox 1164 1607 1274 1629; x_wconf 83' lang='lat' dir='ltr'>essem</span> <span class='ocrx_word' id='word_1_418' title='bbox 1290 1597 1418 1634; x_wconf 86' lang='lat' dir='ltr'>senior,</span> <span class='ocrx_word' id='word_1_419' title='bbox 1441 1595 1548 1627; x_wconf 87' lang='lat' dir='ltr'>debui</span> <span class='ocrx_word' id='word_1_420' title='bbox 1571 1594 1659 1626; x_wconf 85' lang='lat' dir='ltr'>mori</span> 
     </span>
     <span class='ocr_line' id='line_1_79' title="bbox 950 1648 1243 1680; baseline 0 -1"><span class='ocrx_word' id='word_1_421' title='bbox 950 1653 1031 1680; x_wconf 86' lang='lat' dir='ltr'>ante</span> <span class='ocrx_word' id='word_1_422' title='bbox 1048 1654 1094 1680; x_wconf 85' lang='lat' dir='ltr'>te.</span> <span class='ocrx_word' id='word_1_423' title='bbox 1118 1648 1243 1680; x_wconf 79' lang='lat' dir='ltr'>Domit.</span> 
     </span>
    </p>

    <p class='ocr_par' dir='ltr' id='par_1_17' title="bbox 952 1695 1660 1883">
     <span class='ocr_line' id='line_1_80' title="bbox 997 1695 1659 1739; baseline -0.005 -8"><span class='ocrx_word' id='word_1_424' title='bbox 997 1702 1060 1731; x_wconf 85' lang='lat'>182</span> <span class='ocrx_word' id='word_1_425' title='bbox 1097 1699 1234 1730; x_wconf 76' lang='lat' dir='ltr'>Potiora</span> <span class='ocrx_word' id='word_1_426' title='bbox 1262 1700 1357 1739; x_wconf 80' lang='lat' dir='ltr'>longa</span> <span class='ocrx_word' id='word_1_427' title='bbox 1391 1695 1530 1737; x_wconf 68' lang='lat' dir='ltr'>senecta]</span> <span class='ocrx_word' id='word_1_428' title='bbox 1567 1696 1659 1729; x_wconf 83' lang='lat' dir='ltr'>Nam</span> 
     </span>
     <span class='ocr_line' id='line_1_81' title="bbox 952 1747 1659 1791; baseline -0.003 -10"><span class='ocrx_word' id='word_1_429' title='bbox 952 1749 1024 1782; x_wconf 83' lang='lat' dir='ltr'>vidi</span> <span class='ocrx_word' id='word_1_430' title='bbox 1050 1750 1150 1790; x_wconf 88' lang='lat' dir='ltr'>plura</span> <span class='ocrx_word' id='word_1_431' title='bbox 1177 1755 1214 1782; x_wconf 88' lang='lat' dir='ltr'>et</span> <span class='ocrx_word' id='word_1_432' title='bbox 1244 1749 1377 1782; x_wconf 81' lang='lat' dir='ltr'>laetiora</span> <span class='ocrx_word' id='word_1_433' title='bbox 1401 1758 1502 1791; x_wconf 88' lang='lat' dir='ltr'><strong>quam</strong></span> <span class='ocrx_word' id='word_1_434' title='bbox 1527 1747 1659 1790; x_wconf 85' lang='lat' dir='ltr'>quaevis</span> 
     </span>
     <span class='ocr_line' id='line_1_82' title="bbox 954 1800 1660 1843; baseline -0.004 -11"><span class='ocrx_word' id='word_1_435' title='bbox 954 1801 1029 1832; x_wconf 84' lang='lat' dir='ltr'>aliae</span> <span class='ocrx_word' id='word_1_436' title='bbox 1042 1810 1119 1843; x_wconf 80' lang='lat' dir='ltr'><strong>quae</strong></span> <span class='ocrx_word' id='word_1_437' title='bbox 1132 1800 1175 1832; x_wconf 90' lang='lat' dir='ltr'>ad</span> <span class='ocrx_word' id='word_1_438' title='bbox 1192 1804 1379 1832; x_wconf 86' lang='lat' dir='ltr'>extremam</span> <span class='ocrx_word' id='word_1_439' title='bbox 1391 1803 1569 1832; x_wconf 86' lang='lat' dir='ltr'>senectam</span> <span class='ocrx_word' id='word_1_440' title='bbox 1582 1807 1660 1840; x_wconf 89' lang='lat' dir='ltr'>per-</span> 
     </span>
     <span class='ocr_line' id='line_1_83' title="bbox 952 1850 1270 1883; baseline -0.003 -1"><span class='ocrx_word' id='word_1_441' title='bbox 952 1850 1140 1883; x_wconf 83' lang='lat' dir='ltr'>venissent.</span> <span class='ocrx_word' id='word_1_442' title='bbox 1168 1850 1270 1882; x_wconf 83' lang='lat' dir='ltr'>Idem.</span> 
     </span>
    </p>

    <p class='ocr_par' dir='ltr' id='par_1_18' title="bbox 949 1897 1662 2597">
     <span class='ocr_line' id='line_1_84' title="bbox 996 1897 1661 1941; baseline -0.005 -9"><span class='ocrx_word' id='word_1_443' title='bbox 996 1902 1060 1932; x_wconf 81' lang='lat'>182</span> <span class='ocrx_word' id='word_1_444' title='bbox 1087 1900 1160 1932; x_wconf 83' lang='lat' dir='ltr'>Vidi</span> <span class='ocrx_word' id='word_1_445' title='bbox 1176 1901 1258 1932; x_wconf 72' lang='lat' dir='ltr'>ultoe</span> <span class='ocrx_word' id='word_1_446' title='bbox 1278 1898 1425 1941; x_wconf 65' lang='lat' dir='ltr'>propius]</span> <span class='ocrx_word' id='word_1_447' title='bbox 1448 1897 1602 1940; x_wconf 83' lang='lat' dir='ltr'>Cognovi</span> <span class='ocrx_word' id='word_1_448' title='bbox 1626 1901 1661 1930; x_wconf 86' lang='lat' dir='ltr'>te</span> 
     </span>
     <span class='ocr_line' id='line_1_85' title="bbox 951 1949 1660 1991; baseline -0.004 -8"><span class='ocrx_word' id='word_1_449' title='bbox 951 1951 984 1983; x_wconf 89' lang='lat' dir='ltr'>iu</span> <span class='ocrx_word' id='word_1_450' title='bbox 1002 1951 1076 1982; x_wconf 85' lang='lat' dir='ltr'>dies</span> <span class='ocrx_word' id='word_1_451' title='bbox 1097 1950 1284 1991; x_wconf 85' lang='lat' dir='ltr'>gratiorem</span> <span class='ocrx_word' id='word_1_452' title='bbox 1308 1950 1567 1991; x_wconf 83' lang='lat' dir='ltr'>charioremque</span> <span class='ocrx_word' id='word_1_453' title='bbox 1590 1949 1660 1981; x_wconf 92' lang='lat' dir='ltr'>Im-</span> 
     </span>
     <span class='ocr_line' id='line_1_86' title="bbox 951 2000 1661 2044; baseline -0.006 -10"><span class='ocrx_word' id='word_1_454' title='bbox 951 2001 1103 2044; x_wconf 86' lang='lat' dir='ltr'>peratori</span> <span class='ocrx_word' id='word_1_455' title='bbox 1114 2011 1202 2041; x_wconf 87' lang='lat' dir='ltr'>esse,</span> <span class='ocrx_word' id='word_1_456' title='bbox 1212 2006 1245 2033; x_wconf 88' lang='lat' dir='ltr'>et</span> <span class='ocrx_word' id='word_1_457' title='bbox 1254 2001 1384 2042; x_wconf 84' lang='lat' dir='ltr'>majore</span> <span class='ocrx_word' id='word_1_458' title='bbox 1393 2000 1483 2042; x_wconf 84' lang='lat' dir='ltr'>apud</span> <span class='ocrx_word' id='word_1_459' title='bbox 1494 2009 1571 2031; x_wconf 90' lang='lat' dir='ltr'>eum</span> <span class='ocrx_word' id='word_1_460' title='bbox 1584 2008 1661 2040; x_wconf 88' lang='lat' dir='ltr'>gra·</span> 
     </span>
     <span class='ocr_line' id='line_1_87' title="bbox 950 2049 1661 2094; baseline -0.004 -10"><span class='ocrx_word' id='word_1_461' title='bbox 950 2053 998 2085; x_wconf 84' lang='lat' dir='ltr'>tia</span> <span class='ocrx_word' id='word_1_462' title='bbox 1013 2052 1156 2094; x_wconf 90' lang='lat' dir='ltr'>pollere.</span> <span class='ocrx_word' id='word_1_463' title='bbox 1170 2051 1253 2084; x_wconf 80' lang='lat' dir='ltr'>Altae</span> <span class='ocrx_word' id='word_1_464' title='bbox 1263 2050 1403 2091; x_wconf 71' lang='lat' dir='ltr'>dexlrae]</span> <span class='ocrx_word' id='word_1_465' title='bbox 1413 2051 1579 2093; x_wconf 84' lang='lat' dir='ltr'>Majestas</span> <span class='ocrx_word' id='word_1_466' title='bbox 1592 2049 1661 2081; x_wconf 90' lang='lat' dir='ltr'>Im-</span> 
     </span>
     <span class='ocr_line' id='line_1_88' title="bbox 951 2100 1661 2145; baseline -0.003 -11"><span class='ocrx_word' id='word_1_467' title='bbox 951 2108 1063 2144; x_wconf 87' lang='lat' dir='ltr'>perat.</span> <span class='ocrx_word' id='word_1_468' title='bbox 1075 2102 1207 2145; x_wconf 81' lang='grc' dir='ltr'>ὑψίχειρ·</span> <span class='ocrx_word' id='word_1_469' title='bbox 1219 2108 1257 2135; x_wconf 90' lang='lat' dir='ltr'>ut</span> <span class='ocrx_word' id='word_1_470' title='bbox 1276 2105 1286 2122; x_wconf 87' lang='lat'>‘</span> <span class='ocrx_word' id='word_1_471' title='bbox 1299 2103 1411 2143; x_wconf 86' lang='lat' dir='ltr'>longae</span> <span class='ocrx_word' id='word_1_472' title='bbox 1426 2100 1564 2133; x_wconf 87' lang='lat' dir='ltr'>manus&#39;</span> <span class='ocrx_word' id='word_1_473' title='bbox 1589 2101 1661 2133; x_wconf 90' lang='lat' dir='ltr'>Na·</span> 
     </span>
     <span class='ocr_line' id='line_1_89' title="bbox 950 2152 1660 2194; baseline 0 -9"><span class='ocrx_word' id='word_1_474' title='bbox 950 2153 1047 2186; x_wconf 87' lang='lat' dir='ltr'>soni:</span> <span class='ocrx_word' id='word_1_475' title='bbox 1073 2154 1084 2172; x_wconf 80' lang='lat'><strong><em>⁴</em></strong></span> <span class='ocrx_word' id='word_1_476' title='bbox 1105 2152 1156 2185; x_wconf 86' lang='lat' dir='ltr'>An</span> <span class='ocrx_word' id='word_1_477' title='bbox 1165 2153 1274 2185; x_wconf 81' lang='lat' dir='ltr'>nescis</span> <span class='ocrx_word' id='word_1_478' title='bbox 1290 2153 1409 2194; x_wconf 89' lang='lat' dir='ltr'>longas</span> <span class='ocrx_word' id='word_1_479' title='bbox 1423 2153 1576 2194; x_wconf 88' lang='lat' dir='ltr'>Regibus</span> <span class='ocrx_word' id='word_1_480' title='bbox 1585 2161 1660 2185; x_wconf 81' lang='lat' dir='ltr'>esse</span> 
     </span>
     <span class='ocr_line' id='line_1_90' title="bbox 949 2204 1660 2247; baseline -0.003 -9"><span class='ocrx_word' id='word_1_481' title='bbox 949 2216 1070 2238; x_wconf 86' lang='lat' dir='ltr'>manus</span> <span class='ocrx_word' id='word_1_482' title='bbox 1084 2205 1108 2237; x_wconf 61' lang='grc' dir='ltr'>θ’</span> <span class='ocrx_word' id='word_1_483' title='bbox 1153 2206 1230 2238; x_wconf 86' lang='lat' dir='ltr'>Hac</span> <span class='ocrx_word' id='word_1_484' title='bbox 1258 2215 1340 2237; x_wconf 87' lang='lat' dir='ltr'>vero</span> <span class='ocrx_word' id='word_1_485' title='bbox 1367 2204 1565 2247; x_wconf 78' lang='grc' dir='ltr'>χειροκρατίᾳ</span> <span class='ocrx_word' id='word_1_486' title='bbox 1591 2214 1660 2236; x_wconf 88' lang='lat' dir='ltr'>non</span> 
     </span>
     <span class='ocr_line' id='line_1_91' title="bbox 950 2256 1660 2300; baseline -0.003 -10"><span class='ocrx_word' id='word_1_487' title='bbox 950 2257 1308 2300; x_wconf 77' lang='lat' dir='ltr'>semper-significatur</span> <span class='ocrx_word' id='word_1_488' title='bbox 1318 2256 1507 2299; x_wconf 79' lang='grc' dir='ltr'><strong><em>χειροδίκης,</em></strong></span> <span class='ocrx_word' id='word_1_489' title='bbox 1519 2262 1558 2288; x_wconf 90' lang='lat' dir='ltr'>ut</span> <span class='ocrx_word' id='word_1_490' title='bbox 1567 2256 1660 2298; x_wconf 88' lang='lat' dir='ltr'>apud</span> 
     </span>
     <span class='ocr_line' id='line_1_92' title="bbox 950 2308 1661 2350; baseline -0.004 -8"><span class='ocrx_word' id='word_1_491' title='bbox 950 2309 1096 2342; x_wconf 88' lang='lat' dir='ltr'>Hesiod.</span> <span class='ocrx_word' id='word_1_492' title='bbox 1112 2315 1150 2341; x_wconf 93' lang='lat' dir='ltr'>et</span> <span class='ocrx_word' id='word_1_493' title='bbox 1166 2310 1270 2342; x_wconf 83' lang='lat' dir='ltr'>Ovid.</span> <span class='ocrx_word' id='word_1_494' title='bbox 1293 2310 1302 2326; x_wconf 92' lang='lat'>‘</span> <span class='ocrx_word' id='word_1_495' title='bbox 1315 2309 1369 2341; x_wconf 88' lang='lat' dir='ltr'>cui</span> <span class='ocrx_word' id='word_1_496' title='bbox 1386 2309 1559 2350; x_wconf 84' lang='lat' dir='ltr'>rigidojus</span> <span class='ocrx_word' id='word_1_497' title='bbox 1575 2308 1661 2340; x_wconf 88' lang='lat' dir='ltr'>dici-</span> 
     </span>
     <span class='ocr_line' id='line_1_93' title="bbox 951 2358 1660 2400; baseline -0.003 -8"><span class='ocrx_word' id='word_1_498' title='bbox 951 2365 1009 2392; x_wconf 74' lang='lat' dir='ltr'>tur</span> <span class='ocrx_word' id='word_1_499' title='bbox 1024 2358 1130 2391; x_wconf 79' lang='lat' dir='ltr'>ense.’</span> <span class='ocrx_word' id='word_1_500' title='bbox 1175 2359 1243 2391; x_wconf 86' lang='lat' dir='ltr'>Sed</span> <span class='ocrx_word' id='word_1_501' title='bbox 1260 2359 1364 2391; x_wconf 78' lang='lat' dir='ltr'>etiam</span> <span class='ocrx_word' id='word_1_502' title='bbox 1381 2358 1478 2391; x_wconf 68' lang='grc' dir='ltr'><strong><em>ἄατος</em></strong></span> <span class='ocrx_word' id='word_1_503' title='bbox 1492 2358 1544 2390; x_wconf 73' lang='grc' dir='ltr'>καὶ</span> <span class='ocrx_word' id='word_1_504' title='bbox 1558 2370 1660 2400; x_wconf 81' lang='grc' dir='ltr'>χειρο-</span> 
     </span>
     <span class='ocr_line' id='line_1_94' title="bbox 949 2409 1662 2452; baseline -0.001 -10"><span class='ocrx_word' id='word_1_505' title='bbox 949 2410 1075 2443; x_wconf 64' lang='lat' dir='ltr'>sinatus.</span> <span class='ocrx_word' id='word_1_506' title='bbox 1131 2410 1290 2442; x_wconf 76' lang='lat' dir='ltr'>Eustatli.</span> <span class='ocrx_word' id='word_1_507' title='bbox 1319 2411 1337 2441; x_wconf 81' lang='grc' dir='ltr'><em>ὁ</em></span> <span class='ocrx_word' id='word_1_508' title='bbox 1368 2409 1426 2452; x_wconf 79' lang='grc' dir='ltr'>πρὸ</span> <span class='ocrx_word' id='word_1_509' title='bbox 1455 2411 1519 2442; x_wconf 78' lang='grc' dir='ltr'>τῶν</span> <span class='ocrx_word' id='word_1_510' title='bbox 1549 2411 1662 2451; x_wconf 76' lang='grc' dir='ltr'><strong><em>χειρῶν</em></strong></span> 
     </span>
     <span class='ocr_line' id='line_1_95' title="bbox 950 2458 1661 2503; baseline -0.001 -10"><span class='ocrx_word' id='word_1_511' title='bbox 950 2460 1016 2494; x_wconf 71' lang='grc' dir='ltr'><strong><em>οἷον</em></strong></span> <span class='ocrx_word' id='word_1_512' title='bbox 1039 2458 1139 2503; x_wconf 79' lang='grc' dir='ltr'>φέρων</span> <span class='ocrx_word' id='word_1_513' title='bbox 1165 2460 1204 2492; x_wconf 75' lang='grc' dir='ltr'>τὸ</span> <span class='ocrx_word' id='word_1_514' title='bbox 1233 2460 1363 2502; x_wconf 78' lang='grc' dir='ltr'>δίκαιον,</span> <span class='ocrx_word' id='word_1_515' title='bbox 1387 2462 1398 2478; x_wconf 82' lang='lat'><em>⁴</em></span> <span class='ocrx_word' id='word_1_516' title='bbox 1414 2461 1470 2493; x_wconf 78' lang='lat' dir='ltr'>cui</span> <span class='ocrx_word' id='word_1_517' title='bbox 1486 2461 1585 2502; x_wconf 79' lang='lat' dir='ltr'>justa</span> <span class='ocrx_word' id='word_1_518' title='bbox 1602 2469 1661 2502; x_wconf 86' lang='lat' dir='ltr'>po-</span> 
     </span>
     <span class='ocr_line' id='line_1_96' title="bbox 951 2510 1660 2555; baseline -0.008 -11"><span class='ocrx_word' id='word_1_519' title='bbox 951 2517 1097 2555; x_wconf 84' lang='lat' dir='ltr'>tensque</span> <span class='ocrx_word' id='word_1_520' title='bbox 1122 2521 1240 2544; x_wconf 85' lang='lat' dir='ltr'>manus</span> <span class='ocrx_word' id='word_1_521' title='bbox 1253 2510 1276 2542; x_wconf 68' lang='grc' dir='ltr'>τ’</span> <span class='ocrx_word' id='word_1_522' title='bbox 1310 2521 1402 2549; x_wconf 88' lang='lat' dir='ltr'>mox,</span> <span class='ocrx_word' id='word_1_523' title='bbox 1430 2511 1572 2553; x_wconf 85' lang='lat' dir='ltr'>‘genius</span> <span class='ocrx_word' id='word_1_524' title='bbox 1599 2520 1660 2554; x_wconf 87' lang='lat' dir='ltr'>po.</span> 
     </span>
     <span class='ocr_line' id='line_1_97' title="bbox 951 2563 1202 2597; baseline -0.012 0"><span class='ocrx_word' id='word_1_525' title='bbox 951 2563 1050 2597; x_wconf 68' lang='lat' dir='ltr'>tens!</span> <span class='ocrx_word' id='word_1_526' title='bbox 1074 2563 1202 2595; x_wconf 74' lang='lat' dir='ltr'>Mareu.</span> 
     </span>
    </p>

    <p class='ocr_par' dir='ltr' id='par_1_19' title="bbox 950 2613 1661 2860">
     <span class='ocr_line' id='line_1_98' title="bbox 995 2613 1661 2655; baseline -0.002 -8"><span class='ocrx_word' id='word_1_527' title='bbox 995 2618 1056 2647; x_wconf 85' lang='lat'>185</span> <span class='ocrx_word' id='word_1_528' title='bbox 1083 2615 1158 2646; x_wconf 77' lang='lat' dir='ltr'>Non</span> <span class='ocrx_word' id='word_1_529' title='bbox 1178 2615 1212 2646; x_wconf 77' lang='lat' dir='ltr'>in</span> <span class='ocrx_word' id='word_1_530' title='bbox 1227 2613 1362 2654; x_wconf 79' lang='lat' dir='ltr'>tefatis,</span> <span class='ocrx_word' id='word_1_531' title='bbox 1373 2613 1446 2655; x_wconf 55' lang='grc' dir='ltr'>ἄκη]</span> <span class='ocrx_word' id='word_1_532' title='bbox 1469 2613 1576 2646; x_wconf 85' lang='lat' dir='ltr'>Nulla</span> <span class='ocrx_word' id='word_1_533' title='bbox 1587 2613 1661 2655; x_wconf 83' lang='lat' dir='ltr'>jam</span> 
     </span>
     <span class='ocr_line' id='line_1_99' title="bbox 951 2664 1661 2706; baseline -0.004 -8"><span class='ocrx_word' id='word_1_534' title='bbox 951 2666 1014 2698; x_wconf 88' lang='lat' dir='ltr'>tibi</span> <span class='ocrx_word' id='word_1_535' title='bbox 1039 2665 1127 2704; x_wconf 77' lang='lat' dir='ltr'>fata,</span> <span class='ocrx_word' id='word_1_536' title='bbox 1149 2665 1232 2697; x_wconf 89' lang='lat' dir='ltr'>nulli</span> <span class='ocrx_word' id='word_1_537' title='bbox 1257 2665 1330 2706; x_wconf 87' lang='lat' dir='ltr'>Dii,</span> <span class='ocrx_word' id='word_1_538' title='bbox 1345 2665 1440 2696; x_wconf 87' lang='lat' dir='ltr'>nulla</span> <span class='ocrx_word' id='word_1_539' title='bbox 1455 2664 1596 2696; x_wconf 88' lang='lat' dir='ltr'>nocebit</span> <span class='ocrx_word' id='word_1_540' title='bbox 1611 2664 1661 2695; x_wconf 88' lang='lat' dir='ltr'>in-</span> 
     </span>
     <span class='ocr_line' id='line_1_100' title="bbox 950 2714 1660 2757; baseline -0.004 -8"><span class='ocrx_word' id='word_1_541' title='bbox 950 2716 1258 2757; x_wconf 80' lang='lat' dir='ltr'>vidia,consumtae</span> <span class='ocrx_word' id='word_1_542' title='bbox 1269 2715 1359 2747; x_wconf 90' lang='lat' dir='ltr'>enim</span> <span class='ocrx_word' id='word_1_543' title='bbox 1375 2714 1526 2747; x_wconf 86' lang='lat' dir='ltr'>omnium</span> <span class='ocrx_word' id='word_1_544' title='bbox 1542 2724 1660 2747; x_wconf 88' lang='lat' dir='ltr'>eorum</span> 
     </span>
     <span class='ocr_line' id='line_1_101' title="bbox 950 2766 1660 2808; baseline -0.003 -10"><span class='ocrx_word' id='word_1_545' title='bbox 950 2767 1040 2799; x_wconf 85' lang='lat' dir='ltr'>vires</span> <span class='ocrx_word' id='word_1_546' title='bbox 1066 2770 1146 2798; x_wconf 87' lang='lat' dir='ltr'>suut</span> <span class='ocrx_word' id='word_1_547' title='bbox 1165 2766 1200 2798; x_wconf 90' lang='lat' dir='ltr'>in</span> <span class='ocrx_word' id='word_1_548' title='bbox 1222 2766 1287 2798; x_wconf 90' lang='lat' dir='ltr'>hac</span> <span class='ocrx_word' id='word_1_549' title='bbox 1312 2770 1411 2798; x_wconf 82' lang='lat' dir='ltr'>tanta</span> <span class='ocrx_word' id='word_1_550' title='bbox 1428 2766 1541 2808; x_wconf 86' lang='lat' dir='ltr'>plaga,</span> <span class='ocrx_word' id='word_1_551' title='bbox 1557 2775 1660 2807; x_wconf 83' lang='lat' dir='ltr'><strong>quam</strong></span> 
     </span>
     <span class='ocr_line' id='line_1_102' title="bbox 951 2816 1660 2860; baseline -0.006 -9"><span class='ocrx_word' id='word_1_552' title='bbox 951 2818 1013 2851; x_wconf 89' lang='lat' dir='ltr'>tibi</span> <span class='ocrx_word' id='word_1_553' title='bbox 1032 2827 1095 2860; x_wconf 91' lang='lat' dir='ltr'>per</span> <span class='ocrx_word' id='word_1_554' title='bbox 1118 2817 1295 2851; x_wconf 87' lang='lat' dir='ltr'>interitum</span> <span class='ocrx_word' id='word_1_555' title='bbox 1317 2826 1430 2850; x_wconf 86' lang='lat' dir='ltr'>meum</span> <span class='ocrx_word' id='word_1_556' title='bbox 1456 2816 1660 2849; x_wconf 85' lang='lat' dir='ltr'>intulerunt.</span> 
     </span>
    </p>
   </div>
  </div>
 </body>
</html>
