1878 3164
473 213 514 245 Ρ.
547 212 739 244 ΡΑΡΙΝΗ
773 211 939 244 STATH
972 212 1118 244 THEB.
1154 213 1247 245 1.,113.
1270 215 1316 244 V·

126 321 131 324 -
156 308 262 339 tasse.
295 306 386 339 ‘Sive
415 305 546 340 fluvius
558 306 709 349 Scythias
739 305 863 338 Phasis

158 362 225 396 est,
239 355 459 391 bars-mrum
471 356 628 390 cedibus
638 360 800 389 cruentus
811 364 862 387 as-

159 406 274 439 siduos
314 407 441 449 cantii}
457 407 593 440 Civitas
613 407 768 448 ejusdem
782 416 862 447 gen-

155 455 215 497 us,
245 456 384 490 Medea
421 451 547 500 patris.
604 457 696 490 Alios
731 457 864 498 amores]

157 504 250 541 Quis
265 512 345 549 post
357 507 577 550 Hypsipylen
589 507 752 540 Medeam
766 507 864 539 duxit

158 565 312 590 uxoren.
342 557 442 591 laen,

199 608 266 640 m
287 607 423 640 Lemnos
435 608 610 641 celebratur
622 608 773 650 alumnis]
800 608 862 640 Ni-

157 657 206 691 hil
220 658 408 691 sollicitare
433 661 483 692 ait
503 658 730 693 Bernartius:
756 659 862 701 Lipsii

157 713 275 742 tane·
285 709 441 742 codicem
455 716 575 744 acute:
598 712 753 743 clamatur
765 710 863 741 alum·

156 759 227 792 his.-
248 761 463 804 tunsumque
488 761 575 794 haud
600 762 703 794 dubie
734 761 776 793 ad
807 771 864 802 pa-

158 810 331 844 rientium
356 812 540 844 clamorem
579 813 740 844 Lucinam
769 812 864 843 invo-

157 861 323 894 eutium.
367 862 500 895 Metuit
521 868 620 895 tnta:
644 872 719 894 nam
741 872 802 894 nos
825 863 864 894 il-

158 911 218 944 lud
234 911 342 952 idem,
357 913 526 954 chuntur,
539 915 573 946 in
587 923 647 946 sex
661 914 817 955 scriptis,
830 914 863 945 in

159 962 286 1005 quibus
316 963 451 1005 optimi,
475 964 631 1005 legimus.
677 963 746 996 Sed
772 964 862 1006 qnod

159 1017 260 1046 extra
270 1012 415 1046 dubium
432 1015 541 1056 ponit,
557 1014 590 1046 id
608 1024 674 1047 non
688 1015 790 1047 modo
802 1014 863 1046 du-

159 1062 264 1100 bium.
278 1064 338 1096 sed
360 1070 398 1096 et
419 1063 544 1097 falsum
560 1069 624 1097 est.
668 1065 704 1097 Si
720 1065 865 1098 dixisset

159 1107 266 1145 alludi
288 1114 332 1146 ad
349 1115 512 1156 ejulatum
537 1117 768 1157 nascentium,
790 1115 864 1147 dix-

159 1163 245 1199 isset
260 1164 401 1209 aliquid.
445 1166 613 1208 Epicedio
635 1167 667 1198 in
692 1167 863 1199 Puerum:

161 1217 172 1231 ·
187 1213 468 1258 Poscentemque
489 1225 595 1248 novas
623 1217 767 1258 trepidis
791 1217 865 1248 ulu-

159 1263 290 1297 latibus
303 1275 402 1298 auras
414 1266 551 1299 Inserui
568 1267 670 1299 vitae.’
703 1267 745 1299 In
758 1267 866 1300 Glau-

161 1312 274 1359 eiam,
292 1317 303 1334 ‘
318 1315 372 1356 Ac
387 1317 496 1358 prima
516 1317 630 1350 lueida
652 1327 738 1349 voce
761 1316 866 1349 Astra

160 1365 394 1402 salutantem!
418 1367 563 1400 Plinius
589 1367 695 1401 Praef.
717 1368 776 1402 lib.
799 1378 867 1402 vn.

160 1412 374 1450 ‘Tne-niuem
391 1421 523 1451 tantum
545 1419 686 1457 nudum,
701 1423 738 1452 et
754 1419 789 1451 in
804 1429 866 1451 nu-

163 1465 208 1499 da
218 1466 334 1509 humo,
349 1468 456 1501 natali
469 1468 524 1501 die
536 1469 655 1511 abjicit
670 1468 713 1501 ad
732 1469 866 1511 vagitus

162 1518 282 1552 statim
309 1524 358 1552 et<
374 1520 555 1561 ploratum,
584 1521 779 1563 nullumque
814 1525 867 1553 tot

162 1569 360 1605 animalium
375 1571 467 1605 aliud
489 1571 533 1604 ad
559 1572 730 1611 lacrimas,
752 1576 788 1604 et
806 1572 866 1603 has

161 1620 320 1661 protinus
353 1620 435 1653 vitae
465 1621 658 1664 principio.¹
705 1622 867 1655 Nondum

162 1674 278 1703 tamen
290 1675 414 1704 totum.
448 1672 614 1705 Novimus
627 1677 756 1714 patres,
769 1678 805 1705 et
817 1673 867 1704 ni-

163 1719 238 1756 mis
263 1721 478 1762 experimur.
506 1721 577 1758 ‘Ad
617 1722 866 1756 Menecraten:

162 1770 174 1808 ,⁸
190 1768 291 1802 Dulci
306 1771 434 1812 strepit
447 1781 531 1804 ecce
555 1773 703 1805 tumultu
725 1774 792 1805 Tot
808 1774 868 1806 do-

162 1819 262 1859 minis
275 1820 426 1853 clamata
437 1820 577 1854 domus.'
599 1822 754 1854 Valerius
771 1823 869 1855 Flac-

163 1879 224 1903 cus
239 1870 300 1903 lib.
315 1879 343 1904 1.
364 1872 375 1890 ‘
393 1871 674 1915 Clamantemque
689 1874 777 1915 patri
791 1883 868 1916 pro-

165 1921 222 1955 cul
237 1921 444 1956 ostendebat
458 1922 641 1956 Achillen!
659 1925 797 1957 Gronov.

173 2009 177 2012 ,
207 1975 274 2009 464
298 1973 429 2015 Enitar]
465 1974 580 2006 Pario.
635 1975 738 2008 Unde
767 1976 870 2009 enioeae

162 2023 326 2058 dicuntur
339 2035 416 2068 quae
433 2030 609 2066 generant.
632 2025 782 2059 Laetam.

191 2077 274 2113 ‚466
297 2076 418 2114 Quater
427 2075 654 2121 quinquennia]
667 2077 799 2119 Viginti
815 2088 870 2110 au-

164 2135 227 2158 no·
241 2127 409 2167 ostendit,
424 2137 468 2160 ex
487 2137 556 2170 quo
579 2128 735 2161 ediderat
751 2138 793 2162 ex
807 2130 867 2163 Ja-

165 2187 248 2216 sone
262 2177 363 2212 filios.
382 2178 481 2211 Idem.

207 2231 273 2261 470
299 2228 395 2271 Odit]
427 2229 524 2262 Dure
554 2230 719 2263 animavit
747 2241 868 2263 navem

166 2278 326 2319 dicendo,
339 2289 457 2311 moram
471 2280 550 2313 odit.
582 2281 679 2321 Virg.
695 2282 775 2313 colli
791 2292 868 2314 ocu·

164 2331 217 2363 los
252 2330 351 2362 dedit
390 2330 550 2372 dicendo,
589 2332 598 2347 ⁶
626 2331 869 2375 Adversasque

165 2385 325 2421 aspectat
362 2379 513 2423 desuper
548 2381 679 2415 arces.'-
706 2383 868 2415 mirabilis

165 2430 327 2472 nllqcutio
349 2437 415 2477 est,
436 2433 596 2474 quotiens
621 2433 707 2465 dura
722 2443 741 2467 a
758 2435 869 2476 poetis

166 2481 371 2518 animantur.
398 2481 499 2515 Idem.

209 2534 275 2566 472
299 2533 330 2564 0
343 2531 542 2572 utinamjszm
558 2533 641 2575 eum]
663 2535 751 2567 Haec
766 2535 870 2568 etiam

167 2582 292 2622 yitiata
321 2583 489 2619 hactenus
523 2584 558 2616 in
591 2585 747 2617 omuibus
778 2586 872 2618 libris

167 2633 274 2669 fuisse
303 2633 458 2666 iudicant
483 2634 551 2666 illae
575 2635 871 2675 ‚commendatissif

167 2693 234 2717 mo
249 2684 414 2718 bonitatis
429 2685 650 2718 membranae.
685 2686 871 2722 Scribant:

168 2746 187 2768 ο
210 2736 333 2772 uanam
353 2737 500 2778 primum.
546 2738 624 2770 Hoc
650 2743 718 2780 est,
741 2739 871 2773 utinam

171 2789 351 2830 antequam
367 2788 434 2821 huc
448 2789 655 2831 appelleret,
666 2795 762 2823 recto
772 2800 873 2824 cursu

1507 205 1620 251 1881

915 305 1078 338 Lemnum
1095 311 1342 348 praetervectus
1358 311 1458 340 esset.
1480 308 1598 342 Barth.
1618 324 1620 327 v

958 358 1021 388 475
1049 356 1171 389 Vellera
1200 357 1346 400 Phryxi]
1383 358 1545 400 Phryxus
1583 366 1620 393 et

915 406 1019 438 Helle
1036 405 1253 440 Athamantis
1265 408 1362 441 AEolo
1374 410 1481 450 geniti
1498 415 1534 442 et
1550 412 1619 444 Ne·

915 457 1032 498 pheles
1055 457 1118 489 filii
1142 457 1304 491 fuerunt:
1339 469 1423 501 quos
1453 469 1530 493 cum
1561 472 1621 494 no-

915 516 1019 539 verca
1042 513 1306 551 prosequeretur
1325 509 1464 551 infesta,
1479 511 1622 545 arietem

916 558 1053 590 velleris
1083 559 1177 590 aurei
1209 560 1498 602 conscenderunt,
1527 571 1621 594 mare

916 607 1061 648 ingressi
1092 609 1241 650 patriam
1271 611 1414 643 Colchos
1441 612 1620 653 petebant.

916 657 986 690 Sed
1011 659 1102 691 enim
1125 659 1240 700 Helle,
1254 666 1377 703 utpote
1391 663 1519 704 puella,
1537 673 1620 696 sexu

916 707 1082 741 infirmior
1116 710 1148 742 in
1187 721 1280 743 mare
1308 712 1460 754 delapsa,
1498 723 1620 746 nomen

916 759 1038 792 Helles
1068 766 1175 802 ponto
1207 762 1339 794 tribuit.
1377 763 1537 806 Phryxus
1560 765 1620 797 de—

917 811 1014 843 venit
1041 811 1084 843 ad
1116 812 1274 854 Colchos,
1301 813 1417 856 ibique
1443 815 1620 847 immolato

917 861 1037 902 ariete,
1060 863 1183 903 pellem
1206 864 1280 904 ejus
1294 874 1430 897 auream
1450 865 1557 898 Marti
1572 865 1622 897 di-

916 912 1020 951 cavit,
1036 922 1135 954 quam
1158 913 1260 946 draco
1287 915 1432 956 pervigil
1449 916 1620 948 custodie-

918 961 999 994 bat:
1024 962 1066 994 ad
1093 973 1192 1004 quam
1221 966 1443 1006 repetendam
1466 966 1574 998 Jason
1600 977 1621 998 a

916 1011 1018 1044 Pelia
1033 1022 1114 1055 rege
1131 1014 1267 1055 missus,
1289 1015 1460 1048 semideos
1475 1017 1620 1049 Graeciae

916 1065 1152 1105 congregavit,
1188 1066 1248 1107 qui
1285 1075 1328 1098 ex
1359 1067 1454 1098 navis
1484 1068 1620 1100 nomine

916 1114 926 1131 ‘
943 1112 1152 1155 Argonautae
1166 1114 1175 1129 '
1191 1120 1268 1148 sunt
1285 1116 1384 1157 dicti,
1399 1126 1475 1158 quae
1493 1127 1512 1148 a
1527 1117 1620 1149 velo·

916 1164 1022 1196 citate
1038 1166 1048 1183 ‘
1068 1163 1161 1207 Argo
1172 1165 1180 1179 ’
1197 1166 1373 1199 nominata
1389 1171 1455 1207 est,
1471 1168 1558 1209 quod
1574 1168 1624 1199 di-

917 1218 1018 1246 cente
1045 1214 1197 1247 Homero
1225 1216 1335 1257 primo
1357 1216 1488 1248 Iliados
1518 1216 1622 1248 datur

917 1265 1076 1306 agnosci3
1094 1266 1143 1297 ait
1159 1266 1324 1308 enim,1ca2
1339 1265 1432 1299 κύνας
1445 1266 1570 1309 ἀργοὺς,
1586 1267 1621 1299 id

917 1320 983 1355 est,
997 1325 1090 1348 canes
1111 1317 1230 1348 veloces
1241 1327 1254 1354 ‚·
1275 1327 1351 1359 quae
1375 1327 1452 1350 cnm
1475 1318 1622 1359 praedic-

919 1366 961 1398 tis
977 1366 1085 1407 prima
1108 1367 1256 1398 onmium
1280 1367 1434 1409 ingressa
1448 1373 1501 1400 est
1514 1378 1621 1402 mare.

916 1418 983 1449 Sed
1001 1417 1122 1459 Jason,
1136 1418 1195 1450 ubi
1210 1417 1355 1450 Colchos
1370 1418 1523 1459 advenit,
1539 1419 1622 1452 ada-

917 1474 1028 1500 matus
1042 1479 1062 1500 a
1075 1469 1201 1501 Medea
1224 1470 1332 1502 AEetae
1356 1470 1446 1511 regis
1464 1469 1546 1510 filia,
1563 1480 1621 1502 an-

918 1529 1017 1560 guem
1042 1519 1249 1551 carminibus
1262 1525 1457 1561 soporatum
1472 1521 1622 1562 necavit,

918 1574 953 1601 et
965 1569 1115 1602 ablatam
1130 1570 1255 1611 pellem
1271 1571 1408 1602 revexit
1419 1570 1452 1602 in
1464 1570 1622 1612 patriam.

918 1621 1066 1654 Lactant-

959 1675 1024 1705 476
1050 1673 1094 1704 Ut
1108 1676 1195 1705 stata
1209 1673 1281 1715 lux]
1303 1674 1443 1706 statuta
1466 1673 1534 1711 die,
1556 1683 1623 1716 qua

918 1723 1144 1755 ascenderant
1160 1723 1379 1764 Argonautae.
1403 1725 1504 1757 Idem.

941 1805 944 1809 ,
960 1775 1024 1806 477
1048 1773 1196 1806 Rubuere
1206 1774 1320 1806 cubilia
1334 1775 1463 1817 Phoebi]
1486 1775 1624 1817 Pitysici

919 1824 1139 1857 serenitatem
1165 1824 1316 1857 futuram
1342 1826 1474 1864 dicunt,
1499 1827 1526 1857 si
1552 1827 1624 1859 sole

920 1874 1101 1906 occidente
1117 1875 1224 1907 nubes
1242 1875 1442 1908 rubescant.
1465 1877 1568 1911 Idem.
1617 1898 1620 1902 -

961 1929 1027 1958 479
1050 1926 1206 1959 Reserate
1228 1927 1313 1968 dies]
1346 1928 1443 1959 Bene
1474 1927 1625 1961 ostendit

920 1980 994 2009 tota
1009 1983 1112 2008 nocte
1124 1976 1286 2009 Jasonem
1300 1978 1471 2019 vigilasse.
1515 1978 1626 2020 Siqui-

863 2058 866 2061 ⁴
919 2028 996 2060 dem
1013 2031 1124 2059 ortum
1137 2027 1287 2060 Luciferi
1299 2029 1393 2070 prius
1408 2029 1554 2070 aspexit.
1572 2029 1625 2062 Id.

960 2081 1024 2111 484
1050 2079 1240 2120 Comes-ere]
1264 2079 1425 2121 AEquare.

960 2133 1026 2163 486
1049 2130 1149 2163 Fama
1173 2129 1274 2170 subit]
1310 2131 1457 2163 Sensus:
1493 2131 1624 2163 Rumor

918 2183 1043 2214 allatus
1071 2186 1126 2214 est
1149 2181 1327 2221 Lemnum,
1352 2186 1486 2222 patrem
1514 2191 1626 2214 meum

917 2234 1110 2265 'l'lioantem
1125 2231 1159 2263 in
1177 2231 1262 2264 Chio
1284 2241 1442 2272 regnare,
1463 2242 1527 2265 nec
1542 2232 1626 2264 mihi

919 2293 996 2316 curn
1020 2283 1158 2317 caeteris
1182 2281 1422 2315 Lemniadibus
1444 2283 1557 2317 scelus
1573 2282 1625 2315 fu·

920 2334 986 2365 isse
1003 2342 1193 2364 commune.
1224 2332 1326 2364 Idem.

962 2386 1025 2417 487
1051 2383 1194 2415 Crimina
1207 2382 1308 2423 nulla]
1333 2384 1392 2415 Me
1409 2393 1475 2416 non
1490 2384 1629 2426 partici-

921 2445 1020 2478 passe
1036 2434 1164 2467 crimen
1178 2434 1367 2476 parricidii,
1378 2441 1415 2466 ut
1428 2441 1560 2476 patrem
1573 2446 1627 2468 se-

920 2485 1069 2518 cundum
1077 2484 1178 2526 jussa
1188 2489 1224 2516 et
1236 2485 1392 2526 exempla
1409 2486 1627 2519 Lemniarum

920 2536 1101 2569 mulierum
1117 2534 1322 2571 occiderem,
1338 2535 1397 2567 sed
1416 2545 1559 2568 vacuum
1575 2546 1628 2569 ro-

921 2598 1000 2629 gum
1016 2586 1226 2626 accendisse,
1239 2591 1275 2618 et
1292 2592 1426 2627 patrem
1442 2587 1576 2619 misisse
1592 2587 1628 2620 in

922 2639 1029 2672 Chion
1047 2637 1088 2669 ad
1104 2637 1245 2679 reg‘num
1258 2637 1372 2670 fratris
1384 2638 1446 2671 sui.
1469 2639 1508 2671 V.
1523 2638 1629 2671 schol.

964 2691 1028 2723 492
1053 2688 1128 2720 Non
1143 2688 1232 2720 Deus
1246 2688 1326 2729 hoeo]
1341 2688 1456 2721 Verba
1470 2689 1628 2722 Lemnia-

922 2739 1001 2771 dum
1027 2739 1253 2771 incusantium
1280 2739 1510 2781 Hypsipylen,
1536 2739 1628 2781 quod

922 2790 995 2823 sola
1010 2789 1044 2821 in
1065 2793 1202 2831 patrem
1224 2790 1393 2835 scelerata
1416 2798 1483 2822 nou
1505 2789 1629 2823 fuerit:
