1878 3164
295 231 407 276 2038

296 337 424 370 dandas
452 337 486 369 in
522 337 563 369 iis
599 337 714 370 sacris.

296 388 494 420 Morabitnr
510 397 580 420 vos.
604 388 757 419 Britann-

339 440 402 469 140
424 437 612 478 Excipiunt]
645 437 787 469 Scilicet
812 436 989 478 promissa.

296 487 396 519 Idem.
439 488 530 528 Spes]
552 488 643 521 Quia
655 486 820 519 curabant
835 486 883 518 ibi
897 491 991 518 stare

296 537 504 579 aliquandiu,
518 547 584 578 quo
601 540 737 578 possent
751 536 918 567 Achillem
934 536 991 566 de·

297 591 427 628 tegere,
443 597 510 628 quo
534 596 670 618 cansam
695 586 842 618 oblatam
858 585 922 617 sibi
937 595 990 617 ac-

295 635 421 676 cipere.
446 637 624 668 Maturant.

341 688 401 717 141
428 686 565 727 Caetera]
587 685 722 716 Praeter
736 694 778 717 ea
799 694 875 726 quae
891 685 991 727 Ulys-

297 744 366 767 sem
381 735 552 776 capiebat.
576 735 674 767 Idem.

341 787 403 817 142
424 785 549 826 Longa]
572 784 734 826 Cupienni
749 784 850 816 diem.
872 783 971 817 Idem.

340 837 404 867 143
427 834 556 875 Somno]
592 835 632 866 Id
648 842 713 872 est,
729 839 843 875 nocte,
858 844 902 866 ne
917 844 993 867 con-

298 884 423 915 trarius
436 884 501 915 sibi
518 885 563 916 sit
574 890 704 917 auctor.
725 885 822 917 Idem.

342 936 404 965 146
430 934 587 966 Thalamis
610 935 777 976 Scyriades
789 935 893 976 ibant]
922 935 992 967 Pn-

297 983 398 1015 tarim
435 984 650 1016 scribendum
679 985 855 1026 Scyreides,
882 985 993 1026 inquit

299 1034 482 1066 Gruterus,
527 1034 631 1066 Certe
658 1034 708 1066 ita
729 1035 814 1075 legit
828 1035 992 1066 Scholias-

298 1089 363 1119 tes.
392 1093 411 1114 a
440 1094 507 1125 qno
536 1083 624 1115 forte
652 1084 740 1115 hanc
764 1084 992 1124 conjecturam

297 1133 440 1174 sumpsit
454 1133 533 1172 ille;
555 1133 672 1164 habuit
688 1133 790 1165 enim.
832 1134 918 1165 Sunt
933 1134 994 1175 igi·

298 1187 355 1214 tur
383 1182 470 1214 illius
500 1182 574 1214 haec
600 1182 718 1222 verba,
742 1183 798 1214 vel
824 1183 936 1224 potius
959 1183 993 1214 hi

298 1232 413 1273 apices
429 1242 438 1263 ι
464 1233 473 1250 ‘
484 1242 540 1263 nec
552 1231 624 1272 mi.]
645 1232 735 1264 sicut
755 1232 812 1263 ille
828 1231 995 1263 veniendo

299 1280 468 1313 afferebat
484 1282 584 1314 dona.
599 1281 691 1322 cira]
707 1281 730 1313 i.
745 1280 824 1313 filiae
841 1282 994 1314 Licome-

269 1323 278 1331 ’
299 1331 351 1363 dis
368 1332 418 1363 ita
434 1332 536 1364 dictae
554 1342 574 1364 a
590 1332 692 1364 Chiro
708 1332 840 1363 insula-²
861 1333 928 1363 Ubi
945 1332 994 1364 vi-

299 1381 373 1421 des,
388 1382 471 1423 quid
487 1381 721 1423 corrigendum
737 1382 791 1414 sit.
815 1382 952 1415 Gronov.

771 335 989 376 cunctabitur]

342 1434 406 1463 149
429 1432 557 1472 Qualis]
590 1432 677 1464 Haec
704 1432 916 1473 comparatio
940 1442 993 1464 su-

298 1481 403 1512 mitur
432 1480 475 1512 de
503 1481 623 1522 rapina
659 1482 872 1522 Proserpinae
902 1483 994 1524 quod

299 1534 455 1571 tempore
472 1539 539 1572 quo
554 1534 650 1571 rapta
675 1535 729 1562 est
742 1531 908 1572 Juppiter
922 1531 995 1573 jus-

303 1580 349 1611 sit
364 1580 491 1611 Veneri
505 1585 542 1612 et
564 1580 698 1614 Palladi
714 1584 750 1612 et
763 1580 884 1612 Dianae
901 1581 994 1612 ades-

300 1638 336 1661 se
350 1628 410 1661 ihi.
454 1629 555 1661 Unde
577 1629 807 1661 Claudianus:
829 1632 840 1648 ⁴
854 1630 993 1662 Accele-

300 1683 354 1711 rat
369 1684 544 1721 praecepta
555 1680 685 1718 Venus,
693 1680 862 1721 jussuque
874 1689 994 1721 paren-

299 1730 342 1761 tis
358 1730 487 1770 Pallas,
514 1734 551 1761 et
569 1728 687 1760 infelix
703 1733 811 1761 terret
826 1739 899 1770 quae
913 1740 993 1762 mae-

300 1781 377 1811 nala
392 1789 510 1821 cornu,
525 1779 666 1812 Addunt
680 1789 717 1811 se
732 1779 898 1811 comites!
920 1781 994 1811 Ma-

301 1833 421 1863 tarant-

345 1883 405 1912 151
430 1880 551 1921 Spma
574 1880 717 1923 tyranni]
739 1881 818 1914 Hoc
840 1885 893 1914 est
907 1882 993 1915 Pro-

301 1930 438 1971 serpina
467 1939 552 1962 uxor
581 1931 759 1971 Plutonis;
787 1941 863 1963 nam
880 1932 996 1973 Pluto,

301 1990 377 2012 cum
394 1990 436 2012 ex
462 1979 588 2012 Inferis
612 1982 653 2012 ad
676 1982 824 2022 Superos
838 1991 994 2022 egressus

302 2035 393 2062 esset
405 2030 626 2063 fundamenta
641 2031 763 2064 Siciliae
779 2033 995 2074 inspecturus

300 2081 393 2122 (quae
422 2085 505 2113 tunc
533 2082 674 2123 Typheo
700 2082 994 2124 superimpositam

300 2131 444 2162 insulam
460 2131 613 2172 abjicere
636 2137 779 2164 conante
797 2132 995 2173 aperieban-

301 2184 371 2219 tur,
382 2186 418 2212 et
434 2181 542 2213 lucem
558 2191 662 2223 usque
674 2182 716 2213 ad
734 2182 867 2214 Inferos
881 2183 996 2215 mitte-

302 2229 400 2271 bant)
414 2231 651 2272 Proserpinam
666 2232 699 2263 in
715 2233 851 2274 Campis
866 2233 995 2266 AEtneis

300 2279 400 2311 flores
428 2282 595 2321 legentem
623 2283 825 2324 conspexit;
851 2293 995 2326 eamque

302 2330 344 2361 ad
370 2329 504 2363 Inferos
531 2332 668 2364 ductam
695 2333 907 2366 matrimonio
931 2335 995 2366 sibi

302 2381 489 2421 conjunxit.
543 2382 672 2413 Solinus
701 2393 781 2415 vero
811 2385 932 2416 scribit
960 2385 994 2416 in

300 2430 415 2461 Sicilia
442 2440 596 2472 campum
621 2432 778 2464 AEtneum
808 2443 881 2470 esse
907 2433 995 2466 flori-

301 2480 381 2511 dum
397 2485 430 2511 et
445 2490 580 2522 semper
594 2486 804 2519 vernantem,
817 2483 874 2514 nbi
887 2489 922 2515 et
936 2484 994 2515 de-

299 2539 447 2561 mersum
462 2529 614 2563 foramen
632 2533 798 2573 aspicitur
822 2543 884 2574 per
905 2533 995 2574 quod

300 2579 416 2610 Ditem
433 2580 474 2611 ad
489 2585 623 2621 raptum
641 2582 856 2623 Proserpinae
869 2592 994 2614 exeun-

302 2634 372 2660 tem
386 2629 475 2662 fama
485 2636 539 2662 est
550 2631 708 2663 habuisse
720 2633 847 2664 lucem:
863 2634 995 2666 ommit-

301 2682 339 2709 to
365 2688 439 2720 quae
471 2679 514 2710 ab
541 2680 700 2718 Eusebio,
727 2681 929 2722 Augustino,
958 2687 996 2715 et

299 2730 455 2761 Varrone
490 2731 670 2764 traduntur
705 2732 749 2764 de
778 2734 994 2776 Proserpina.

301 2779 433 2812 Britan.

754 242 897 274 NOTAE
928 241 1195 274 vAmoRuM
1229 241 1282 274 IN

1083 339 1145 368 15³
1167 335 1263 376 AEra]
1287 335 1373 369 Quae
1388 333 1484 367 facta
1503 336 1601 367 erant
1613 332 1650 367 in
1660 342 1736 368 vrno-

1040 386 1118 418 dum
1155 387 1435 428 semispherarum
1466 395 1510 417 ex
1540 394 1621 426 aere,
1655 393 1739 428 quo-

1039 437 1206 478 sphaeram
1231 437 1428 476 conficiunt,
1450 447 1493 469 eo
1512 437 1599 479 qnod
1617 438 1738 479 Ceres,

1041 488 1179 545 Cybele,
1194 494 1230 520 et
1245 489 1352 520 Terra
1364 488 1483 520 eadem
1500 487 1619 525 fertur,
1633 488 1685 520 bis
1699 488 1738 520 in

1039 538 1145 570 sacris
1169 538 1364 578 utebantur,
1388 537 1581 569 collidendo
1609 538 1739 570 clamo-

1040 597 1111 620 rem
1128 592 1276 619 movent.
1300 588 1478 619 Matar-ane.

1082 639 1144 668 154
1182 636 1300 678 Terga]
1329 637 1516 679 Tympana,
1542 636 1606 669 ἀπὸ
1617 637 1737 678 τύποι,

1038 687 1175 718 verbero.
1197 686 1308 718 Idem.

1082 739 1143 768 157
1169 736 1295 778 Quoque
1317 736 1364 777 pii
1387 736 1616 779 Samothraces]
1649 738 1735 771 Pio·

1040 785 1274 818 Samothraces
1300 786 1385 819 dicit
1407 787 1485 829 quia
1510 797 1621 820 rerum
1649 787 1736 820 divi·

1039 845 1158 867 narum
1187 837 1335 867 cultores
1357 837 1510 868 extitisse
1534 837 1738 878 produntur,

1039 884 1183 926 hincque
1208 885 1354 917 maxime
1376 886 1538 927 probatur
1561 886 1650 927 quod
1667 890 1736 920 tra·

1040 933 1125 966 dunt
1150 934 1387 967 Samothraces
1414 941 1494 967 ante
1521 935 1741 968 Deucalionis

1041 984 1204 1015 diluvium
1235 984 1326 1016 aliud
1351 995 1483 1028 quoque
1510 989 1612 1018 antea
1641 994 1737 1028 mag-

1040 1042 1120 1064 num
1136 1033 1222 1074 apud
1241 1044 1297 1065 eos
1312 1035 1480 1067 extitisse.
1522 1035 1563 1067 Id
1591 1035 1736 1076 primum

1040 1083 1084 1115 ab
1099 1084 1223 1116 Hostio
1239 1085 1376 1126 Cyaneo
1394 1085 1517 1117 deiude
1540 1085 1584 1117 ab
1600 1085 1737 1118 Helles-

1041 1137 1147 1176 ponto
1167 1135 1322 1176 erupisse
1343 1140 1440 1168 tanta
1461 1146 1619 1179 aquarum
1641 1138 1737 1170 iuun-

1041 1184 1192 1224 datione,
1218 1189 1257 1218 ut
1271 1185 1362 1217 Asiae
1385 1196 1505 1228 magna
1522 1192 1617 1228 pars,
1635 1187 1738 1229 juxt·

1040 1243 1134 1266 mare
1162 1235 1240 1275 sita,
1265 1234 1370 1267 fuerit
1393 1236 1574 1278 absumpta
1597 1237 1739 1278 diluvio,

1042 1284 1144 1324 plana
1155 1294 1286 1326 quoque
1300 1285 1540 1318 Samothraciae
1555 1295 1626 1327 ora,
1643 1284 1737 1319 cres-

1041 1339 1142 1366 cente
1158 1335 1242 1366 mari
1264 1340 1395 1367 vastata
1410 1340 1484 1376 est;
1512 1336 1737 1370 decrescente

1041 1383 1166 1416 deinde
1193 1386 1277 1416 mari
1306 1386 1438 1418 accolas
1467 1390 1549 1418 vota
1578 1387 1656 1419 Diis
1683 1383 1734 1420 fe-

1041 1434 1136 1474 cisse,
1176 1435 1383 1477 salutemque
1418 1440 1634 1476 consecutos,
1669 1437 1736 1469 cir-

1041 1493 1115 1516 cum
1133 1485 1275 1516 insulam
1290 1485 1406 1517 salutis
1421 1486 1581 1518 terminos
1597 1485 1736 1518 statuis-

1042 1544 1079 1566 se
1094 1535 1470 1577 tradnnt,erexisseque
1482 1545 1557 1568 aras
1568 1536 1600 1567 in
1615 1534 1738 1578 quibus

1041 1584 1289 1624 sacrificarent;
1315 1585 1401 1617 adeo
1421 1590 1459 1618 ut
1479 1587 1591 1628 palam
1618 1586 1664 1619 sit
1677 1591 1737 1620 an·

1042 1639 1077 1666 te
1092 1635 1255 1667 diluvium
1271 1646 1345 1667 eam
1368 1637 1511 1668 insulam
1534 1632 1736 1678 habitatam,

1042 1685 1186 1726 hincque
1203 1686 1398 1717 Dardanum
1413 1686 1509 1719 Jovis
1529 1690 1566 1718 et
1586 1687 1736 1719 Electrae

1040 1734 1143 1766 filium
1157 1734 1315 1767 edoctum
1327 1734 1430 1767 fuisse
1443 1746 1463 1767 a
1475 1740 1573 1777 patre
1586 1745 1736 1768 ceremo-

1041 1784 1115 1815 nias
1137 1784 1305 1823 initiandi,
1328 1794 1408 1827 quas
1431 1784 1521 1816 haud
1539 1784 1592 1817 fas
1608 1789 1735 1818 est-au-

1041 1884 1123 1916 siam
1140 1884 1307 1916 transiens
1319 1885 1414 1916 Deos
1426 1885 1572 1917 Penates
1586 1885 1620 1917 in
1631 1885 1738 1927 Phry-

1043 1935 1132 1975 giam
1159 1934 1309 1975 advexit,
1338 1945 1422 1976 quos
1450 1944 1529 1967 mox
1550 1935 1673 1967 AEneas
1700 1937 1735 1968 in

1042 1985 1142 2016 Ilium
1171 1994 1215 2016 ex
1242 1984 1394 2027 Phrygia
1422 1984 1559 2017 detulit.
1603 1984 1735 2018 nomm

1043 2038 1153 2066 autem
1178 2044 1347 2066 sacrorum
1371 2034 1516 2066 ministri
1542 2032 1678 2077 Gabeni,
1699 2038 1742 2067 et-

1044 2084 1270 2125 Corybantes,
1285 2088 1319 2116 et
1334 2084 1479 2116 Curetes
1492 2088 1572 2115 sunt
1586 2084 1736 2116 nomina-

1043 2134 1082 2175 ti,
1096 2134 1151 2176 qui
1166 2134 1199 2165 in
1222 2133 1329 2165 sacris
1345 2134 1546 2165 armisonam
1568 2133 1736 2175 quandam

1043 2194 1117 2216 cum
1129 2184 1267 2215 saltibus
1278 2184 1465 2224 agilitatem
1476 2181 1636 2215 edebant.
1648 2182 1738 2215 Brit.

1087 2237 1149 2266 168
1171 2234 1303 2266 Pectine
1323 2230 1504 2273 Amaionio']
1525 2232 1567 2264 ld
1591 2239 1656 2272 est,
1681 2242 1737 2264 or-

1046 2284 1137 2324 dine,
1159 2284 1215 2325 qui
1241 2283 1286 2315 ab
1310 2282 1536 2314 Amazonibus
1555 2282 1590 2314 in
1606 2282 1736 2315 choreis

1045 2339 1208 2365 servatur.
1246 2331 1355 2372 Modo]
1379 2332 1493 2364 Nunc,
1517 2331 1736 2368 ancitator·

1046 2384 1080 2415 be
1094 2384 1231 2415 Lacerius
1244 2381 1354 2422 Delia]
1376 2381 1418 2413 Id
1429 2386 1495 2422 est,
1505 2391 1547 2413 eo
1561 2391 1645 2423 gyro
1657 2391 1746 2424 agef

1044 2434 1181 2473 bantur,
1195 2442 1261 2474 quo
1276 2432 1398 2473 puellae
1410 2432 1555 2463 Lacenae
1565 2432 1739 2464 celebran-

1044 2489 1096 2516 tes
1126 2492 1223 2514 sacra
1243 2482 1379 2513 Dianae.
1423 2481 1511 2513 Nam
1537 2482 1658 2513 Diana²
1681 2492 1738 2523 pa.

1044 2535 1148 2565 lustre
1164 2532 1325 2573 templum
1341 2531 1374 2562 in
1398 2530 1574 2563 Laconicae
1591 2541 1631 2562 ac
1646 2532 1737 2564 Mes-

1044 2583 1148 2615 seniae
1164 2586 1264 2614 terrae
1277 2580 1399 2612 tinibus
1410 2584 1476 2620 est,
1490 2580 1547 2611 ubi
1558 2581 1736 2623 utriusque

1045 2633 1190 2674 populus
1220 2631 1395 2662 commune
1425 2628 1626 2661 sacrificium
1655 2639 1736 2662 con-

1045 2679 1250 2721 ventumque
1274 2678 1482 2710 celebrabat.
1527 2679 1567 2710 Iu
1591 2688 1632 2710 eo
1658 2688 1737 2721 pro-

1045 2730 1155 2762 sectas
1183 2728 1341 2760 feriatum
1380 2728 1533 2768 virgines
1572 2729 1737 2761 Messenii

1045 2778 1238 2822 procaciter
1273 2779 1498 2820 incestarum,
1539 2778 1628 2810 unde
1658 2778 1734 2812 cum
