1878 3164
446 228 490 259 P.
520 223 713 258 1²12?an
746 224 912 256 STA'ru
946 225 1091 256 THBB.
1125 225 1220 256 mn.
1246 226 1276 258 1.

127 325 275 355 mertum
285 321 346 354 lib.
353 329 380 355 ι.
394 329 472 363 cap.
489 322 545 354 18.
555 323 592 352 et
607 318 679 352 alii.
700 319 820 351 Barth.

171 375 235 405 ⁶⁹1
267 371 366 404 Pulsi
388 380 430 404 ex
453 369 572 410 animo]
606 369 832 401 conscientiae

126 422 203 456 hec
217 426 297 455 suut
311 421 378 454 tria
399 420 590 463 supplicia:
616 420 833 460 verecundia,

129 472 254 515 pudor,
266 475 303 504 et
315 471 476 513 supplicii
490 474 614 502 metus.
658 469 748 502 Haee
763 479 834 502 om-

127 523 187 556 nia
209 523 336 557 mortui
359 522 423 555 filii
447 521 544 554 dolor
574 521 732 554 exclusit.
752 521 833 554 Lac·

132 577 215 606 tent.
328 581 332 584 ”

170 625 236 656 693
263 619 592 663 Vae-nemausensis]
607 620 649 653 Id
666 624 732 662 est,
749 620 832 654 scis-

127 672 174 706 sis
191 673 344 706 vestibus
359 672 551 705 nudaverat
565 675 700 713 pectus.
718 671 818 705 Idem.

169 727 236 758 896
257 725 334 758 Sero
345 734 461 757 memor
475 723 620 764 tholam]
635 719 732 755 Bene
746 723 834 766 Sero,

127 775 210 819 quia
224 782 304 818 post
318 780 463 809 mortem
479 775 555 816 ejus
579 774 737 816 injuriam
759 774 831 807 vin-

126 826 273 860 dte-vin
294 827 367 859 sive
383 825 474 869 quod
489 835 564 858 eam
585 824 703 856 ulcisci
724 824 833 865 magis

125 876 288 916 voluerit,
310 885 413 919 quam
437 875 540 908 tueri.
584 874 723 916 Solatia]
742 873 833 906 Sola-

123 926 175 960 u«
185 936 248 968 pro
260 926 392 961 ultione
407 925 534 968 posuit.
559 924 661 956 Idem.

168 979 236 1010 699
288 975 470 1018 AEtemm]
515 974 725 1008 Advcrbium
768 977 831 1008 est.

169 1079 236 1110 600
274 1075 518 1117 qugineam]
550 1075 706 1116 Nigram.
750 1075 832 1107 Sen-

125 1135 185 1160 sus
194 1130 250 1159 ost
262 1135 272 1159 ε
287 1127 533 1168 Ferrugineam
549 1125 699 1158 frontem
711 1126 830 1164 anguis

126 1174 351 1217 disoetnunat,
359 1175 457 1218 quasi
467 1186 488 1208 a
499 1175 612 1208 media
625 1174 740 1208 fronte
751 1185 833 1207 cou-

125 1231 267 1268 surgun
288 1230 328 1260 ut
343 1226 434 1269 quod
450 1225 538 1259 facit
553 1226 643 1258 vitta
669 1226 703 1257 in
731 1226 833 1258 crini-

126 1276 190 1309 bus
200 1276 428 1317 foeminarum,
440 1277 507 1309 hoc
517 1277 554 1309 in
564 1276 706 1309 monstri
720 1277 834 1318 eapite

125 1327 247 1368 anguis
261 1326 378 1359 faeiat.
401 1326 501 1359 Idem.

169 1379 232 1410 001
255 1376 435 1418 Noenum]
457 1376 558 1411 Quod
574 1379 681 1408 noctu
696 1375 834 1408 incede·

125 1431 203 1467 τοῖς
225 1435 304 1461 unm
326 1426 424 1469 quasi
446 1425 619 1458 infernum
643 1431 834 1458 monstrum

125 1476 259 1511 vitabat
273 1481 452 1519 aspectum
466 1477 565 1509 lucis.
590 1477 692 1509 Idem.

166 1529 234 1560 002
253 1529 284 1559 Δ
310 1527 410 1569 stirpe
433 1526 588 1567 recentes]
613 1527 698 1558 Mox
723 1529 835 1563 natas,

126 1577 161 1609 id
176 1584 243 1616 est,
259 1578 407 1618 pueriles
420 1588 432 1617 ς
453 1582 493 1609 nt
507 1576 709 1609 ostenderet
731 1585 834 1617 quam

127 1637 199 1666 rem
214 1628 315 1668 dolor
329 1627 500 1670 Apollinis
516 1626 717 1658 vindicaret.
733 1625 833 1656 Idem.

167 1679 234 1710 604
255 1676 408 1718 Devem']
429 1677 539 1709 Velut
553 1675 754 1716 depascere.
792 1674 833 1706 Iu

126 1727 257 1769 optimo
283 1727 375 1764 libro
408 1719 576 1768 scriptum
599 1730 665 1765 est,
690 1725 832 1757 Divesci.

126 1778 241 1811 Etiam
261 1778 355 1811 clere
377 1777 542 1810 inibidem
558 1776 725 1818 scriptum
741 1777 834 1808 altri-

125 1837 196 1862 euns
216 1829 390 1869 aga-emite.
410 1828 533 1861 Barth.

166 1881 234 1912 007
255 1878 460 1920 posthabita]
492 1876 627 1911 Quibus
656 1875 758 1908 facile
780 1880 835 1908 est

125 1927 250 1962 famam
266 1933 377 1962 morte
393 1928 560 1968 mercari;
583 1931 622 1960 ut
636 1927 734 1968 Virg.
758 1928 769 1946 ‘
779 1928 834 1959 En

123 1978 183 2012 bic
197 1983 250 2013 est
263 1979 394 2012 animus
409 1979 495 2012 lucis
510 1982 714 2018 contemtor,
729 1981 766 2009 et
788 1977 833 2009 is-

125 2033 198 2062 tam
228 2030 299 2064 Qui
329 2030 435 2063 vitam
463 2029 552 2062 bene
581 2028 701 2061 credat
730 2027 832 2059 emi:'

126 2081 223 2122 quasi
234 2081 330 2114 dieat
344 2091 355 2115 ε
379 2081 450 2116 Qui
466 2081 556 2113 enim
566 2080 673 2112 vitam
688 2080 833 2121 spernit,

125 2127 250 2163 famum
266 2131 425 2173 acquirit.
446 2132 595 2163 Laetant.

168 2182 235 2212 608
257 2180 380 2222 Nouos]
403 2182 499 2215 Quos
510 2180 661 2213 nondum
677 2183 832 2213 vastave-

128 2233 195 2262 rat.
219 2229 319 2262 Idem.

167 2281 234 2315 609,
254 2279 298 2311 In
319 2279 419 2321 bivio]
442 2278 571 2312 Aditus
593 2288 638 2311 ex
660 2279 718 2312 illa
733 2283 833 2321 parte

125 2331 164 2361 et
178 2328 258 2363 hinc
273 2334 408 2371 patens.
431 2330 533 2363 Idem.
596 2358 608 2370 s

168 2381 234 2412 010
247 2380 324 2412 Jam
338 2389 418 2412 anea
429 2390 541 2413 manus
553 2380 704 2413 vitalibus
719 2381 834 2423 hoeret]

1474 217 1587 260 1791

883 318 918 351 id
935 322 1002 360 est,
1019 329 1087 361 qna
1101 319 1189 352 alvo.
1210 320 1310 352 Idem.

926 373 991 402 620
1029 369 1172 411 Palleat]
1209 370 1282 402 Ant
1318 373 1461 412 propter
1494 379 1590 403 mou-

883 423 1005 459 strum,
1030 420 1110 462 quia
1132 421 1271 452 horrore
1297 421 1349 452 sui
1381 422 1485 454 etiam
1512 426 1591 463 post

883 474 1029 501 mortem
1045 469 1157 501 timeri
1178 474 1354 511 coeperat:
1382 475 1442 503 aut
1466 473 1589 513 pallor,

883 519 999 562 quiex
1013 520 1109 552 luctu
1127 524 1164 552 et
1181 520 1303 552 timore
1320 520 1433 552 iuerat
1447 521 1591 554 homini-

882 569 957 610 bus,
981 573 1096 602 tantus
1122 570 1201 607 fuit,
1229 574 1268 602 ut
1290 579 1356 602 nec
1373 575 1451 612 post
1466 572 1591 613 gaudia

882 618 1077 660 sedaretur,
1091 630 1166 662 quae
1192 620 1303 652 solent
1326 621 1506 654 immutare
1530 622 1589 655 bo-=

882 669 1011 701 minum
1026 669 1152 703 vultus.
1167 671 1268 703 Idem.

925 723 990 753 622
1013 721 1190 762 Aaeprosque
1200 721 1347 762 molares]
1371 722 1450 754 Nou
1466 732 1588 756 moveo

881 771 959 804 loco
984 773 1267 812 controversiam,
1295 773 1509 807 dissimulare
1537 780 1592 807 ta·

882 832 962 854 meu
989 824 1082 864 uolo,
1104 824 1138 855 in
1160 823 1363 856 Buslidiano
1389 824 1510 857 codice
1533 835 1589 857 me

884 873 1055 914 reperisse
1073 885 1082 907 τ
1105 875 1274 907 Proterere
1302 876 1462 907 exanimos
1487 880 1590 915 artus,

882 933 1065 966 seaprasque
1092 926 1234 957 molares.
1277 925 1378 959 Quod
1401 935 1466 957 non
1494 937 1589 968 sper-

882 984 938 1007 no.
996 974 1066 1008 Adi
1093 975 1244 1008 Nonium
1271 976 1306 1008 in
1333 986 1487 1018 scapres.
1509 978 1591 1009 Ber-

881 1027 967 1056 nart.

925 1077 989 1107 623
1027 1075 1215 1116 Deculcare]
1248 1075 1302 1108 De
1343 1076 1416 1108 alto
1444 1076 1590 1118 illidere,

883 1125 956 1156 sive
979 1124 1186 1166 deprimere.
1215 1125 1336 1167 Nequit
1351 1125 1450 1167 iram]
1467 1127 1590 1159 Licen-

884 1175 934 1207 tia
944 1175 1054 1207 securi
1071 1180 1234 1216 aspectus
1246 1176 1364 1208 satiari
1381 1176 1434 1208 ira
1446 1186 1513 1209 non
1529 1187 1590 1219 po-

883 1229 987 1258 terat.
1010 1226 1160 1259 Lae-tunt.

925 1278 988 1308 625
1024 1277 1175 1318 Impastoe
1194 1276 1350 1318 fugistis]
1402 1277 1591 1319 Eleganter

882 1326 1026 1367 impastoe
1047 1337 1111 1368 per
1131 1328 1343 1369 hyperbolen
1366 1328 1466 1362 dixit.
1496 1329 1588 1362 Nee

884 1376 989 1407 etiam
1013 1376 1205 1408 esurientes
1228 1377 1454 1416 abstinuistis,
1467 1387 1511 1410 ne
1536 1389 1590 1411 sa-

884 1426 979 1458 tiatae
1004 1426 1211 1460 abstinuisse
1234 1426 1472 1459 crederentur.
1517 1428 1588 1460 Hic

884 1485 969 1517 ergo
982 1482 1041 1508 aut
1058 1481 1203 1518 propter
1219 1471 1380 1518 formam,
1404 1482 1464 1509 aut
1487 1487 1591 1520 prop-

882 1522 941 1557 ser
963 1525 1119 1558 foetorem
1141 1525 1271 1568 fugisse
1300 1527 1465 1568 impastae
1495 1529 1592 1561 volu-

884 1585 959 1607 cres
976 1576 1076 1608 dixit.
1099 1577 1200 1609 Idem.

927 1630 991 1659 629
1012 1626 1102 1660 Areu
1116 1628 1266 1669 crudelis]
1290 1629 1368 1661 Non
1389 1638 1526 1669 novum,
1541 1630 1591 1662 in-

884 1677 1067 1719 iquitatem
1082 1678 1159 1709 Diis
1182 1678 1250 1710 suis
1263 1678 1416 1720 objicere
1431 1680 1591 1719 gentiles.

884 1728 940 1759 Sic
956 1730 966 1746 ⁶
980 1728 1123 1760 crimina
1138 1728 1314 1769 Deorum,'
1340 1730 1349 1747 ‘
1364 1730 1524 1762 Fatorum
1541 1731 1592 1762 in-

885 1777 1094 1820 iquitatem‚’
1135 1778 1336 1811 ‘Pudor-em
1366 1780 1522 1820 Divum,'
1556 1781 1592 1815 iu

885 1838 944 1861 ore
971 1829 1148 1861 multoties
1174 1828 1304 1860 habent
1331 1829 1465 1870 Poetae,
1490 1835 1530 1863 ut
1555 1836 1592 1863 et

885 1879 969 1910 alibi
987 1879 1086 1911 nobis
1112 1883 1278 1911 notatum.
1324 1879 1449 1921 Apollo
1476 1885 1592 1913 autem

884 1929 1027 1970 sagittas
1042 1928 1203 1966 babebat,
1217 1939 1359 1970 quarum
1367 1930 1466 1970 jactu
1483 1932 1591 1972 pesti-

883 1978 992 2010 lentia
1007 1979 1153 2020 populos
1169 1979 1397 2020 percutiebat.
1419 1981 1537 2013 Barth.

926 2031 990 2060 630
1017 2029 1188 2070 Cyclopum
1211 2029 1310 2070 tecta]
1334 2030 1443 2062 Velut
1471 2030 1593 2072 Cyclo-

884 2089 978 2121 pum.
1022 2080 1153 2112 Idouee
1179 2080 1268 2111 euim
1285 2081 1398 2112 omnia
1417 2087 1593 2114 construc-

884 2135 921 2162 ta
937 2129 1083 2163 aedificia
1099 2131 1263 2173 Cyclopea
1279 2131 1367 2164 dixit
1391 2131 1592 2173 antiquitas.

883 2179 1032 2212 Luceant.

918 2233 990 2263 631
1014 2229 1176 2271 Incendit]
1200 2230 1240 2262 Id
1270 2235 1337 2267 est,
1367 2230 1502 2263 vitiavit
1530 2240 1591 2264 seu

885 2281 1019 2322 polluit.
1044 2281 1238 2312 Nebularum
1250 2280 1384 2321 amicta]
1408 2280 1497 2312 Aere
1514 2291 1592 2324 pes-

884 2331 1010 2364 tilenti.
1033 2332 1135 2364 Idem·

926 2386 991 2416 632
1026 2384 1116 2415 Mors
1131 2383 1196 2425 fila
1225 2392 1365 2415 sororum
1386 2382 1487 2424 Ense]
1510 2383 1591 2416 Non

127 2428 262 2463 Horum
273 2430 570 2464 visceralacerare
579 2431 653 2473 jam
665 2436 834 2473 coeperat.
878 2434 953 2475 jam
980 2433 1106 2475 pollice
1130 2433 1187 2465 fila
1212 2439 1431 2474 rumpuntur,
1460 2435 1521 2466 sed
1547 2434 1591 2466 ad

167 2531 231 2561 616
254 2529 434 2572 Profimdo]
452 2530 659 2572 Insatiabili,
672 2531 729 2574 qui
745 2541 833 2564 sem-

125 2586 190 2620 per
203 2584 356 2612 mortuos
370 2581 470 2622 rapit.
495 2580 593 2613 Idem.
712 2600 716 2603 <

168 2631 234 2662 616
256 2630 382 2663 Habere
405 2630 497 2673 davi]
523 2631 652 2673 Utique
678 2631 832 2665 Plutoni.

131 2678 241 2712 Visere
252 2681 368 2722 Juxta]
389 2682 480 2716 Quia
505 2682 583 2714 vivo
607 2687 760 2714 monstro
775 2692 833 2715 co-

127 2727 237 2762 minus
252 2731 420 2764 accedere
435 2741 502 2764 non
515 2731 655 2764 licebat.
678 2732 780 2766 Idem.

169 2780 234 2812 619
256 2780 345 2822 Qua]
366 2780 423 2814 Ad
440 2782 615 2823 superiora
630 2782 831 2825 respondet,

884 2483 1096 2516 saeviendum
1127 2484 1160 2515 in
1191 2482 1336 2523 facinus,
1368 2482 1460 2516 ferro
1491 2494 1589 2517 exse-

883 2541 1018 2567 cantur.
1064 2534 1181 2566 Tanta
1197 2533 1377 2567 festinatio
1392 2535 1513 2567 mortis
1537 2535 1592 2567 fu-

884 2591 971 2618 erat.
994 2587 1093 2618 Idem.

925 2638 989 2668 633
1014 2636 1091 2668 Fert
1102 2635 1260 2678 manibus]
1282 2635 1359 2669 Hoc
1375 2640 1441 2678 est,
1454 2636 1488 2668 in
1503 2637 1588 2670 urbe

883 2685 1089 2718 dominatur.
1115 2685 1213 2718 Idem,

925 2737 987 2766 635
1012 2735 1057 2766 Et
1096 2735 1131 2767 in
1165 2738 1264 2767 totum
1293 2735 1457 2776 regnaret]
1488 2737 1588 2768 Cani-

882 2786 995 2818 culam
1018 2784 1190 2827 intelligit,
1226 2784 1330 2822 sidus,
1359 2785 1450 2828 quod
1474 2795 1589 2819 omues
