1878 3164
277 213 395 255 1840

275 319 385 350 domm
398 322 452 349 est
473 326 533 348 sua
555 316 676 358 cuique
693 315 819 348 flebilis
841 315 984 356 familia,

275 368 451 410 suspirans
467 377 588 408 nempe
613 367 657 398 ob
684 367 815 398 obitum
843 372 980 407 patrum

276 417 433 450 familias,
456 418 577 450 Barth.

320 471 363 499 20
385 467 580 508 Suspiranda
618 468 741 509 domus]
782 469 791 484 ‘
815 466 981 499 Domum'

278 526 341 558 pro
357 516 510 555 familia;
535 517 719 557 suspiranda
735 527 795 558 pro
809 517 982 549 desidera-

278 566 338 598 bili
352 566 487 608 posuit:
514 566 548 596 id
573 571 639 606 est,
652 574 767 598 omnes
786 566 906 598 armati
922 566 983 598 do-

278 626 353 648 mus
365 627 433 648 suae
448 616 628 656 dulcedine
643 617 883 658 tangebantur.
905 617 984 648 Lac-

285 670 368 699 tant.

323 719 364 748 21
389 716 551 747 Deduc-ere
577 716 681 757 conos]
708 716 883 748 Inclinare
913 716 986 758 api-

281 773 339 796 ces
356 764 542 805 galearum.
566 765 664 796 Idem.

323 817 369 846 26
393 814 504 845 Hoeret
520 815 621 846 amica
635 814 758 855 manus]
790 816 831 847 In
848 814 987 856 ancipiti

282 864 393 905 pietas
409 864 610 899 constituta,
628 865 705 906 quid
723 865 835 906 potius
853 864 988 896 faceret

283 914 478 955 ignorabat.
503 915 603 946 Idem.

326 966 367 995 27
394 963 509 994 Oscula
531 963 674 1007 turbant]
697 964 768 995 Per
789 964 906 996 oscula
929 963 990 995 fle-

284 1017 340 1044 tus
356 1012 474 1048 fiebat,
491 1012 546 1053 qui
564 1013 726 1045 turbabat
740 1015 866 1046 oculos.
890 1015 989 1046 Idem.

326 1066 367 1094 31
396 1063 443 1094 De
465 1073 540 1103 rupe
565 1064 719 1104 salutant]
744 1065 830 1096 Vale
857 1065 924 1096 illis
940 1064 990 1095 di·

283 1118 380 1152 cunt,
411 1117 446 1143 et
481 1117 519 1143 ut
546 1114 634 1144 bene
662 1115 826 1154 navigent
859 1117 991 1154 optant.

285 1163 350 1194 Est
378 1172 462 1203 ergo
486 1163 496 1180 ‘
512 1163 684 1194 salutare'
699 1165 804 1195 etiam
834 1164 990 1195 abeunti-

286 1213 347 1245 bus
365 1213 437 1243 vale
450 1212 580 1244 dicere.
605 1213 703 1244 Idem.

328 1262 522 1302 34Regvtna
547 1263 666 1303 sonori]
699 1263 890 1304 Perspicue
920 1272 991 1295 rec-

285 1317 380 1344 tum:
406 1318 441 1344 et
467 1313 517 1344 ita
535 1313 568 1343 in
595 1313 833 1352 manuscriptis
857 1320 894 1344 et
920 1312 992 1344 edi-

286 1362 380 1394 tione
397 1363 553 1402 principe
582 1363 705 1401 reperi.
750 1363 894 1402 Vulgati
918 1362 992 1393 infi-

287 1417 390 1450 cete3
412 1413 547 1443 nemoris
562 1412 674 1451 regina
685 1412 797 1443 sorori.
821 1412 979 1443 Bernart.

333 1465 373 1493 37
399 1461 531 1492 Sublata
560 1461 667 1493 molire
692 1461 776 1503 lyra]
806 1461 993 1493 Hernicum

281 1512 355 1553 jam
383 1511 542 1542 ardorem
558 1511 738 1543 innectens
761 1512 903 1543 remissa
918 1512 994 1553 lyra

290 1566 546 1593 commemorat.
569 1561 718 1593 Luctant-

333 1615 375 1643 38
399 1612 492 1643 Mens
515 1611 624 1642 hausto
653 1612 707 1652 de]
737 1611 825 1644 Quia
854 1611 926 1643 illic
957 1616 995 1643 tu

293 1663 402 1694 donas
419 1661 570 1702 eloquia.
595 1661 692 1692 Idem.

333 1716 375 1744 39
414 1713 556 1743 Pondere
586 1713 746 1753 curarum]
782 1713 994 1745 Sollicitudi-

289 1773 372 1796 nnm
388 1763 488 1794 turba
512 1761 608 1793 circa
628 1761 731 1793 finem
748 1762 827 1794 vitae
846 1763 919 1804 jam
935 1773 995 1805 po-

295 1815 391 1847 situs.
415 1814 517 1844 Idem.

334 1867 374 1896 41
402 1864 574 1894 Contentus
577 1862 686 1904 ferro]
711 1862 836 1894 Gladio
848 1867 997 1895 tantum-

295 1914 395 1946 modo
405 1911 586 1944 incedebat
597 1912 815 1953 praecinctus,
827 1918 884 1945 aut
897 1923 997 1954 prop-

293 1970 347 1997 ter
364 1966 592 2001 senectutem,
607 1971 650 1993 ne
666 1962 767 1993 armis
784 1969 997 2004 gravaretur,

293 2019 353 2046 ant
371 2018 512 2054 propter
537 2017 760 2053 potestatem,
787 2023 861 2054 quae
890 2013 998 2044 muni-

296 2064 381 2096 mini
425 2063 496 2109 ejus
536 2066 673 2103 poterat
721 2063 794 2095 sola
830 2062 1000 2096 sufficere.

296 2116 396 2147 Idem.

336 2167 378 2196 43
403 2165 557 2196 Luctator
582 2164 700 2205 Arion]
726 2166 844 2206 Equus
873 2165 927 2196 hic
951 2164 998 2196 A-

296 2215 416 2255 drasti,
443 2215 542 2255 cujus
573 2215 605 2246 in
634 2221 808 2255 posterum
836 2215 999 2257 frequens

296 2265 358 2296 fiet
384 2264 524 2296 mentio.
569 2263 691 2296 Poetae
708 2264 750 2296 de
767 2274 808 2296 eo
824 2265 918 2296 varia
933 2269 1000 2296 tra-

298 2315 430 2347 didere.
481 2315 644 2346 Nonnulli
658 2325 699 2346 ex
714 2321 806 2346 terra
822 2320 932 2346 ortum
950 2326 1001 2346 as-

297 2370 428 2397 serunt.
474 2365 563 2408 Vide
590 2364 783 2396 Autiinachi
810 2364 1000 2396 Thebaida.

298 2416 367 2447 Alii
385 2415 427 2446 ab
445 2415 517 2454 ipso
534 2415 699 2455 Neptuno
717 2419 929 2455 procreatum
944 2424 1001 2445 vo-

298 2466 386 2503 lunt,
411 2469 447 2495 et
473 2464 538 2495 huc
568 2465 704 2495 trahunt
729 2464 810 2495 illud
835 2464 1003 2495 Homeri:

299 2517 370 2547 Οὐδο
385 2515 465 2547 εἸκεν
477 2513 663 2554 μετόπισθεν
684 2513 803 2556 Ἀρίονα
828 2516 895 2545 δῖον
914 2514 1004 2546 ἐλαύ-

300 2576 353 2598 νει·
369 2565 537 2606 Ἀδρήστου
550 2565 653 2605 ταχὺν
663 2565 770 2601 ἵππον,
793 2564 827 2597 ὃς
847 2565 882 2597 ἐκ
905 2564 1006 2606 θεόφιν

300 2615 393 2656 γένος
422 2615 487 2653 ἦεν.
534 2616 696 2656 Virgilius
722 2615 849 2655 Georg.
866 2625 891 2647 1.
921 2625 1004 2657 pug-

302 2671 425 2697 nantes
441 2666 629 2696 sententias
640 2675 846 2705 componere
856 2665 1005 2706 videtur,

302 2716 383 2747 dnm
400 2715 447 2747 ait
462 2726 469 2746 :
494 2718 503 2733 ‘
520 2720 623 2757 tuque
635 2725 654 2746 ο
671 2716 723 2747 cui
740 2716 847 2756 prima
860 2714 1006 2748 fremen-

302 2773 372 2798 tem
397 2766 500 2798 Fudit
523 2776 659 2808 equum,
675 2776 795 2808 magno
811 2768 911 2799 tellus
928 2777 1005 2808 per·

746 221 887 254 NOTAE
922 221 1183 253 VARIORUM
1217 221 1270 252 ΙΝ

1031 326 1131 348 cussa
1159 314 1302 347 tridenti
1326 311 1514 355 Neptune!
1563 312 1599 345 Si
1631 310 1734 345 modo

1031 365 1194 398 Arionem
1211 366 1297 397 hunc
1316 363 1493 405 intelligit,
1507 367 1544 395 et
1567 362 1736 404 prodiisse

1032 416 1107 447 vult
1130 416 1165 446 in
1189 414 1378 447 certamine
1404 414 1468 446 hoc
1485 422 1562 444 cnm
1579 410 1736 444 Pallade.

1034 466 1164 498 Noster
1189 465 1358 507 Papinius
1377 464 1466 496 libro
1492 473 1537 495 vr.
1570 462 1654 495 nihil
1675 461 1741 494 nisi
1795 474 1799 477 ⁴

1033 515 1196 547 domitum
1212 525 1232 546 a
1249 516 1414 557 Neptuno
1441 512 1582 546 scribit:
1605 514 1616 531 ‘
1630 511 1741 546 Duci-

1035 570 1091 596 tur
1106 570 1186 596 ante
1201 565 1284 597 alios
1295 565 1404 596 rutilae
1416 562 1620 596 manifestus
1632 561 1738 594 Arion

1034 615 1242 656 Ignejubae.
1285 615 1470 655 Neptunus
1487 622 1572 656 equo
1584 611 1629 654 (si
1642 615 1741 644 certa

1035 666 1184 707 priorum
1213 666 1315 697 Fama
1335 664 1447 707 patet)
1462 663 1591 705 primns
1609 662 1740 699 teneris

1035 716 1162 748 laesisse
1187 715 1316 757 lupatis
1334 715 1418 755 Ora,
1434 719 1471 746 et
1481 714 1621 746 littoreo
1632 711 1740 744 ‹lomi-

1037 770 1127 797 tasse
1150 765 1184 796 in
1210 765 1351 805 pulvere
1374 762 1508 796 fertur!
1549 762 1618 794 Sed
1632 761 1678 794 de
1692 760 1742 793 liis

1037 815 1113 855 plus
1126 814 1219 846 satis.
1243 813 1345 852 Tu,si
1361 812 1468 844 otium
1483 811 1560 853 tibi,
1577 811 1634 843 adi
1648 809 1744 843 Pau-

1038 866 1166 897 saniam
1183 864 1376 897 Arcadicis.
1400 864 1551 895 Ber-nare.
1741 864 1744 866 ’

1079 919 1120 947 45
1132 914 1280 956 Phyllus]
1292 913 1449 946 Arcadioe
1462 904 1512 944 est
1525 911 1745 953 regiosque&
1801 895 1806 898 ’

1040 965 1154 997 Graeci
1183 964 1375 1004 Phyllalian
1399 964 1534 1002 vocant,
1554 969 1656 1002 quam
1681 968 1743 1001 pe·

1039 1024 1194 1046 corosam
1216 1013 1345 1050 ferunt,
1371 1011 1461 1054 quod
1480 1011 1619 1053 egregio
1638 1009 1745 1042 obun-

1040 1065 1100 1097 det
1116 1073 1255 1106 pecore,
1270 1063 1358 1094 unde
1382 1061 1449 1093 fnit
1468 1062 1610 1094 Nestor.
1652 1059 1744 1092 Hinc

1042 1116 1182 1148 Persius
1197 1125 1206 1146 ε
1231 1115 1241 1132 ‘
1255 1113 1398 1152 Findor,
1411 1117 1450 1144 ut
1464 1111 1622 1143 Arcadiae
1639 1119 1746 1153 pecu-

1041 1165 1112 1196 aria
1125 1164 1247 1196 rudere
1263 1161 1410 1195 credas.’
1434 1161 1534 1193 Idem.

1083 1219 1127 1248 46
1139 1215 1340 1256 Spumantem
1351 1213 1432 1245 valle
1446 1210 1657 1252 char-adram]
1669 1210 1745 1242 mu-

1044 1267 1118 1298 vius
1145 1265 1300 1304 Achaiae,
1329 1273 1395 1305 quo
1424 1261 1612 1305 (Pausania
1640 1259 1746 1302 teste)

1043 1326 1119 1358 quae
1132 1324 1235 1347 verno
1247 1319 1402 1355 tempore
1413 1316 1574 1353 potarunt
1587 1309 1749 1352 pecudes,

1043 1379 1153 1401 mares
1164 1368 1301 1409 gignere
1310 1366 1498 1397 creduntur
1511 1362 1658 1409 foetuum
1671 1370 1748 1404 par-

1044 1425 1112 1452 tem
1125 1419 1316 1450 maximam.
1338 1417 1490 1448 Bernart.

1085 1472 1127 1501 47
1155 1468 1292 1500 Turritce
1306 1468 1384 1499 mole
1397 1464 1534 1506 eleum]
1559 1462 1678 1496 Media
1694 1463 1752 1495 'in-

1046 1525 1099 1552 ter
1114 1520 1313 1552 Corinthum
1329 1522 1365 1550 et
1380 1516 1492 1558 Argos
1517 1515 1611 1554 urbs,
1631 1523 1652 1546 a
1670 1514 1748 1547 Cle-

1044 1580 1107 1602 oue
1124 1569 1264 1610 Pelopis
1286 1567 1368 1608 filia,
1389 1576 1464 1606 sen,
1486 1569 1523 1598 ut
1537 1564 1595 1597 alii
1618 1565 1751 1603 volunt,

1045 1620 1153 1661 Asopi
1169 1619 1239 1651 filia
1261 1618 1446 1660 appellata.
1499 1616 1648 1656 Adjacet
1671 1613 1751 1646 hnic

1046 1670 1123 1701 urbi
1151 1669 1275 1700 Leonis
1305 1667 1440 1706 Nemei‚
1461 1666 1504 1698 ab
1530 1665 1684 1698 Hercule
1700 1662 1747 1696 in-

1046 1719 1201 1759 terfecti,
1225 1727 1364 1759 specus:
1388 1726 1493 1759 qnare
1516 1721 1553 1748 et
1567 1715 1658 1748 idem
1681 1715 1751 1747 Leo

1048 1781 1068 1802 a
1083 1769 1201 1802 Poetis
1217 1769 1396 1801 Cleonaens
1411 1767 1549 1799 dicitnr.
1573 1767 1730 1798 Lucanus
1745 1776 1754 1799 ι

1048 1823 1061 1839 ὅ·
1072 1821 1135 1851 Ille
1151 1819 1303 1851 Cleonaei
1321 1818 1467 1859 projecit
1485 1821 1581 1857 terga
1601 1815 1762 1850 Leonlslr

1049 1870 1178 1902 Statius
1196 1869 1256 1901 lib.
1270 1878 1296 1900 1.
1318 1870 1327 1886 ‘
1337 1867 1433 1899 Illius
1445 1867 1478 1898 in
1492 1867 1641 1907 speciem
1651 1874 1751 1907 quem

1050 1929 1111 1961 per
1137 1917 1343 1950 'l'heumesia
1372 1917 1500 1958 Tempe
1535 1915 1751 1956 Amphitryo-

1049 1969 1167 2001 niades
1183 1965 1550 2007 fractumjuvenilibus
1566 1964 1668 1996 armis
1683 1964 1754 1994 An-

1051 2024 1086 2050 te
1101 2017 1250 2050 Cleonaei
1268 2017 1413 2048 vestitur
1441 2014 1560 2056 praelia
1583 2012 1752 2046 monstri!

1054 2070 1210 2101 Bernart.
1280 2091 1286 2098 2

1093 2121 1135 2150 118
1160 2119 1204 2150 Et
1218 2116 1485 2149 Lacedaemonium
1500 2115 1603 2157 Thyre
1618 2112 1753 2154 lectura]

1052 2168 1204 2201 Historia
1223 2167 1300 2198 talis
1316 2171 1369 2198 est
1383 2177 1390 2196 =
1413 2166 1527 2207 Thyre
1543 2163 1678 2201 civitas,
1692 2163 1754 2199 hu-

1046 2220 1105 2261 jus
1121 2219 1237 2261 populi
1252 2218 1319 2250 duo
1336 2218 1504 2260 quondam
1519 2217 1606 2249 bello
1617 2216 1756 2248 interse

1052 2269 1308 2308 dissentientes,
1330 2267 1593 2299 Lacedaemones
1608 2270 1644 2298 et
1659 2265 1758 2307 Argi·
1805 2275 1809 2276 ⁷

1053 2320 1098 2358 vi,
1112 2325 1149 2350 et
1165 2317 1499 2350 Lacedaemoniorum
1521 2316 1589 2348 dux
1615 2315 1755 2348 Othria·

1053 2368 1126 2409 des,
1148 2378 1224 2400 cum
1253 2367 1328 2408 ejus
1355 2366 1527 2398 exercitus
1549 2366 1623 2406 jam
1650 2358 1757 2407 prope

1054 2420 1165 2450 victor
1180 2424 1282 2456 esset,
1297 2412 1411 2448 tamen
1428 2416 1520 2456 gravi
1543 2416 1682 2447 vulnere
1698 2415 1755 2456 ja-

1055 2473 1160 2507 ceret,
1185 2470 1332 2507 excepto
1360 2471 1540 2507 antequam
1560 2469 1668 2496 totam
1683 2465 1756 2496 ani-

1056 2527 1142 2548 mam
1152 2516 1328 2548 exhalaret
1339 2515 1517 2555 sanguine,
1526 2514 1756 2556 ‹rapha-ajus-

1057 2568 1102 2599 sit
1122 2566 1243 2598 attolli.
1258 2566 1380 2607 quibus
1395 2564 1501 2604 digito
1519 2564 1681 2605 sanguine
1697 2563 1756 2596 ob-

1057 2618 1119 2648 lito
1145 2617 1220 2647 haec
1243 2615 1402 2656 scripsit:
1432 2613 1514 2645 κατὰ
1542 2614 1561 2632 “
1587 2617 1712 2654 aptron
1736 2623 1756 2645 e

1058 2671 1157 2707 prata
1177 2665 1323 2705 Mision:
1347 2664 1411 2696 hoc
1435 2669 1500 2702 est,
1528 2663 1619 2705 quod
1646 2663 1756 2695 dixit:

1058 2715 1324 2748 Lacedaemonium
1343 2715 1450 2756 ,Thyre
1470 2713 1588 2746 lectura
1606 2723 1757 2746 cruorem.

1058 2767 1137 2798 Sive
1150 2764 1227 2808 quia
1239 2765 1328 2807 apud
1345 2759 1623 2798 Lacedaemonios
1637 2763 1758 2796 verbe·
