1878 3164
291 244 405 287 1914

333 353 376 384 29
399 349 459 382 Nil
483 351 620 392 equidem
643 353 766 384 crudele
780 352 895 394 minor]
927 353 988 385 Nil

292 401 403 434 minor
432 402 481 433 illi
504 402 594 443 quod
621 403 762 435 crudele
788 403 846 440 sit,
873 403 908 435 id
938 408 991 435 est

291 451 423 484 Marti:
459 451 520 483 sed
550 452 673 484 bonum
700 457 738 484 et
760 454 843 485 mite
866 463 990 485 numen

292 501 449 535 efficiam.
470 503 624 535 Minatur
636 503 775 544 Jupiter
789 513 826 536 se
841 505 990 536 Martem

291 552 410 585 mitem
426 552 574 594 efficere,
586 554 677 596 quod
693 554 759 587 scit
774 560 917 588 cruento
932 565 991 587 uu·

291 601 376 633 mini
400 612 475 634 esse
499 603 716 643 contrarium,
732 609 770 636 ut
794 613 905 636 mores
929 605 991 642 ini,

291 650 351 692 qui
378 650 504 683 infreni
531 661 606 683 esse
637 658 897 695 consueverant,
925 654 991 686 ocii

291 699 459 740 languore
486 705 700 742 torpescant,
730 707 766 734 et
796 703 841 735 sit
866 712 991 736 numen

293 749 364 790 ejus
381 750 482 783 mite:
517 761 622 793 grave
647 753 738 785 enim
763 755 887 786 malum
914 760 990 787 est:

292 799 377 832 facit
391 801 481 833 enim
495 801 619 834 bonum
638 813 657 835 a
673 813 734 835 suo
750 804 905 837 instituto
922 809 992 837 tra-

293 849 434 883 ducere.
455 851 556 884 Idem.

325 902 369 932 30
402 900 540 943 Numen]
575 902 701 934 Veram
734 903 821 936 hanc
852 904 994 945 Papinii

289 949 476 983 lectionem
490 961 578 993 esse,
591 961 634 985 ne
647 953 840 986 Carneades
855 954 992 996 quidem

293 999 513 1042 dubitaverit,
527 1002 584 1044 qui
603 1003 760 1036 dubitare
783 1004 817 1035 iu
838 1004 993 1036 omnibns

293 1050 394 1082 solet.
418 1049 566 1093 Vulgata
580 1053 654 1084 sine
667 1053 770 1085 dubio
785 1054 991 1096 depravate:

292 1100 340 1132 sic
352 1102 439 1134 mite.
456 1100 623 1135 Reman.

300 1163 303 1169 =
332 1153 378 1183 85
418 1152 604 1193 Labentem]
646 1153 838 1186 Intrantem
874 1158 992 1196 portas

290 1202 547 1241 septentrionis.
569 1202 716 1235 Luctant-

337 1253 379 1283 36
395 1252 574 1294 Proetenta]
591 1252 819 1295 Circumfusa,
833 1254 991 1297 adJaceu-

295 1300 358 1333 tia.
379 1302 479 1334 Idem.

336 1354 377 1384 37
422 1354 562 1393 Agmina
598 1354 788 1397 nimborum]
835 1356 991 1388 infinitus

292 1411 453 1435 numerus
482 1404 632 1436 nubium.
687 1406 823 1447 Hiatus]
860 1407 993 1438 Princi—

294 1452 385 1493 pium
415 1452 540 1485 flatus:
575 1455 652 1495 quia
678 1455 785 1487 venti'
804 1456 993 1497 pinguntur

292 1501 436 1534 hiantes.
458 1503 557 1535 Idem.

299 1561 307 1565 ”
336 1555 379 1584 39
401 1554 566 1596 Protegit]
586 1554 729 1587 Tuetur.
776 1556 901 1598 Galeri]
935 1557 993 1589 Pi-

292 1602 349 1635 lei.
372 1604 473 1636 Idem.
556 1644 558 1647 Ι

335 1655 379 1684 40
402 1653 469 1684 Hic
495 1655 634 1696 steriles]
672 1656 883 1698 Epexegesis
913 1663 991 1691 est:

293 1702 352 1743 qui
367 1703 461 1734 Deus
471 1704 595 1735 sterilis
608 1705 723 1746 sylv-e.
768 1707 910 1738 Delubra
922 1709 994 1740 Ma-

292 1752 397 1784 vortia
412 1754 515 1794 notat]
532 1754 666 1795 Aspicit
677 1757 786 1787 avium
801 1767 905 1798 more,
916 1768 993 1799 quae

294 1803 439 1834 volando
456 1804 640 1844 aspiciunt,
657 1806 710 1836 vel
736 1810 833 1838 notat
858 1807 892 1838 in
921 1808 992 1850 qui-

294 1852 359 1884 bus
376 1852 549 1897 insideant
565 1853 658 1887 locis.
682 1855 779 1887 Idem.

335 1904 376 1935 41
402 1903 495 1934 Mille
513 1903 697 1945 furoribus]
729 1905 826 1936 Mille
841 1906 993 1939 ministe-

294 1952 353 1984 riis
370 1952 507 1985 Martis.
529 1954 627 1984 Idem.

337 2005 379 2034 42
398 2003 564 2044 Cingitur]
580 2004 760 2036 Multatur.
805 2006 994 2038 Immunsue·

294 2052 343 2093 ta]
367 2052 573 2094 Irrequieta‚
588 2053 660 2085 sine
676 2055 803 2095 quiete.
829 2055 928 2087 Idem.

297 2118 299 2120 v
335 2106 377 2135 43
402 2104 568 2144 Laterum]
593 2104 780 2141 Parietum,
798 2105 830 2136 id
858 2111 924 2147 est,
948 2106 993 2138 ab

294 2163 335 2186 ea
354 2160 451 2195 parte
469 2164 534 2195 qua
550 2159 683 2185 mutata
699 2161 763 2186 est.
786 2155 885 2188 Idem.

335 2207 377 2237 44
403 2204 495 2236 Tecta
509 2205 629 2245 domus]
652 2203 706 2236 Ad
728 2205 993 2246 descriptionem

293 2262 446 2288 cruentae
470 2255 588 2286 domus
608 2256 749 2297 adjecit,
774 2257 885 2289 omnia
901 2257 993 2291 ferro

291 2305 397 2337 fuisse
425 2310 632 2346 constructa,
658 2310 697 2337 ut
725 2307 913 2350 ubicunque
934 2309 994 2340 ad-

293 2356 442 2396 spiceres
458 2355 636 2387 mortalem
663 2356 797 2388 domum
820 2367 862 2389 ex
886 2358 994 2399 ipsius

292 2405 428 2437 aedificii
441 2405 664 2437 fabricatione
677 2416 916 2448 cognosceres:
935 2418 993 2440 cu-

290 2456 345 2499 jus
362 2456 502 2488 terroris
519 2457 668 2498 speciem
686 2462 723 2488 ut
739 2458 920 2499 Virgilium
937 2469 994 2492 ex-

293 2506 451 2547 plicaret,
469 2505 537 2537 ait:
562 2507 571 2524 ‘
583 2506 692 2538 Porta
705 2506 846 2539 adversa
862 2508 994 2551 ingens,

293 2556 469 2597 solidoque
483 2556 664 2588 adamante
680 2556 870 2589 columnae.’
895 2559 993 2591 Idem.

334 2609 375 2638 45
400 2606 543 2638 Laeditur
567 2608 729 2638 adversum
751 2607 993 2650 Phoeffijubar]

292 2655 494 2688 Offuscatur
509 2656 630 2688 Plioebi
643 2657 769 2699 jubar:
793 2659 826 2690 id
844 2665 896 2691 est
912 2653 992 2691 solis

291 2705 453 2747 splendor
481 2706 631 2747 laeditur,
659 2706 692 2737 id
724 2711 778 2740 est
810 2709 992 2750 splendore

291 2755 376 2788 ferri
392 2756 632 2797 repercutitur.
656 2757 756 2790 Idem.

333 2807 376 2837 47
400 2804 553 2847 Impetus]
577 2806 741 2849 Praeceps
758 2809 901 2843 audacia
917 2811 990 2843 sine

744 257 886 289 NOTAE
921 257 1181 291 VARtomJM
1218 258 1268 290 m

1040 354 1182 386 ratione.
1215 351 1393 385 Claudiau.
1439 351 1496 384 De
1527 351 1637 384 Cursu
1668 350 1739 385 Ro-

1040 412 1119 442 mae,
1157 404 1243 435 Pan.
1284 402 1388 434 Proh.
1416 402 1426 419 ‘
1448 401 1568 434 famuli
1602 410 1740 436 curm-

1034 453 1182 494 junxere
1198 454 1363 492 volantes,
1384 451 1540 493 Impetus
1554 451 1742 493 mahas-

1041 512 1108 544 que
1123 503 1254 543 Metus,
1269 503 1326 544 qui
1343 512 1479 544 semper
1493 507 1635 545 agente-
1647 502 1742 535 1⁵1·oe-

1040 553 1098 589 lia.
1120 563 1196 586 cum
1219 552 1356 585 fremitu
1372 553 1515 587 Romam
1531 552 1742 593 comitantur

1041 602 1186 634 anhelo.¹
1209 603 1326 637 Barth.

1083 655 1125 684 50
1137 652 1362 696 Geminamuqae
1374 655 1484 686 tenens
1492 652 1663 686 Discordia
1669 651 1740 690 Jer-

1040 702 1124 745 rum]
1157 703 1309 743 Mirum3
1350 704 1522 745 geminum
1551 703 1642 736 dixit
1669 701 1740 737 fer-

1041 762 1116 786 rum
1131 758 1250 786 tenere
1267 753 1502 795 Discordiam,
1515 763 1592 796 quae
1606 762 1742 796 semper

1041 804 1131 836 solet
1155 803 1296 836 duorum
1312 803 1491 836 inimicitia
1506 804 1561 836 vel
1575 801 1740 836 mortibus

1042 853 1218 895 gratulari.
1250 853 1329 885 Sive
1344 857 1489 895 propter
1500 851 1647 885 fratres:
1663 852 1744 895 quia

1043 904 1078 935 in
1094 904 1157 935 boc
1173 904 1263 937 bello
1280 904 1427 936 maxime
1447 902 1588 936 fratrum
1613 903 1743 939 discor-

1044 953 1101 985 dia
1117 954 1302 995 proeliatur.
1326 954 1418 986 Lact.

1086 1007 1126 1036 51
1150 1004 1341 1045 Innumeris]
1368 1003 1460 1036 Mire
1486 1002 1653 1038 infinitum
1681 1013 1743 1036 nu·

1043 1063 1172 1086 merum
1188 1054 1300 1095 fiuxit,
1309 1054 1437 1096 quippe
1450 1063 1512 1096 pro
1523 1057 1743 1096 peccatorum

1042 1114 1168 1146 genere
1177 1105 1250 1147 jam
1269 1105 1426 1137 minatur.
1440 1101 1608 1146 supplicia
1631 1103 1745 1136 diver-

1042 1165 1166 1189 sorum.
1212 1156 1407 1188 Tristissima
1427 1154 1544 1196 virtus]
1569 1155 1649 1188 Non
1665 1154 1744 1187 reli·

1043 1207 1152 1249 gionis
1179 1210 1239 1239 aut
1262 1206 1402 1247 pietatis
1428 1214 1533 1238 causa
1561 1208 1743 1241 commota,

1042 1258 1103 1290 sed
1130 1257 1207 1289 ideo
1231 1257 1264 1289 iu
1288 1257 1350 1288 hoc
1376 1256 1468 1288 bello
1496 1256 1630 1288 tristem
1657 1255 1746 1288 dixit

1042 1316 1116 1338 esse
1133 1307 1308 1346 virtutem,
1337 1305 1415 1347 qula
1441 1303 1635 1346 parricidiis
1657 1304 1745 1336 mili—

1042 1356 1143 1389 tavit.
1162 1356 1261 1388 Idem.
1436 1348 1445 1355 ’
1674 1379 1677 1383 .

1085 1409 1125 1438 53
1149 1407 1240 1438 Mors
1263 1409 1386 1438 armata
1412 1405 1515 1447 sedet]
1542 1405 1633 1439 Quia
1654 1405 1742 1449 sern-

1042 1466 1106 1498 per
1121 1456 1223 1497 eripit
1242 1455 1356 1487 vitam.
1379 1455 1481 1487 Idem.
1710 1462 1711 1465 ’

1085 1510 1128 1539 56
1149 1505 1367 1546 Insignibant]
1395 1505 1587 1547 ornabant,
1601 1504 1675 1543 sive
1691 1504 1743 1538 in-

1042 1557 1150 1598 signia
1167 1556 1352 1588 faciebant.
1376 1555 1475 1588 Idem.

1085 1611 1128 1640 59
1152 1609 1235 1639 Pene
1249 1607 1343 1639 etiam
1355 1605 1506 1647 gemitus]
1528 1604 1689 1646 Egregie,
1704 1608 1744 1638 ut

1045 1659 1079 1690 in
1095 1662 1236 1690 cruenta
1254 1658 1353 1689 domo
1379 1656 1492 1688 omnia
1508 1655 1745 1702 ingemiscen-

1045 1710 1092 1742 tia
1107 1711 1340 1741 cernerentur.
1364 1707 1461 1738 Idem.
1482 1704 1484 1706 ’

1051 1761 1054 1763 ’
1085 1762 1127 1791 60
1153 1758 1273 1798 Ubique
1287 1756 1404 1797 ipsum]
1425 1754 1603 1795 Subaudis,
1626 1754 1743 1792 ‘Mar-

1042 1813 1113 1842 tem
1141 1812 1279 1849 putares
1292 1806 1313 1837 ι’
1345 1805 1468 1847 ubique
1495 1805 1644 1844 simulat,
1664 1814 1743 1836 nus-

1041 1868 1139 1901 quam
1155 1863 1268 1890 tameu
1284 1854 1441 1888 hilariore
1465 1855 1563 1888 vultu
1577 1855 1742 1897 conspici-

1042 1909 1231 1942 tutu-Idem.

1084 1961 1124 1991 61
1152 1958 1307 1990 Mulciber
1334 1955 1419 1997 arte]
1448 1955 1595 1988 Vulcani
1618 1954 1743 1988 Archi-

1043 2014 1179 2043 tectura
1201 2008 1348 2039 omuium
1373 2006 1531 2037 domuum
1549 2005 1740 2037 divinarum

1043 2059 1214 2092 tribuitur.
1260 2057 1316 2088 De
1343 2056 1450 2096 Regia
1478 2055 1564 2087 Solis
1595 2055 1742 2087 Ovidius

1043 2110 1129 2141 Met.
1149 2116 1189 2139 ιι.
1212 2107 1223 2125 ‘
1238 2106 1420 2138 Materiam
1433 2105 1619 2146 superabat
1635 2105 1742 2146 opus!

1043 2159 1131 2191 Nam
1147 2156 1318 2189 Mulciber
1334 2156 1405 2187 illic
1421 2154 1570 2197 AEquora
1590 2155 1744 2195 coelarat,

1043 2207 1176 2241 Medias
1205 2205 1379 2247 cingentia
1410 2207 1527 2236 terras-
1544 2203 1742 2236 Terrarum-

1043 2267 1110 2300 que
1125 2257 1255 2294 orbem,
1277 2256 1466 2296 coelumque
1482 2254 1571 2296 quod
1587 2253 1742 2285 imminet

1045 2307 1158 2341 Orbi!
1181 2307 1236 2339 De
1247 2306 1404 2347 Veneris,
1414 2304 1635 2343 Claudianus,
1646 2303 1741 2345 Nup-

1045 2359 1101 2390 tiis
1133 2357 1301 2389 Houorii:
1327 2354 1532 2394 ‘Mulciber,
1557 2358 1599 2386 nt
1630 2353 1742 2394 perhi-

1045 2408 1141 2448 bent,
1166 2406 1217 2438 his
1243 2405 1358 2437 oscula
1380 2403 1533 2445 conjugis
1553 2403 1637 2435 emit
1652 2404 1739 2436 Moe-

1043 2458 1154 2494 nibus,
1181 2461 1217 2488 et
1241 2455 1325 2487 tales
1352 2454 1512 2486 uxoribus
1538 2453 1660 2486 obtulit
1674 2453 1740 2486 Ar-

1043 2507 1121 2540 ces!

1046 2566 1049 2568 ·
1085 2560 1127 2590 62
1166 2556 1310 2589 Nomium
1344 2553 1459 2594 radiis]
1494 2553 1740 2594 Quaestionem,

1044 2619 1118 2651 quae
1145 2611 1260 2648 potest
1280 2604 1498 2647 commoveri,
1513 2613 1619 2645 quare
1643 2604 1739 2636 adul-

1043 2666 1117 2692 tero
1149 2657 1255 2690 Marti
1284 2656 1458 2687 Vulcanus
1507 2653 1738 2685 habitaculum

1040 2710 1226 2744 fundasset,
1262 2705 1476 2748 argutissime
1506 2704 1642 2736 divinus
1674 2703 1738 2736 boc

1041 2762 1115 2792 loco
1129 2758 1231 2800 poeta
1250 2756 1406 2788 dissolvit
1420 2766 1428 2786 x
1453 2753 1538 2787 dicit
1553 2755 1640 2787 enim
1657 2761 1737 2786 ante

1041 2811 1175 2843 domum
1197 2807 1304 2841 Marti
1321 2806 1511 2839 Vulcanum
1538 2804 1738 2847 aedificasse,
