1878 3164
309 237 424 282 1846

310 340 379 374 nile
394 342 533 384 babere,
548 352 647 385 quam
663 342 852 383 conjugem.
875 341 974 374 Idem.

356 394 418 424 19⁷
440 392 514 424 Hac
527 396 637 426 nutare
650 391 751 432 videt]
774 390 862 424 Haec
882 395 937 424 est
951 401 1008 424 ve·

311 450 350 473 ra
365 442 546 483 scriptura,
563 447 599 474 et
617 442 822 483 ponderibus
847 442 1009 474 convenit

311 492 447 532 natatio,
474 502 543 524 nou
567 493 709 525 mutatio.
751 492 876 534 Sicque
892 501 1007 524 omnes

312 541 422 572 nostri
453 541 612 581 Codices,
641 541 788 583 itemque
817 541 939 581 Aldus,
971 545 1008 573 et

312 591 388 623 aliae
415 596 567 623 veterum
596 591 783 624 EditioneS.
826 591 917 623 Illud
942 601 1007 623 mu-

311 644 380 673 tare
420 641 577 673 nimirum
619 641 755 672 videtur
793 641 881 673 tueri
921 641 1008 673 velle

312 691 525 731 Lactantius,
551 700 628 722 cum
657 690 726 722 ait:
747 692 757 708 ‘
773 690 876 722 Videt
902 690 1009 732 Argia

311 739 392 772 belli
410 741 514 772 totius
527 741 649 773 mutari
661 741 878 781 sententiam,
890 742 916 773 si
929 741 1008 773 Am-

311 790 470 830 phiaraus
498 791 587 823 desit
616 792 773 826 auxiliis?
815 792 882 825 Sed
910 793 1009 824 aliter

313 850 352 875 se
368 850 421 872 res
436 841 551 874 habet.
574 842 690 874 Barth.

354 894 419 924 202
441 892 501 924 Sat
515 892 641 924 dubium
660 897 739 925 coetu
757 892 892 933 solante]
915 893 1008 924 Nihil

310 941 366 974 hic
380 943 496 983 scripti
510 954 518 974 z
547 943 694 975 assentio
707 947 821 975 tamen
836 943 914 974 viris
929 943 1009 975 doc-

312 993 368 1033 tis,
392 998 428 1025 et
455 994 590 1025 omnino
620 994 799 1034 legendum
827 994 1007 1026 existimo:

310 1046 376 1074 stat
388 1043 514 1075 dubium
528 1043 648 1075 calatho
661 1044 789 1083 solante,
801 1052 908 1084 neque
919 1043 1009 1075 enim

311 1093 473 1125 decorum
490 1093 625 1134 pudicae
641 1097 804 1124 matronae
820 1097 927 1124 coetns
942 1092 1010 1134 ἵνα·

312 1147 490 1185 quentare,
507 1148 565 1175 aut
593 1143 652 1175 tali
677 1142 797 1174 solatio
812 1142 876 1183 uti,
891 1143 1011 1174 absen-

312 1197 347 1225 te
371 1194 506 1233 marito,
529 1193 670 1234 Argiam
697 1193 858 1225 decebat.
902 1193 1012 1225 Plane

310 1248 351 1275 ut
368 1243 548 1275 absurdum
565 1244 733 1283 videatur,
749 1243 882 1276 decoris
898 1243 1012 1275 obser-

310 1294 545 1325 vantissimum
561 1293 778 1325 Poetamhoc
790 1293 822 1325 ei
840 1293 1011 1325 adfixisse.

310 1343 473 1375 Nostram
499 1353 580 1375 vero
603 1344 830 1385 conjecturam
857 1347 1010 1374 veterum

310 1401 383 1424 mos
405 1392 531 1433 firmat,
552 1402 618 1434 quo
643 1385 821 1434 receptum
845 1398 885 1425 ut
908 1393 1009 1424 etiam

310 1452 427 1484 regum
451 1442 531 1475 filiae
546 1443 693 1475 lanificio
717 1453 835 1475 manus
852 1443 1011 1475 admove-

249 1509 256 1517 ι
309 1497 398 1525 rent.
443 1492 641 1525 Alexander
667 1493 759 1534 apud
787 1493 943 1524 Curtium
967 1492 1010 1524 ad

309 1543 527 1585 Sysigambin
556 1548 702 1575 matrem
728 1544 844 1575 Darii:
874 1543 1012 1575 ‘Mater

309 1594 396 1626 hauc
418 1600 634 1636 vestem,qna
657 1594 796 1626 indutus
811 1604 896 1630 sum,
920 1603 1011 1626 soro·

310 1654 382 1677 rum
399 1655 466 1677 non
483 1646 589 1677 solum
601 1645 725 1676 donum
735 1645 795 1676 sed
809 1645 912 1676 etiam
925 1654 1010 1685 opus

310 1696 427 1728 vides:
458 1696 564 1727 nostri
595 1696 764 1737 decepere
791 1705 844 1727 me
875 1694 1010 1726 mores!

308 1746 439 1777 Seneca
464 1746 657 1787 Hippolyto
680 1746 714 1777 in
742 1755 890 1786 persona
911 1745 1011 1777 Phae-

309 1794 403 1826 drae:
429 1795 440 1813 ‘
454 1795 606 1826 Palladis
623 1795 691 1826 tela
707 1800 829 1827 vacant
853 1795 899 1826 Et
921 1794 1011 1826 inter

308 1844 400 1886 ipsas
417 1854 523 1885 pensa
549 1845 709 1877 labuntur
723 1845 864 1877 manus-¹
907 1844 1011 1886 Apud

310 1896 480 1927 Romanos
504 1899 600 1927 certe
625 1900 789 1927 matronae
815 1894 938 1936 priscae
962 1896 1011 1926 ita

307 1945 464 1977 lanificiis
488 1945 614 1977 deditae
640 1944 750 1986 fuere,
764 1949 803 1976 ut
823 1945 858 1975 in
880 1944 1010 1976 foedere

307 1995 400 2027 inter
425 1996 593 2027 Romanos
623 2000 659 2027 et
687 1995 830 2027 Sabinos
855 1994 1011 2036 (Plutar-

309 2046 393 2078 chus
407 2046 443 2077 in
458 2046 602 2077 Romulo
617 2044 751 2087 auctor)
767 2046 822 2077 lex
836 2049 949 2077 esset:
972 2050 1011 2077 ut

307 2097 460 2127 volentes
491 2100 607 2137 nuptae
639 2096 728 2137 apud
757 2097 858 2133 viros,
887 2096 1010 2137 quibus

309 2146 500 2187 conjunctae
524 2150 635 2188 erant,
650 2150 841 2186 manerent,
862 2145 1010 2177 omnium

307 2206 450 2238 operum
498 2205 539 2228 ac
575 2206 751 2228 munerum
799 2196 1009 2228 vacationem

307 2253 538 2290 praeterquam
552 2247 687 2279 lanificii
705 2247 886 2279 habiturae.
932 2247 1010 2278 Mo-

307 2298 354 2328 ris
370 2299 473 2329 etiam
490 2304 576 2337 erat,
594 2304 629 2328 ut
646 2308 742 2329 novae
756 2303 885 2339 nuptm,
904 2307 1009 2339 quan-

307 2347 352 2379 do
382 2348 425 2379 ad
450 2347 583 2379 domum
612 2348 725 2379 mariti
758 2348 1008 2388 deducebatur,

306 2398 400 2429 colus
427 2403 566 2439 compta
595 2408 672 2430 cum
698 2397 776 2429 fuso
803 2404 839 2430 et
865 2399 1010 2431 stamine

305 2447 542 2489 praeferrelur.
597 2449 732 2479 Plinius
756 2449 813 2481 lib.
830 2458 914 2481 vnn.
931 2459 1008 2491 cap.

306 2501 360 2531 48.
383 2500 534 2531 ‘Lanam
562 2509 637 2530 cum
661 2500 734 2531 colo
761 2505 796 2532 et
812 2500 886 2532 fuso
901 2502 1010 2533 Tana-

307 2549 390 2590 quil,
405 2559 481 2590 quae
509 2550 629 2580 eadem
647 2543 785 2581 Caecilia
809 2556 931 2582 vocata
947 2556 1011 2591 est,

309 2600 343 2631 iu
361 2601 490 2640 templo
513 2601 616 2641 Sangi
642 2601 795 2641 durasse,
814 2606 935 2633 auctor
957 2606 1010 2633 est

307 2649 358 2681 M.
386 2650 509 2688 Varro,
537 2649 727 2691 factamque
756 2652 798 2683 ab
828 2661 870 2683 ea
895 2656 1010 2693 togam

311 2699 436 2740 regiam
464 2699 663 2731 undulatam
690 2701 724 2731 in
744 2701 819 2732 aede
835 2702 1010 2741 Fortunae,

309 2759 376 2793 qua
388 2750 526 2781 Servius
535 2750 648 2781 Tullus
660 2749 771 2780 fuerat
787 2760 879 2782 usus.
923 2751 1010 2783 Inde

307 2798 440 2832 factum
463 2804 501 2831 ut
516 2799 683 2831 nubentes
700 2800 848 2841 virgines
871 2802 1010 2834 comita·

772 247 914 280 No'rAE
946 247 1210 281 vAmoRtJM
1244 248 1296 281 n(

1059 346 1155 374 retur
1169 343 1262 375 colus
1287 346 1425 384 compta
1445 351 1520 376 cum
1545 338 1626 378 fuso
1637 343 1754 379 et*

1057 391 1170 424 mine!
1214 394 1260 424 Et
1284 392 1386 425 sicuti
1410 392 1526 426 Graeci
1545 394 1556 413 ¹
1571 393 1754 439 Hymeti?

1059 441 1136 473 um’
1159 442 1194 474 in
1220 443 1350 484 nuptiis
1373 443 1556 476 inclamare
1571 453 1755 479 consueve-

1059 496 1151 531 runt,
1165 493 1214 524 its
1228 493 1371 525 Romani
1391 493 1664 527 ‘Talassionem’
1683 494 1755 528 Un-

1059 542 1102 574 de
1124 542 1316 575 Martialis:
1353 545 1364 562 ‘
1382 543 1472 577 Quid
1497 544 1526 575 si
1554 553 1607 576 me
1628 543 1755 586 jubens

1058 592 1291 625 Talassionem
1312 593 1438 626 Verbis
1463 593 1577 627 dicere
1597 598 1672 627 non·
1690 593 1756 627 '1¹⁸-

1058 642 1234 675 tassionis:
1276 643 1382 684 Cujus
1405 644 1498 676 vocis
1524 643 1689 685 originem
1704 642 1756 676 ‘ad

1058 692 1257 725 Lanificium
1285 693 1394 726 refert
1416 695 1549 726 Varro:
1573 703 1674 736 quem
1703 701 1756 726 00-

1061 743 1174 783 quitnr
1196 743 1336 775 Festus:
1361 744 1618 776 ‘Talassionem
1642 744 1755 776 Varro

1059 793 1108 825 ait
1136 794 1268 835 signum
1306 803 1381 826 esse
1415 793 1599 835 Lanificii,'
1619 792 1757 836 τάλαρον

1059 844 1163 884 enim,
1179 844 1212 875 id
1228 848 1292 885 est,
1304 845 1482 885 quasillum,
1502 844 1671 886 appensi-i
1688 845 1756 877 Τι-

1058 894 1260 926 Ιαεείουειιι.’
1303 894 1415 926 Aliter
1429 900 1541 926 tamen
1557 893 1683 927 Atilius
1698 901 1756 927 ve-

1060 949 1115 976 tus
1131 944 1359 977 Historiarum
1386 945 1546 986 scriptor,
1568 944 1683 976 Livius
1692 943 1755 977 lib.

1059 1003 1084 1025 1.
1107 994 1244 1026 Servius
1275 994 1316 1026 ad
1346 994 1480 1026 AEneid.
1510 1003 1537 1027 1.
1562 995 1600 1026 et
1627 993 1756 1027 Euseb-

1060 1043 1248 1084 Chremetis,
1263 1044 1321 1085 qui
1337 1053 1454 1076 vocem
1481 1044 1569 1076 hauc
1593 1042 1636 1076 od
1657 1052 1757 1076 omen

1059 1092 1226 1134 referunt,
1242 1098 1278 1125 et
1299 1103 1319 1125 a
1332 1093 1482 1125 Talassio
1497 1093 1684 1134 deducunt,
1698 1093 1757 1126 cni

1060 1143 1252 1184 conjugium
1269 1143 1367 1175 valde
1382 1142 1465 1175 felix
1488 1142 1564 1184 fuit,
1578 1147 1682 1184 rapta*
1692 1143 1757 1175 viro

1059 1193 1137 1234 gine
1155 1195 1264 1225 unicae
1282 1194 1553 1235 pulchritudinis.
1582 1194 1738 1226 Remu-t.

1100 1247 1162 1276 203
1186 1245 1264 1277 Aris
1290 1245 1469 1286 adver-rere]
1506 1245 1586 1278 Non
1613 1249 1667 1278 est
1693 1245 1756 1277 du·

1059 1294 1152 1326 bium
1183 1294 1226 1327 de
1256 1296 1405 1328 veritate
1440 1295 1538 1337 hujus
1565 1295 1757 1336 scriptum,

1059 1354 1159 1385 quam
1185 1345 1220 1378 J.
1248 1345 1382 1386 Lipsius
1407 1346 1520 1377 Elect.
1543 1345 1566 1378 l.
1593 1354 1646 1378 xl.
1670 1353 1702 1378 c.
1723 1347 1758 1378 6.

1058 1395 1261 1427 Franciscus
1284 1395 1421 1427 Modius
1445 1396 1555 1436 Epist.
1579 1398 1612 1427 2.
1633 1395 1757 1436 aliique

1058 1445 1294 1486 restituerunt,
1314 1456 1376 1478 nos
1397 1455 1442 1478 ex
1465 1445 1620 1486 Eutyche
1637 1444 1756 1478 Gram-

1058 1496 1187 1527 matico
1209 1495 1425 1528 firmavimus.
1466 1496 1544 1527 Mos
1555 1495 1626 1536 jam
1641 1495 1758 1527 multis

1060 1544 1238 1576 doctorum
1249 1549 1399 1582 notatus,
1413 1544 1447 1576 in
1462 1554 1577 1576 summo
1589 1545 1675 1576 luctu
1686 1551 1759 1585 pro·

1058 1595 1171 1626 stratis
1197 1594 1398 1635 corporibus
1420 1594 1536 1626 limina
1555 1594 1758 1636 templorum

1059 1644 1208 1676 crinibus
1241 1643 1389 1685 profusis
1414 1653 1627 1677 converrere.
1668 1644 1758 1676 Vide

1059 1694 1212 1734 Lipsium
1242 1694 1352 1726 Elect.
1375 1694 1397 1726 l.
1424 1703 1467 1726 11.
1491 1697 1524 1726 6.
1569 1693 1693 1727 Heium
1712 1693 1760 1726 ad*

1059 1744 1116 1775 Sil.
1148 1743 1228 1776 Ital.
1254 1743 1312 1775 lib.
1342 1752 1427 1776 vm.
1454 1749 1490 1776 et
1507 1744 1629 1777 Claud.
1652 1744 1759 1777 Dans·

1058 1793 1206 1835 queium,
1219 1797 1255 1825 et
1270 1793 1365 1826 alios.
1387 1794 1503 1826 Barth.

1100 1845 1163 1875 207
1196 1843 1358 1875 Praestabo
1388 1844 1537 1885 mar-itus]
1568 1843 1757 1885 Supernbo.

1059 1898 1069 1912 ‘
1086 1894 1223 1927 Maritae
1240 1894 1251 1910 '
1284 1895 1446 1927 dicuntur
1475 1905 1599 1928 uxores
1627 1895 1758 1928 maritis

1058 1944 1202 1985 deditae,
1229 1950 1267 1977 ut
1295 1945 1419 1978 Horat.
1439 1946 1539 1979 ‘Nec
1564 1947 1610 1979 sit
1634 1946 1758 1979 marita

1058 2006 1135 2038 quae
1179 1997 1434 2029 rotundioribus
1470 1998 1606 2030 Onusta
1642 1996 1757 2030 bacci·

1059 2047 1234 2079 ambulet.’
1269 2048 1316 2079 Et
1337 2047 1536 2088 notandum,
1551 2057 1627 2080 cum
1643 2047 1757 2080 salus·

1060 2098 1127 2130 tius
1152 2098 1293 2137 dixerit,
1323 2099 1510 2139 ‘praestare
1534 2097 1671 2130 coeteris
1687 2097 1758 2130 ani-

1059 2147 1224 2180 malibus.’
1239 2148 1404 2190 Virgilius
1418 2153 1549 2180 tamen:
1573 2148 1655 2180 ‘Vel
1665 2157 1759 2189 mag-

1059 2208 1138 2230 num
1155 2203 1300 2239 praestet
1314 2197 1506 2230 Achillem:
1527 2198 1719 2231 Luctum.“*¹·

1101 2252 1165 2281 212
1189 2249 1318 2281 Semina
1347 2248 1459 2290 movit]
1492 2249 1576 2282 Ideo
1604 2247 1759 2290 ingenfia

1059 2299 1200 2339 semina,
1238 2299 1316 2340 quia
1342 2303 1379 2331 et
1407 2299 1566 2330 maritum
1591 2297 1756 2340 prodidit,

1059 2355 1097 2381 ut
1120 2349 1260 2390 periret,
1284 2353 1321 2380 et
1345 2348 1380 2380 in
1406 2358 1443 2381 se
1464 2348 1628 2380 excitavit
1641 2347 1759 2389 filium,

1058 2403 1098 2431 ut
1112 2398 1212 2430 fieret
1233 2394 1425 2439 parricida3
1453 2399 1593 2441 ipseque
1610 2404 1665 2431 est
1684 2407 1758 2430 cor-

1060 2453 1178 2489 reptus
1190 2447 1327 2479 insania.
1351 2447 1449 2480 Idem.

1101 2501 1166 2531 214
1198 2497 1335 2539 Dispare
1358 2497 1452 2538 coetu]
1486 2499 1583 2530 Bene
1610 2498 1733 2539 dispare
1747 2509 1758 2530 .-

1058 2558 1123 2581 nec
1138 2549 1228 2579 enim
1250 2552 1348 2579 tants
1362 2547 1522 2579 nobilitas
1537 2548 1614 2590 equi
1637 2547 1757 2580 eadem

1059 2599 1167 2639 stirpe
1183 2607 1302 2638 equam
1320 2597 1432 2639 potuit
1448 2598 1621 2631 inveniret
1643 2601 1723 2630 coetu
1737 2608 1758 2630 a

1058 2648 1212 2681 coiiundo
1228 2648 1316 2680 dixit
1345 2647 1379 2679 in
1401 2648 1588 2680 Venerem:
1611 2649 1701 2680 hunc
1723 2659 1757 2680 e-

1059 2709 1160 2742 quum
1187 2698 1337 2730 Pollucis
1358 2697 1446 2729 dixit
1466 2698 1590 2739 Virgil.
1619 2698 1760 2731 licentia

1058 2749 1196 2791 poetica
1211 2759 1219 2780 ι
1243 2749 1253 2766 ‘
1266 2748 1424 2790 Cyllarus
1439 2752 1476 2780 et
1503 2758 1645 2791 quorum
1660 2749 1758 2782 Graii

1063 2799 1247 2833 meminere
1262 2797 1398 2841 poetaess
1441 2798 1511 2831 Hic
1529 2798 1680 2832 Castoris
1695 2803 1762 2838 est,
