1878 3164
487 237 529 268 P.
561 235 749 268 ΡΑΡιΝιι
783 234 948 268 ετΑτιι
981 209 1128 267 Tusa.
1158 236 1255 267 ms.
1281 237 1309 267 r.

174 333 302 372 pecurav
312 329 427 364 vit-t
436 329 525 363 Solis
538 327 699 363 calorem.
719 329 847 362 Statius
861 341 870 363 ε

173 384 184 400 ”
201 379 360 414 umba-ir
383 383 527 423 puluere
563 380 685 412 aestiva
711 380 892 422 Lycaei.'’.

172 430 870 473 Inopfl-isnsnbnaisolossographns:

172 481 316 524 Edita]
338 481 547 515 Umbracula
561 490 750 513 nemorum.
771 482 872 514 Clau·

172 532 306 574 ausu,
334 533 436 566 Bello
458 532 542 565 Get.
584 533 594 551 ‘
612 532 751 573 Ingenti
781 533 872 564 clan-

169 590 253 624 gor·
261 590 362 625 grues
373 583 492 615 aestiva
502 578 871 624 relinquunt'l'hracia.'

170 631 215 665 ld
233 635 300 672 est,
313 631 412 664 nidos
437 633 576 665 estivos
592 632 675 664 illuc
701 633 871 665 collocan-

169 687 240 716 tm
254 683 370 716 Barth.

210 735 276 766 884
308 732 507 775 fugientia]
534 733 746 766 Diiabentia.
790 734 870 766 Lac-

191 836 284 866 1⁶5⁴
297 832 496 876 magenes]
516 834 586 868 Qui
602 833 724 876 pluviis
740 843 868 876 augen-

164 887 233 918 αι’.
254 883 365 916 Idam-²

204 932 274 967 *m
293 934 384 967 Am
407 933 537 976 pm]
570 932 704 966 Audita
735 933 868 966 timens.

167 984 221 1018 Id»
323 1000 327 1006 ⁴

204 1038 272 1069 807
295 1036 646 1078 Numantinum]
669 1036 710 1069 Id
721 1041 786 1079 est,
797 1045 865 1069 non

163 1085 312 1128 segnior.
335 1086 436 1119 Idem.

205 1138 271 1169 808
291 1136 360 1170 Per
381 1138 477 1177 nigra
503 1137 647 1179 silentia]
670 1137 863 1171 Terribilia.

163 1190 204 1222 ut
225 1186 350 1229 Virgil.
369 1187 381 1206 ‘
397 1189 501 1221 Nunc
529 1189 605 1230 ipsa
629 1189 766 1221 silentia
796 1193 866 1221 ter-

162 1237 261 1270 renta’
274 1237 372 1271 laean-

203 1289 270 1322 809
289 1288 516 1331 Hauritiur]
538 1289 727 1322 Consumit.
762 1289 863 1322 Undi-

159 1337 348 1381 ΨΜ]
370 1337 443 1372 Ant
457 1340 557 1382 cujus
571 1341 676 1372 solius
697 1341 797 1373 timet
811 1340 862 1372 in-

158 1387 282 1423 sidia:
304 1393 365 1422 aut
379 1391 478 1432 quus
488 1391 620 1423 invidet
636 1401 756 1433 regno.
771 1391 863 1423 Hau·

156 1439 204 1472 rit
218 1448 314 1482 ergo,
322 1441 451 1483 accipit
463 1452 473 1475 ε
495 1442 532 1474 id
546 1446 616 1483 est,
627 1442 781 1475 terribile
793 1443 862 1474 iter

157 1491 278 1533 oculis,
292 1493 442 1535 auribus,
456 1498 494 1527 et
507 1494 599 1527 omni
621 1494 773 1536 percipit
787 1504 863 1526 sen-

158 1549 210 1577 su.
235 1540 274 1574 et
294 1542 422 1586 ubique
447 1543 496 1576 sic
520 1548 674 1576 terretur
699 1548 861 1586 tanquam

159 1591 286 1634 ubique
301 1592 348 1626 sit
369 1592 500 1627 frater:
523 1597 564 1626 ut
584 1595 672 1635 est,‘
689 1594 861 1637 Quicquid

156 1641 372 1683 increpuerit
392 1642 574 1676 Catilinam
597 1643 710 1675 timeri
731 1648 791 1676 aut
812 1644 861 1676 vi·

158 1691 260 1724 deri-³
273 1692 375 1726 Idem.

198 1742 264 1774 870
285 1742 438 1785 Hybem
447 1743 560 1786 ponto]
583 1744 627 1777 Id
640 1748 692 1777 est
708 1749 859 1788 tempes-

157 1791 251 1832 τίνος
273 1797 314 1825 at
336 1793 434 1836 Virg-
465 1795 476 1813 ⁶
501 1795 656 1828 emissam
682 1796 859 1838 hyemem:

155 1841 198 1874 Id
213 1845 280 1883 est,
295 1847 551 1885 tempestatem.
567 1846 666 1879 Idem.

198 1894 262 1926 an
278 1893 484 1938 Tempiger]
493 1896 503 1914 ⁶
516 1895 657 1938 Pigrum
671 1901 838 1929 temonem
849 1897 859 1912 ¹

153 1944 431 1985 septentrionem
457 1945 560 1987 dixit,
590 1949 648 1989 qui
684 1954 857 1991 uunquam

154 1994 334 2037 mergitur.
349 1995 449 2028 Idem.

197 2043 262 2077 ’878
283 2045 455 2087 Mulie-nis]
478 2047 682 2080 Latentibus
705 2049 777 2081 sive
794 2049 857 2082 du·

154 2095 232 2129 biis.
255 2096 390 2138 virgil.
429 2098 440 2116 ⁸
470 2098 534 2130 sub
569 2098 647 2132 luce
684 2100 858 2142 maligna!

196 2198 263 2228 876
287 2196 375 2228 Talis
385 2198 495 2239 opaca]
519 2198 560 2231 Id
582 2203 635 2232 est
649 2200 760 2241 qualis
775 2211 856 2234 nau-

153 2249 204 2286 ta,
218 2245 342 2279 timens
365 2251 497 2280 tantum
520 2250 594 2281 sine
610 2251 679 2282 ulls
699 2252 856 2295 segnitie,

151 2297 206 2330 vir
215 2296 315 2330 fortis
329 2298 519 2340 ingressum
534 2300 604 2333 iter
616 2302 855 2338 emetiebatur.

154 2346 254 2382 Idm.

193 2401 258 2432 877
286 2400 383 2433 Vasta
406 2401 586 2444 metuenda]
621 2403 733 2436 Umbo
759 2406 854 2438 Lati-

150 2449 215 2491 nis,
227 2450 383 2483 Varrone
406 2456 509 2494 teste,
522 2453 614 2494 quod
639 2455 774 2487 Graecis
796 2455 854 2496 ἅμ-

150 2501 258 2536 βυκς.
303 2501 421 2534 Graeci
437 2507 552 2535 autem
567 2502 707 2544 ἅμβωνες
717 2512 853 2545 vocant,

151 2550 315 2593 quiequid
330 2552 542 2585 extumidum
554 2559 609 2587 est
625 2560 660 2588 et
670 2557 852 2597 prominet.

146 2599 244 2633 ‘Hine
267 2601 453 2643 scriptores
476 2612 497 2634 a
517 2609 616 2644 parte
632 2615 709 2647 quae
726 2606 759 2638 in
782 2608 853 2649 cly-

149 2659 216 2692 peo
232 2651 387 2685 Romano
399 2653 508 2685 instar
519 2655 688 2688 dimidiati
700 2657 754 2689 ovi
770 2659 853 2690 erni·

150 2700 268 2743 nebat,
291 2704 528 2745 συνεκδοχικῶς,
542 2706 552 2723 ‘
570 2705 752 2739 umbonem
765 2707 775 2722 '
789 2718 852 2749 pro

149 2751 273 2794 clypeo
299 2759 454 2795 ponuntz
474 2755 528 2786 uti
556 2755 620 2788 hoc
649 2757 724 2789 loco
751 2758 853 2800 Papi·

150 2801 227 2834 nins
248 2807 376 2845 noster,
392 2808 430 2837 et
446 2805 536 2838 htx.
551 2806 562 2824 ‘
579 2810 713 2840 tentato
734 2809 852 2843 umbo-

1512 229 1627 272 1785

921 339 965 362 ue
981 328 1177 362 redissent!
1188 329 1344 361 Bernart-

964 384 1028 413 378
1050 381 1225 413 Excutiens
1248 380 1386 422 stabula]
1409 380 1454 414 Id
1475 385 1542 424 est,
1557 384 1626 425 syl-

922 442 980 464 vas
994 443 1002 460 ε
1026 441 1117 464 nunc
1130 432 1252 473 clypeo
1267 430 1417 464 ferarum
1433 430 1543 466 lustra
1557 434 1627 466 dis-

921 483 1023 522 cutit,
1038 492 1127 515 nunc
1142 483 1292 524 pectoris
1316 483 1464 526 impulsu
1477 485 1626 518 stabula.

923 533 1123 566 Lactantius.

962 585 1028 615 379
1049 584 1119 615 Dae
1132 582 1276 615 stimulos
1289 583 1408 625 animo]
1432 584 1473 616 Id
1490 588 1556 625 est,
1573 585 1625 618 ni·

920 633 1025 664 mium
1050 632 1202 665 timendo
1228 643 1297 666 non
1323 634 1435 674 timet,
1458 635 1507 667 sic
1532 636 1624 668 enim

920 688 1004 716 tunc
1039 685 1175 724 timent,
1201 686 1280 718 dum
1313 696 1380 719 non
1407 688 1540 720 timent.
1568 689 1626 721 Vis

919 738 1027 778 naoesta
1036 735 1177 777 timoris]
1193 737 1258 768 Est
1268 737 1433 770 tristitia:
1456 738 1535 771 huic
1546 739 1623 771 loco

919 787 1079 828 congruit
1092 788 1176 820 illud
1197 782 1296 830 Virg.
1319 789 1329 806 ‘
1346 789 1425 821 Una
1445 790 1536 822 salus
1552 789 1623 822 vic·

918 837 962 869 tis
978 838 1103 869 nullam
1119 848 1260 879 sperare
1275 838 1448 873 salutem!
1464 840 1564 871 Idem.

959 891 1024 920 380
1047 889 1156 921 Donec
1177 890 1216 921 ab
1231 890 1386 931 Inachiis]
1408 889 1558 932 Argivis,
1577 891 1620 923 ab

916 938 1046 970 Inacho
1075 937 1199 971 fluvio:
1225 943 1263 971 ut
1289 940 1388 981 Virg.
1412 941 1422 958 ‘
1439 941 1531 973 Ecce
1561 951 1621 973 au-

918 992 986 1020 tem
997 988 1144 1020 Inachiis
1155 998 1230 1021 sese
1245 989 1421 1022 referebat
1429 991 1472 1022 ab
1485 991 1587 1032 Argis
1595 992 1622 1024 ε’

915 1039 1001 1071 dicit
1011 1039 1138 1071 tamdiu
1150 1049 1281 1071 errasse
1292 1040 1621 1083 Polynicen,quam-

915 1090 974 1122 (liu
990 1089 1034 1121 de
1049 1089 1199 1122 Inachiis
1214 1090 1329 1131 tectis,
1345 1090 1367 1123 i.
1382 1100 1412 1123 e.
1429 1091 1473 1123 de
1488 1090 1621 1133 Argiva

915 1141 1060 1173 civitate
1078 1140 1179 1172 victis
1199 1140 1357 1175 ,tenebris
1380 1141 1440 1174 lux
1463 1141 1621 1175 emicuis-

914 1195 990 1224 set:
1011 1191 1057 1223 de
1080 1190 1231 1223 civitatis
1257 1200 1351 1232 arce,
1374 1201 1450 1234 quae
1474 1193 1620 1234 Laryssa

913 1241 1121 1274 nominatur.
1164 1240 1243 1272 Non
1270 1250 1331 1273 nos
1367 1246 1482 1274 autem
1513 1243 1621 1277 debet

913 1290 1140 1331 confundere,
1156 1290 1248 1332 quod
1271 1295 1308 1323 et
1326 1292 1510 1324 Thessaliae
1536 1293 1619 1325 civi-

913 1344 968 1372 tas
986 1341 1131 1382 Laryssa
1152 1340 1292 1381 dicitur,
1306 1350 1326 1373 a
1341 1351 1408 1383 qua
1433 1346 1469 1374 et
1494 1343 1619 1386 Larys-

913 1400 990 1422 seus
1005 1390 1177 1423 Achilles:
1202 1391 1277 1424 hoec
1293 1392 1396 1433 enim,
1411 1402 1511 1435 quam
1527 1403 1618 1427 nunc

912 1446 1169 1482 commemorat,
1184 1452 1244 1473 arx
1269 1447 1323 1475 est
1343 1438 1499 1476 'civitatis
1514 1444 1619 1486 Argi·

914 1501 978 1530 vae,
997 1501 1075 1533 qum
1090 1493 1238 1533 Laryssa
1253 1493 1390 1526 dicitur.
1407 1495 1519 1528 Idem:

955 1545 1016 1574 881
1043 1542 1174 1575 Deveaea
1196 1543 1232 1574 in
1253 1544 1382 1585 moenia]
1405 1545 1512 1578 Quasi
1533 1545 1618 1577 ima-

912 1592 1027 1634 ginem
1064 1593 1151 1625 lucis
1196 1594 1354 1635 accipere
1390 1595 1539 1627 debeat:
1577 1600 1618 1628 ut

910 1643 1006 1684 Virg.
1049 1643 1220 1676 ‘Devexo
1248 1644 1382 1677 interea
1410 1646 1550 1688 propior
1575 1646 1618 1679 fit

909 1704 1035 1737 vesper
1061 1695 1239 1737 olympo?
1262 1697 1412 1739 Devexo]
1436 1698 1476 1730 In
1505 1699 1616 1732 latere

909 1746 1034 1777 montis
1052 1746 1176 1787 posita.
1192 1746 1292 1778 Idem.

952 1798 1016 1827 382
1038 1796 1226 1837 Larymna
1247 1796 1344 1838 apex]
1367 1795 1442 1829 Arx
1464 1797 1615 1832 civitatis

908 1844 1063 1886 Argivae.
1087 1845 1209 1887 Illespe
1219 1847 1466 1890 concita-comni]
1490 1848 1532 1881 Id
1547 1854 1614 1892 est,

910 1895 954 1927 ad
981 1896 1074 1927 illam
1101 1901 1246 1937 partem,
1271 1898 1362 1930 unde
1390 1898 1615 1943 posteaquam

909 1948 1023 1979 lumen
1039 1948 1219 1980 emicuisse
1237 1949 1344 1991 videt,
1357 1950 1462 1984 desiit
1478 1951 1614 1985 timere.

908 1999 1010 2031 Idem.

950 2052 1012 2082 383
1038 2049 1138 2082 Celsoe
1158 2050 1313 2091 Jumnia,
1336 2050 1407 2092 ξω]
1432 2052 1528 2085 Nihil
1557 2052 1613 2086 hic

906 2100 979 2132 sani
1005 2105 1179 2132 vetustate
1208 2101 1312 2132 nimia
1335 2111 1481 2134 corrasae
1511 2107 1548 2141 et
1577 2104 1613 2136 in

905 2150 1055 2183 frustilla
1105 2152 1343 2192 dependentes
1388 2154 1610 2187 membranar-

906 2202 1132 2243 Prosymnam
1142 2202 1259 2233 urbem
1275 2212 1353 2234 cum
1365 2203 1533 2235 Strabone
1550 2214 1611 2245 ag·
1642 2229 1644 2231 >

905 2251 1021 2283 noscit
1057 2251 1232 2290 Lutatius,
1263 2251 1438 2291 regionem
1477 2252 1611 2286 faciunt

903 2301 1093 2333 Pausanias
1115 2306 1151 2333 et
1166 2301 1372 2342 Stephanus,
1396 2306 1434 2334 ut
1457 2304 1501 2335 ad
1517 2304 1612 2337 Geo-

904 2352 1067 2393 graphum
1092 2355 1248 2383 notatum
1274 2353 1422 2384 maximo
1437 2354 1610 2388 Casaubo·

903 2411 958 2434 no.
1003 2401 1114 2433 Litem
1131 2401 1293 2433 decidere
1315 2403 1494 2446 debemus,
1509 2410 1549 2438 ut
1564 2415 1609 2438 ex

903 2452 1051 2493 Papinio
1062 2456 1241 2495 utramque
1253 2463 1461 2488 asseramus:
1476 2456 1505 2488 si
1517 2457 1608 2490 enim

901 2503 992 2544 μοῖρα
1014 2502 1073 2534 τοῦ
1091 2502 1237 2544 Ἄργους,
1251 2505 1440 2537 secundum
1460 2507 1607 2549 Stepha-

902 2563 996 2594 num,
1009 2553 1127 2595 utique
1143 2554 1305 2594 Regionis
1328 2566 1420 2597 pars,
1434 2562 1495 2589 aut
1516 2559 1608 2591 aesti-

902 2609 1027 2641 metm,
1043 2605 1147 2644 Argos
1161 2605 1251 2636 euim
1265 2610 1302 2637 et
1324 2607 1498 2647 regionem
1515 2614 1551 2641 et
1567 2609 1606 2641 il-

902 2656 969 2687 lam
995 2655 1146 2687 nobilem
1171 2655 1348 2688 civitatem
1365 2662 1477 2699 notat,
1492 2663 1528 2691 et
1555 2660 1606 2692 ita

899 2706 910 2725 ‘
925 2707 1052 2738 celsam
1065 2705 1075 2720 '
1089 2705 1178 2737 dixit
1203 2706 1370 2747 Papinius
1390 2708 1459 2749 hic,
1480 2715 1516 2741 et
1541 2709 1603 2742 lib.

902 2767 954 2790 ιν.
977 2757 1035 2789 ubi
1067 2756 1244 2788 civitatem
1271 2756 1476 2798 Argivorum
1500 2761 1604 2793 Luta.

900 2810 969 2841 tius
982 2809 1107 2840 iterum
1123 2808 1287 2850 appellat.
1303 2808 1420 2842 Barth.
