1878 3164
281 210 395 253 2058
736 221 993 255 Reonusus
1026 222 1310 256 ssm‘rronum

339 321 439 360 1599
466 319 638 359 Venetiis
657 320 796 360 eadem
810 321 988 373 repetita.
1010 323 1049 362 8.

334 404 389 413 --
415 383 663 423 Plautiniana
683 397 735 424 ιι.
753 385 869 424 Antv.
891 386 930 424 8.
949 385 1260 424 Commentarius
1280 386 1347 426 Jo.
1369 387 1558 427 Bernartii
1578 387 1618 426 in
1637 387 1728 440 Syl-

281 460 353 486 vas
374 447 488 486 Statii
506 450 546 498 (a
568 448 726 486 scholiis
752 455 791 487 et
810 449 912 487 notis
934 451 1051 488 antea
1069 448 1183 488 editis
1203 449 1410 500 diversus).

614 609 764 648 AETAS
794 609 868 649 111.
898 607 1407 651 LINDENBROGIANA.

867 674 1148 713 1600—1653.

282 788 308 817 a
335 776 441 816 Frid.
475 777 774 831 Lindenbrogio‚
803 779 870 830 qui
895 779 1063 818 Statium
1095 792 1175 818 non
1207 778 1325 818 modo
1357 781 1566 833 recensuit,
1596 781 1667 822 sed
1692 788 1733 822 et

283 841 451 881 Luctatii
479 842 716 882 Commentt.
743 842 782 880 in
813 842 936 882 Theb.
972 855 1019 882 ac
1050 843 1214 895 primum
1248 842 1404 893 quidem
1441 844 1480 884 in
1513 843 1734 885 Achilleida

283 904 418 945 edidit.
452 905 550 944 Post
568 919 656 945 eum
672 906 797 945 Statio
818 919 887 945 seu
903 905 1047 945 affuere
1063 920 1131 946 seu
1145 908 1326 959 profuere
1342 921 1446 947 curae
1458 908 1548 947 Jani
1561 907 1736 956 Gruterss

282 968 347 1010 Jo.
367 968 455 1009 Jac.
476 969 668 1017 Grasseri,
686 969 778 1008 Jani
797 969 916 1022 Casp
937 970 1123 1018 Gevartii‚
1143 978 1183 1010 et
1202 971 1365 1011 Emerici
1399 971 1552 1021 Crucei‚
1571 970 1731 1017 Barthio

281 1043 419 1083 parum
438 1034 602 1084 probati.
658 1033 760 1072 Novi
776 1034 1002 1086 interpretes
1022 1047 1240 1083 accessere,
1255 1035 1319 1075 Jo.
1342 1035 1544 1074 Barclaius
1559 1034 1610 1074 ad
1628 1031 1732 1088 The-

281 1095 449 1143 haidem,
472 1096 568 1135 Fed.
589 1097 777 1136 Morellus
796 1097 847 1135 ad
865 1097 1019 1150 Sylvas.
1091 1098 1212 1137 AEtati
1227 1098 1387 1138 tandem
1407 1104 1580 1138 venturae
1595 1085 1732 1151 prolu-

283 1158 335 1198 sit
353 1159 418 1198 Jo.
440 1159 546 1200 Frid.
567 1160 782 1200 Gronovii
773 1175 812 1199 in
831 1162 971 1215 Sylvas
991 1161 1171 1201 diatribe.

341 1223 442 1261 1600
471 1223 596 1264 Paris.
615 1227 655 1264 4.
677 1224 724 1264 P.
744 1225 790 1265 P.
813 1225 927 1264 Statu
939 1238 1070 1277 opera
1087 1239 1176 1277 quae
1194 1231 1341 1265 extant.
1391 1225 1544 1265 Placidi
1563 1225 1729 1265 Laetan-

284 1285 328 1323 tii
360 1289 411 1336 (s.
443 1287 624 1337 Luctatii)
660 1288 699 1326 iu
735 1287 936 1327 Thebaida
973 1294 1013 1326 et
1047 1288 1268 1327 Achilleida
1299 1285 1635 1331 commentarius.
1671 1289 1731 1328 Ex

286 1348 387 1389 Bibl.
416 1350 478 1390 Fr.
501 1351 655 1391 Pithoei.
712 1351 878 1390 Collatis
914 1352 1015 1389 Mss.
1045 1351 1319 1403 veteribusque
1349 1352 1646 1404 exemplaribus,
1672 1365 1733 1392 re·

283 1415 450 1458 censuit,
465 1414 604 1466 partim
625 1428 729 1455 nunc
747 1415 913 1468 primum
932 1414 1057 1454 edidit
1081 1415 1112 1453 F
1114 1415 1189 1454 rid.
1207 1415 1431 1468 Tiliobroga
1449 1415 1731 1468 (Lindenbrog)

283 1477 446 1529 adjectis
466 1479 658 1518 variarum
683 1479 894 1518 lectionum
927 1478 1262 1518 observationibus
1297 1479 1505 1531 indiceque
1524 1479 1732 1519 uberrimo.

284 1541 444 1580 Parisiis
464 1555 512 1581 ex
531 1542 686 1582 officina
705 1542 879 1582 Plautin.
901 1555 964 1595 ap.
984 1541 1111 1582 Hadr.
1127 1542 1271 1581 Perier.
1325 1542 1518 1582 Lactantii
1535 1555 1734 1583 commen·

284 1605 406 1645 tarius
426 1605 465 1644 in
483 1597 753 1646 Achilleidain
773 1606 847 1645 hac
866 1605 959 1645 edit.
978 1605 1144 1657 primum
1166 1605 1351 1658 vulgatus
1371 1611 1446 1645 est.
1495 1605 1660 1645 Codices
1680 1597 1732 1644 ad

283 1670 550 1709 recensionem
569 1675 700 1709 textus
717 1670 876 1709 adhibiti
897 1669 1034 1721 Sylvas
1054 1681 1133 1707 non
1151 1669 1360 1708 habebant.
1410 1668 1594 1708 Ceterum
1611 1669 1728 1721 hujus

284 1732 379 1772 edit.
398 1734 616 1785 exemplum
645 1747 735 1773 cum
764 1735 875 1773 novis
901 1732 1116 1772 emendatt.
1148 1739 1188 1771 et
1216 1734 1428 1772 observatt.
1458 1732 1732 1785 Lindenbrogii

285 1796 387 1836 Mss.
407 1802 490 1835 tum
510 1797 559 1835 ad
580 1797 761 1845 Statium,
775 1804 856 1837 tum
878 1798 929 1836 ad
947 1796 1031 1848 ejus
1050 1802 1408 1845 commentatorem,
1420 1803 1594 1841 servatur
1608 1796 1729 1837 Ham-

283 1860 398 1912 burgi
416 1861 455 1899 in
477 1861 579 1899 Bibl.
599 1862 791 1900 Joannea.

337 1947 392 1954 —
419 1925 603 1965 Genevae.
642 1925 837 1977 Repetitio
856 1924 1007 1977 prioris.

340 2011 393 2019 -
421 1988 708 2041 Heidelbergae‚
745 2002 795 2028 ex
845 1990 948 2029 offic.
989 1987 1315 2035 Commeliniana,
1351 2000 1441 2027 cum
1490 1987 1593 2027 notis
1639 1988 1732 2028 Jani

288 2052 456 2092 Gruteri.
592 2083 599 2087 -

344 2117 441 2156 1601
476 2117 725 2169 Mussiponti.
747 2119 784 2156 8.
803 2118 868 2157 Jo.
885 2116 1052 2156 Barclaii
1072 2115 1373 2155 Commentarii
1363 2129 1402 2154 m
1434 2115 1548 2154 Statu
1564 2114 1732 2155 Thebai

286 2181 392 2226 dem,
413 2181 462 2219 de
482 2182 621 2232 quibus
648 2181 844 2220 sinistrum
860 2181 1050 2233 judicium
1069 2179 1217 2219 Barthii
1236 2179 1307 2218 To.
1329 2193 1364 2218 1.
1385 2178 1436 2218 ad
1456 2174 1622 2219 Statium
1639 2174 1731 2231 pag.

292 2246 406 2284 1273.
422 2245 471 2283 ad
492 2245 682 2284 Thebaid.
704 2259 766 2284 1v.
787 2246 878 2284 799.

341 2330 394 2338 --
422 2308 546 2348 Paris.
569 2311 608 2349 8.
629 2308 726 2348 Fed.
746 2309 930 2348 Morelli'
921 2323 959 2347 m
979 2308 1077 2361 Pap.
1101 2307 1216 2346 Statii
1236 2305 1376 2359 Sylvas
1396 2306 1502 2345 obss.

344 2373 444 2410 1602
473 2372 597 2412 Paris.
618 2374 658 2410 4.
681 2372 777 2412 Fed.
799 2372 955 2412 Morelli
973 2379 1013 2410 et
1038 2370 1196 2410 Domitii
1214 2369 1415 2408 Calderini
1444 2367 1732 2409 observationes

288 2434 339 2473 ad
360 2436 474 2473 Statii
493 2435 631 2488 Sylvas
651 2449 740 2476 cum
759 2435 1036 2487 Lindenbrogii
1055 2433 1349 2474 annotationum
1368 2431 1419 2472 ad
1433 2431 1588 2472 easdem
1606 2432 1733 2472 corol-

286 2498 398 2537 lario.

347 2562 447 2600 1605
476 2562 663 2610 Genevae,
686 2563 749 2602 12.
798 2563 899 2614 Rep.
921 2561 1015 2601 edit.
1035 2560 1241 2599 Bernartii.

347 2626 447 2663 1607
477 2626 595 2665 Antv.
609 2628 646 2664 8.
696 2626 741 2664 P.
762 2626 808 2665 P.
829 2626 941 2665 Statu
956 2638 1087 2678 opera
1107 2638 1155 2663 ex
1174 2636 1253 2662 rec.
1270 2629 1364 2662 etc.
1384 2620 1540 2660 scholiis
1555 2621 1620 2662 Jo.
1642 2622 1735 2662 Ber-

294 2687 423 2728 nartii.
480 2688 538 2726 Ex
558 2689 648 2729 Cat.
666 2689 767 2728 Bibl.
787 2690 829 2729 S.
849 2690 888 2728 J.
910 2689 1033 2741 Brug.
1050 2701 1091 2740 p.
1113 2688 1203 2725 172.

350 2753 450 2792 1609
478 2752 641 2804 Argent.
662 2754 700 2793 8.
721 2752 769 2794 P.
790 2752 836 2793 P.
858 2753 971 2793 Statii
990 2765 1123 2806 opera,
1137 2761 1232 2790 cura
1249 2747 1288 2788 J.
1308 2747 1349 2787 J.
1370 2745 1562 2791 Grasseri.
