1878 3164
298 185 411 232 1770

298 289 366 321 lem
395 289 594 331 Amphiarai
625 283 829 331 conjugem,
855 289 996 323 Adrasti

299 343 415 371 autem
441 349 603 380 sororem,
628 349 728 371 omne
753 339 996 377 dissensionum

293 388 461 430 judicium
488 387 628 421 referre.
672 388 823 430 Illapro
845 388 996 420 Adrasto

298 439 502 471 sententiam
533 439 624 479 tulit,
653 438 818 480 adjiciens
849 443 886 471 ut
916 436 996 471 belli

298 490 424 522 Thebis
449 490 619 523 inferendi
634 490 747 522 socius
771 489 996 531 Amphiaraus

299 539 502 582 adjutorque
517 546 621 573 esset.
664 539 892 581 Amphiaraus
908 541 997 572 exis-

300 590 421 623 timaus
431 601 467 623 se
482 591 523 623 ab
541 600 644 623 uxore
659 591 843 632 proditum,
856 599 996 625 consen-

300 640 345 673 sit
357 641 400 672 ad
424 635 548 673 bellum
563 641 626 681 ire,
650 640 709 673 sed
734 639 911 677 Alcmeoni
925 640 995 673 filio

300 690 462 722 mandata
473 690 580 730 dedit,
592 695 632 722 ut
647 694 726 732 post
747 700 843 722 suum
863 691 994 723 obitum

298 739 495 782 Eriphylem
521 740 718 782 perimeret.
761 739 861 774 Quod
888 740 995 782 patris

298 790 496 824 mandatum
506 794 630 833 postea
644 795 820 831 executus,
833 789 993 827 facinoris

299 840 508 872 conscientia
536 840 570 872 in
600 840 761 876 insaniam
789 850 904 873 versus
919 846 993 878 vest.

298 888 481 931 Adrastus,
495 890 690 931 Polynices,
712 900 752 923 ac
774 883 927 932 Tydeus,
949 890 992 923 ad

299 938 424 977 bellum
446 939 541 980 ituri,
556 944 701 982 quatuor
726 941 906 982 elegerunt
933 940 993 972 du-

298 998 369 1029 ces,
396 988 648 1031 Amphiaraum,
676 990 883 1032 Capaneum,
907 990 993 1033 Hip-

298 1039 517 1081 pomedonta,
528 1044 563 1071 et
579 1040 879 1081 Parthenopaeum.
925 1041 994 1075 Qui

299 1098 416 1121 omnes
428 1099 504 1121 cum
521 1099 642 1130 magno
658 1090 814 1128 exercitu
831 1089 993 1129 adversus

296 1137 430 1170 Thebas
457 1137 604 1179 profecti
626 1146 715 1170 sunt.
760 1137 848 1178 Post
870 1137 994 1179 deinde

296 1188 482 1222 Etheocles
503 1193 540 1221 et
568 1188 753 1230 Polynices
775 1184 851 1221 sese
877 1192 994 1221 mutuo

296 1239 571 1275 interfecerunt:
598 1240 776 1282 Capaneus
799 1250 918 1281 magno
933 1241 992 1272 im-

295 1295 380 1332 petu
396 1291 498 1322 scalis
512 1300 643 1323 murum
654 1290 840 1324 ascendens
851 1296 993 1323 mortem

297 1342 457 1383 oppetiit.
501 1341 728 1383 Amphiaraus
752 1342 786 1373 in
808 1346 910 1374 terrae
925 1342 994 1373 hia-

297 1394 368 1423 tum
398 1401 475 1424 cum
512 1401 614 1424 curru
649 1391 795 1432 delatus,
823 1401 994 1434 nunquam

295 1445 417 1482 postea
432 1442 523 1474 visus
549 1445 613 1474 est.
657 1441 785 1479 Eodem
801 1442 901 1475 modo
915 1443 994 1475 reli-

296 1491 353 1533 qui
378 1491 480 1524 duces
494 1501 624 1531 omues,
650 1496 779 1533 praeter
798 1491 995 1532 Adrastum,

294 1542 457 1584 multique
473 1547 642 1584 praeterea
656 1542 813 1573 mortales
826 1541 994 1574 occubue-

295 1597 387 1633 runt,
403 1603 543 1635 quorum
560 1593 831 1635 sepeliendorum
846 1591 992 1624 facultas

293 1653 314 1687 a
329 1644 498 1677 Thebanis
513 1653 588 1676 cum
605 1643 775 1684 denegata
790 1648 891 1679 esset,
904 1642 992 1674 inse-

291 1694 409 1736 pultos
441 1694 633 1736 relinquens
670 1692 852 1733 Adrastus,
881 1693 992 1735 Argos

293 1745 411 1777 rediit.
455 1746 616 1778 Ceterum
633 1754 710 1776 curn
735 1745 845 1776 nulius
867 1753 926 1775 eos
941 1754 993 1776 se-

295 1795 403 1836 pelire
425 1794 581 1834 auderet,
606 1793 669 1825 soli
685 1793 919 1834 Athenienses,
935 1793 991 1835 qui

294 1847 431 1876 ceteros
457 1844 670 1885 benignitate
708 1843 898 1883 anteibant,
922 1853 992 1875 om-

292 1903 354 1926 nes
369 1894 423 1936 qui
441 1895 473 1926 in
501 1894 653 1926 Cadmea
667 1894 879 1935 ceciderant,
894 1904 990 1936 sepe-

292 1944 469 1977 liverunt.'

337 1995 426 2027 Haec
440 1994 484 2026 de
500 1994 581 2026 belli
597 1995 697 2036 hujus
714 2003 826 2035 causa,
837 2004 991 2036 progres-

294 2055 347 2082 su,
364 2055 403 2077 ac
418 2045 498 2085 fine,
516 2045 660 2077 tradidit
672 2045 844 2077 Diodorus
859 2054 867 2075 :
894 2046 991 2086 cujus

293 2097 497 2128 sententiam
507 2096 693 2131 Pausanias
704 2105 769 2127 non
778 2095 885 2127 solum
899 2095 991 2127 labe-

292 2147 439 2186 factare,
455 2147 514 2178 sed
531 2156 597 2188 qua
624 2146 765 2178 Homeri
785 2146 992 2187 testimonio,

294 2209 361 2242 qua
398 2199 585 2230 rationibus
623 2202 781 2229 evertere
822 2202 964 2229 conatur
982 2209 990 2227 ι

293 2249 398 2282 verba
434 2250 507 2290 ejus
536 2249 608 2280 haec
635 2254 714 2282 suut
743 2247 776 2279 in
805 2247 991 2279 Boeoticis:

288 2306 302 2339 ,¹
321 2300 424 2332 Laius
449 2291 560 2330 autem
588 2307 663 2329 cum
688 2307 828 2339 regnum
846 2301 990 2335 teneret,

293 2355 329 2382 et
345 2359 483 2380 uxorem
500 2348 642 2380 haberet
659 2347 850 2387 Jocastam,
871 2356 990 2378 oracu-

293 2401 363 2431 lum
391 2401 422 2431 ei
452 2399 620 2430 redditum
647 2397 793 2438 Delphis
818 2407 838 2428 a
858 2396 940 2436 filio,
962 2396 989 2428 si

294 2451 368 2492 quis
385 2450 416 2481 ei
432 2459 476 2480 ex
491 2449 632 2482 Jocasta
646 2452 857 2486 nasceretur,
873 2446 990 2478 interi-

295 2505 366 2532 tum
387 2499 450 2531 sibi
469 2499 663 2531 imminere:
678 2507 781 2540 quare
798 2506 915 2529 recens
931 2506 989 2528 na-

293 2554 364 2581 tum
382 2549 543 2589 OEdipuni
560 2547 728 2589 exposuit.
772 2546 820 2578 At
834 2546 890 2578 ille
913 2556 989 2577 cum

292 2599 510 2638 adolevisset,
523 2603 559 2630 et
576 2603 707 2639 patrem
720 2597 860 2636 occidit,
874 2601 910 2628 et
923 2606 990 2628 ma·

294 2655 380 2682 trem
396 2649 503 2690 ipsam
518 2656 658 2679 uxorem
673 2646 792 2678 duxit:
808 2645 893 2678 filios
911 2655 989 2678 vero

294 2708 336 2730 ex
353 2708 394 2730 ea
409 2698 519 2729 nullos
535 2697 670 2729 omnino
686 2695 842 2737 genuisse
858 2705 922 2738 ego
938 2705 991 2728 ar·

292 2748 425 2786 bitror:
452 2746 645 2781 testimonio
665 2745 746 2779 mihi
771 2749 851 2780 suut
873 2745 932 2789 qui
954 2745 988 2778 in

764 198 904 229 NOTAE
938 198 1200 231 VARIORUM
1233 199 1283 230 ΙΝ

1047 290 1206 333 Odyssea
1235 293 1395 334 leguntur
1424 292 1567 324 Homeri
1601 299 1740 329 versus·

1046 343 1142 375 §Vidi
1154 343 1257 376 etiam
1269 343 1451 386 OEdipodis
1463 348 1606 376 matrem
1622 341 1747 387 formo·

1045 402 1116 425 sam
1148 393 1355 435 Epicastem,
1387 394 1472 427 Quae
1496 393 1589 426 foedo
1615 391 1744 433 imput-

1046 442 1129 478 deus
1146 444 1326 476 temeravit
1345 444 1487 478 crimine
1503 444 1618 486 vitam,
1634 441 1744 475 Gnati

1038 493 1162 534 juncta
1177 498 1269 526 toro:
1283 493 1473 536 genitorem
1485 492 1659 525 occiderat
1667 490 1744 537 ille,

1047 543 1131 575 Mox
1160 542 1291 575 facinus
1318 544 1424 575 visum
1446 548 1500 576 est
1514 541 1646 584 superis
1662 540 1742 574 abo-

1044 592 1116 625 lere
1132 592 1339 625 nefandum'

1087 643 1156 677 Qui
1182 644 1270 675 enim
1295 643 1367 685 ejus
1381 641 1502 685 flagitii
1517 641 1608 675 fama
1627 622 1742 676 statim

1045 693 1210 734 potuisset
1224 693 1365 735 aboleri,
1380 694 1408 726 si
1431 697 1577 736 quatuor
1597 691 1744 726 fuissent

1043 753 1087 775 ex
1114 743 1258 777 Jocasta
1288 743 1387 776 liberi
1417 742 1589 786 suscepti?
1625 751 1742 775 verum

1044 793 1268 835 Eurygenaea-
1283 793 1358 826 illos
1387 791 1648 836 Hyperphantis
1670 790 1742 837 tilia

1044 843 1199 884 peperit:
1217 843 1307 885 quod
1323 843 1351 875 is
1362 842 1580 885 quicartnina
1594 841 1742 881 illacon·
1766 865 1777 877 „

1041 892 1143 933 didit,
1156 902 1231 933 quae
1239 892 1424 934 OEdipodia
1435 890 1744 932 nominantffleclq.

1045 945 1109 977 rat.
1155 941 1301 974 Onasias
1338 943 1442 975 etiam
1476 935 1743 983 Plattsensibus,

1044 992 1177 1023 tristem
1193 992 1339 1024 demisso
1354 993 1462 1030 vultu,
1478 991 1523 1025 ob
1534 991 1679 1030 filiorum
1692 991 1743 1024 ‹li-

1044 1042 1260 1075 micationem
1274 1043 1383 1085 pinxit
1398 1042 1742 1085 Ettrygeuream0·l{o·

1044 1092 1194 1134 lynices,
1205 1093 1341 1125 vivente
1365 1093 1485 1125 adhuc.
1497 1098 1534 1126 et
1549 1092 1741 1135 imperante

1045 1141 1186 1183 OEdipo,
1206 1142 1352 1179 ‚Thebis
1384 1143 1555 1184 discessit,
1578 1151 1622 1175 ne
1647 1141 1743 1183 diris,

1046 1193 1168 1235 quibus
1193 1194 1285 1235 ipsos
1301 1198 1409 1236 >pater
1427 1193 1630 1235 devoverat,
1650 1190 1743 1230 esset

1045 1243 1219 1276 obnoxius.
1265 1244 1352 1277 Cum
1363 1249 1475 1281 autem
1492 1243 1602 1285 Argos
1624 1242 1741 1284 coufu-

1045 1293 1152 1335 gisset
1168 1298 1204 1325 et
1212 1293 1283 1336 Jam
1300 1292 1402 1325 filiam
1417 1293 1608 1334 einuptnm
1629 1289 1741 1334 dedis-

1045 1348 1098 1375 set
1116 1342 1295 1383 Adrastus,
1311 1343 1483 1375 Etheociis
1496 1342 1611 1381 fratris
1626 1350 1742 1375 accer-

1043 1393 1123 1430 situ,
1138 1391 1352 1434 postOEdipi
1372 1395 1516 1424 mortem
1530 1391 1664 1431 Thebas
1687 1400 1741 1423 re-

1045 1452 1163 1474 versus
1190 1447 1256 1474 est.
1301 1442 1389 1474 Orto
1417 1451 1498 1473 vero
1525 1451 1602 1474 cum
1633 1439 1740 1473 fratre

1045 1493 1199 1532 dissidio,
1222 1493 1345 1531 iterum
1373 1491 1537 1531 exulavit,
1563 1490 1740 1533 fretusque

1045 1543 1156 1577 soceri
1172 1542 1306 1585 opibus,
1324 1542 1405 1582 dum
1429 1551 1571 1583 regnum
1597 1545 1742 1573 conatur

1044 1594 1211 1635 recipere.
1224 1593 1412 1626 exercitum
1420 1592 1556 1635 quidem
1570 1590 1741 1633 perdidit,
1733 1604 1740 1611 ·

1044 1643 1218 1685 congressi
1242 1653 1323 1675 vero
1349 1652 1407 1675 ex·
1403 1641 1652 1684 provocatione
1673 1641 1740 1672 sin-

1043 1694 1150 1735 gulari
1166 1693 1353 1725 certamine
1376 1691 1516 1732 fratres,
1542 1691 1642 1731 ambo
1667 1701 1738 1724 mu-

1042 1744 1108 1775 tuis
1133 1743 1282 1776 confecti
1299 1742 1496 1774 vulneribus
1513 1729 1738 1774 ceciderunt!

1085 1794 1140 1827 Ita
1150 1793 1349 1834 Pausanias,
1360 1793 1410 1824 ita
1421 1791 1618 1830 Diodorus:
1635 1801 1656 1823 a
1666 1791 1739 1833 qui-

1042 1843 1103 1876 bus
1133 1853 1247 1875 rursus
1276 1843 1312 1875 in
1337 1841 1478 1877 Οἰδίπους
1504 1840 1640 1882 Suidas,
1667 1841 1738 1881 sive

1041 1894 1097 1926 ille
1119 1903 1219 1936 quem
1235 1902 1327 1925 more
1346 1902 1408 1924 suo
1430 1892 1606 1932 exscribit,
1628 1891 1664 1924 iu
1689 1891 1740 1930 di-

1039 1954 1172 1981 versam
1203 1944 1301 1986 plane
1332 1943 1419 1976 abiit
1447 1941 1674 1974 sententiamt
1704 1941 1737 1973 iu

1040 1994 1209 2027 nonnullis
1225 2004 1299 2026 curn
1318 1999 1461 2034 utroque
1475 1990 1692 2030 couveniens,
1706 1991 1738 2021 in

1042 2043 1192 2086 pluribus
1228 2053 1272 2075 ex
1302 2042 1476 2082 diametro¹
1506 2040 1736 2079 dissentiens:

1041 2093 1127 2125 adeo
1138 2098 1178 2126 ut
1187 2098 1286 2126 extra
1298 2093 1440 2124 limitem
1451 2095 1617 2133 extraque
1633 2090 1738 2130 oleas,

1041 2143 1129 2186 quod
1145 2143 1282 2183 dicitur,
1295 2151 1363 2174 non
1378 2142 1503 2175 iturum
1520 2150 1571 2172 nie
1586 2139 1740 2172 credide-

1042 2193 1118 2233 rim,
1133 2193 1161 2224 si
1178 2198 1213 2224 et
1229 2192 1451 2224 Historiolam
1467 2200 1575 2234 quam·
1589 2189 1647 2222 ille
1671 2193 1737 2222 tra-

1042 2243 1093 2274 dit
1109 2243 1209 2274 etiam
1225 2242 1291 2274 huc
1307 2241 1562 2281 transcripsero.
1603 2238 1665 2270 Est
1679 2247 1738 2270 au-

1042 2298 1110 2324 tem
1136 2292 1237 2323 talis:
1259 2294 1268 2309 ‘
1287 2282 1388 2322 Laius
1415 2289 1649 2321 Thebanorum
1675 2298 1738 2320 rex

1041 2351 1179 2374 uxorem
1192 2340 1312 2372 habuit
1323 2340 1511 2379 Jocastem,
1522 2348 1564 2370 ex
1581 2348 1647 2380 qua
1658 2345 1737 2370 nata

1041 2393 1071 2424 ei
1086 2392 1194 2433 proles
1204 2389 1358 2430 OEdipus.
1403 2388 1454 2420 Eo
1468 2392 1549 2420 nato
1565 2388 1735 2420 oraculum

1041 2448 1141 2486 pater
1169 2441 1318 2482 accepit,
1342 2438 1431 2481 quod
1457 2439 1604 2480 propria·
1637 2439 1736 2470 matri

1041 2502 1125 2534 puer
1140 2492 1196 2523 ille
1211 2492 1421 2522 misceretur.
1440 2531 1442 2534 v
1464 2490 1511 2520 Et
1528 2488 1635 2530 jussit
1660 2498 1735 2520 etim

1040 2543 1139 2584 abjici
1166 2543 1201 2573 in
1224 2546 1384 2583 montem,
1413 2544 1450 2571 et
1476 2539 1568 2583 ligna
1591 2539 1735 2586 circum-

1040 2592 1144 2633 plecti
1157 2590 1274 2633 pedes.
1301 2590 1426 2623 ‘Quem
1453 2598 1528 2620 cum
1553 2589 1737 2620 invenisset

1039 2641 1187 2684 agricola
1207 2639 1343 2672 nomine
1369 2638 1541 2678 Metabus,
1566 2638 1739 2678 educavit,

1035 2697 1077 2731 ¹et
1103 2689 1276 2732 OEdipoda
1304 2688 1403 2730 dixit,
1431 2689 1509 2730 quia
1534 2687 1736 2721 tumefactos

1040 2742 1183 2776 haberet
1206 2738 1312 2783 pedes
1339 2749 1359 2777 a
1374 2739 1465 2782 liguo
1479 2737 1571 2782 quod
1583 2740 1735 2787 appella-
