1878 3164
312 202 522 236 comens
555 202 608 234 ιΝ
644 201 896 234 mnmo'rn.
930 201 1096 233 narr'r.
1125 199 1421 233 AssnRVA'rr.
1482 191 1600 245 2069

42 307 43 310 ’
137 295 300 340 Totam
330 296 465 340 Statii
498 295 734 338 Thebaida
769 296 946 351 quidem
979 296 1184 347 continet,
1212 296 1292 338 sed
1327 296 1437 338 nihil
1470 297 1603 340 habet

43 367 45 370 ’
139 362 568 407 Horatianum.—-In
587 364 745 406 eadem
764 363 1039 406 bibliotheca
1062 363 1210 406 codex
1230 367 1300 406 est
1320 363 1503 405 Horatii
1524 365 1603 418 qui

137 431 275 475 habet
292 433 339 475 in
357 431 442 474 fine
459 431 669 487 quaedam
700 443 758 472 ex
777 430 1036 473 Thebaide:
1068 430 1187 472 alius
1217 430 1353 473 etiam
1373 435 1504 474 vetus
1525 443 1601 473 co-

138 499 244 551 dex,
263 499 373 542 inter
392 498 498 549 alia,
521 498 835 554 complectitur
853 498 1014 540 librum
1034 497 1324 540 Achilleidos.
1351 548 1354 551 ¹

194 565 248 609 In
272 563 384 609 Coll.
413 563 607 607 Emman.
627 570 699 608 est
728 565 875 608 codex
906 565 1145 607 membran.
1167 565 1300 608 Statii
1331 565 1603 608 Thebaidos.

138 632 374 689 Oblongns
408 638 494 686 est,
525 634 740 686 eleganter
776 633 973 687 scriptus
1012 632 1153 675 literis
1185 633 1463 684 minusculis,
1495 645 1602 676 saec.

139 710 248 743 xiv.
269 699 340 744 vel
361 711 450 745 xv.
471 702 570 744 sine
592 702 709 743 notis
737 704 779 743 et
798 701 934 755 gloss.
989 699 1119 742 Prior
1138 713 1245 754 pars
1273 700 1452 743 diversa
1470 714 1605 744 manu

137 768 388 823 elegantius
406 772 591 811 exarata
621 781 754 824 quam
783 768 1024 823 posterior,
1045 768 1125 810 sed
1155 768 1327 811 circiter
1353 769 1470 810 idem
1491 774 1604 811 tem-

136 847 238 891 pus.
298 835 369 878 De
387 835 472 878 hoc
502 836 616 878 libro
640 835 730 877 Ms.
751 836 1017 878 mentionem
1051 835 1162 878 facit
1190 836 1419 879 Bentleius
1434 837 1482 878 in
1506 836 1604 879 Ho-

138 907 220 955 rat.
243 903 391 958 Epist.
412 915 446 945 1.
465 903 507 946 6.
527 904 571 946 5.

194 970 251 1017 In
274 968 383 1016 Coll.
407 968 535 1026 Corp.
559 968 720 1012 Christi
752 969 949 1026 (Bene't)
988 969 1048 1012 N.
1079 969 1179 1013 230.
1206 970 1352 1013 codex
1371 973 1440 1013 est
1465 983 1604 1013 mem-

137 1041 261 1090 bran.
295 1038 439 1081 forma
472 1039 677 1092 oblonga,
708 1037 967 1080 Thebaidos
1002 1037 1148 1089 Statii,
1179 1051 1285 1082 saec.
1306 1050 1424 1080 xm.
1485 1037 1605 1081 Olim

135 1107 224 1155 fuit
256 1106 462 1149 Danielis
492 1105 690 1161 Rogerii.
750 1105 895 1149 Catal.
928 1106 984 1148 cl.
1017 1105 1255 1162 Nasmyth.
1276 1121 1321 1163 p.
1341 1107 1444 1150 300.

194 1174 250 1216 In
270 1172 379 1217 coll.
401 1172 486 1217 SS.
508 1172 623 1216 Trin.
645 1174 742 1217 cod.
774 1174 924 1225 Statii,
939 1201 941 1204 .
954 1187 1088 1216 manu
1109 1175 1294 1230 antiqua
1312 1179 1355 1218 et
1373 1179 1604 1225 accurata,

135 1243 383 1286 membran.
444 1241 569 1284 Inter
598 1241 732 1285 codd.
754 1241 867 1285 Mss.
888 1241 1074 1286 Thomae
1099 1241 1248 1295 Galei.
1308 1242 1428 1285 Vide
1457 1241 1604 1286 Catal.

138 1311 253 1354 Mss.
276 1308 412 1364 Angl.
432 1313 478 1352 et
497 1309 687 1352 Hibern.
1031 1303 1035 1310 ’

649 1422 818 1467 Codices
843 1422 1102 1468 Oxonienses.

144 1559 151 1567 ,
195 1513 252 1556 In
267 1510 476 1555 Biblioth.
488 1510 615 1555 Bodl.
631 1512 682 1555 F.
696 1514 768 1555 55.
783 1512 898 1556 Cod.
911 1514 1151 1556 membran.
1166 1513 1426 1556 Thebaidos
1440 1513 1606 1556 Italica

137 1593 271 1630 manu
282 1584 397 1625 'saec.
415 1592 505 1624 xv.
522 1582 619 1623 sine
635 1581 755 1623 notis
772 1585 847 1623 aut
859 1581 1046 1635 glossis3
1066 1582 1202 1624 nitide
1215 1582 1436 1637 scriptus:
1457 1581 1607 1623 finitur

123 1639 243 1698 -svero
263 1648 480 1705 Epicedio
509 1650 558 1691 in
589 1649 728 1692 filium
763 1662 920 1702 suum;
952 1649 1034 1691 sed
1053 1662 1239 1692 mancus
1259 1652 1342 1700 est,
1370 1652 1414 1691 et
1443 1649 1609 1691 desinit

137 1729 203 1759 vs.
224 1717 297 1761 36.

249 1784 527 1840 Adspiciant
545 1783 723 1839 superi:
755 1783 928 1838 pudeat
947 1783 1213 1838 Thebasque
1232 1796 1494 1838 novumque.

197 1849 399 1895 Canonici
423 1853 525 1896 Lat.
555 1853 631 1900 ¹74..
664 1850 776 1894 Cod.
809 1851 1028 1895 Thebaid.
1073 1852 1197 1895 Libri
1232 1863 1328 1894 xil.
1365 1853 1606 1894 membran.

134 1919 324 1964 illumin.
348 1921 486 1964 nitide
512 1922 710 1977 scriptus
731 1921 926 1965 Gothico
949 1921 1232 1964 charactere:
1263 1920 1454 1976 explicit
1473 1932 1606 1964 versu

135 1987 235 2031 367.
266 1989 392 2032 Libri
412 2000 507 2032 xu.

253 2057 403 2099 Natus
423 2057 518 2107 erit,
539 2070 728 2112 parvoq.
750 2055 922 2099 thorum
939 2056 1154 2112 Polynice
1173 2057 1351 2099 fovebo.

196 2123 416 2167 Canonici
437 2124 536 2167 Lat.
558 2126 629 2167 75.
659 2124 890 2167 Lactantii
923 2123 1169 2168 Comment.
1205 2126 1249 2167 in
1269 2125 1486 2168 Thebaid.
1514 2125 1606 2168 Ms.

140 2191 346 2235 Chartae.
368 2205 474 2235 saec.
496 2203 581 2234 xv.
1075 2240 1079 2241 ⁷
1186 2183 1189 2190 ’

195 2258 414 2303 Canonici
449 2260 549 2303 Lat.
586 2260 657 2304 76.
695 2259 808 2302 Cod.
856 2260 1075 2303 Thebaid.
1124 2262 1363 2303 membran.
1415 2261 1605 2310 illumin.

134 2328 332 2372 charact.
353 2328 487 2371 Goth.
510 2329 734 2383 eleganter
752 2329 967 2384 scriptus,
989 2330 1085 2371 sine
1105 2330 1223 2371 notis
1246 2333 1289 2372 et
1309 2329 1445 2384 gloss.

193 2396 410 2439 Canonici
439 2397 541 2439 Lat.
573 2398 645 2440 77.
699 2395 813 2440 Cod.
846 2396 1065 2439 Thebaid.
1101 2397 1227 2441 Libri
1261 2408 1354 2438 xn.
1397 2396 1605 2440 Chartae.

138 2477 245 2508 saec.
268 2476 355 2506 xv.

194 2533 412 2576 Canonici
434 2533 535 2576 Lat.
554 2534 626 2576 78.
647 2534 784 2577 Statii
801 2533 1087 2577 Achilleidos
1109 2533 1208 2575 Lib.
1229 2544 1281 2576 11.
1303 2534 1405 2576 cod.
1426 2534 1605 2576 membr.

143 2601 369 2656 eleganter
388 2603 543 2659 script.
565 2604 759 2646 charact.
797 2603 931 2646 Goth.
953 2603 1048 2645 sine
1063 2602 1180 2643 notis
1198 2606 1278 2643 aut
1295 2602 1431 2657 gloss.
1492 2602 1606 2644 Sub-

135 2669 328 2725 jungitur
359 2671 526 2716 Fratris
566 2672 818 2716 Bonuccini
852 2671 908 2713 de
940 2670 1061 2725 Ripa
1094 2669 1148 2712 de
1183 2668 1296 2712 Vita
1325 2670 1606 2713 Scholastica

146 2737 334 2782 Pokima.
