<?xml version="1.0" encoding="UTF-8"?>
<!DOCTYPE html PUBLIC "-//W3C//DTD XHTML 1.0 Transitional//EN"
    "http://www.w3.org/TR/xhtml1/DTD/xhtml1-transitional.dtd">
<html xmlns="http://www.w3.org/1999/xhtml" xml:lang="en" lang="en">
 <head>
  <title>
</title>
<meta http-equiv="Content-Type" content="text/html;charset=utf-8" />
  <meta name='ocr-system' content='tesseract 3.04.00' />
  <meta name='ocr-capabilities' content='ocr_page ocr_carea ocr_par ocr_line ocrx_word'/>
</head>
<body>
  <div class='ocr_page' id='page_1' title='image "./operaomniaexedit04statuoft/operaomniaexedit04statuoft_0056.png"; bbox 0 0 1878 3164; ppageno 0'>
   <div class='ocr_carea' id='block_1_1' title="bbox 312 215 424 259">
    <p class='ocr_par' dir='ltr' id='par_1_1' title="bbox 312 215 424 259">
     <span class='ocr_line' id='line_1_1' title="bbox 312 215 424 259; baseline -0.009 0"><span class='ocrx_word' id='word_1_1' title='bbox 312 215 424 259; x_wconf 80' lang='lat'>1792</span> 
     </span>
    </p>
   </div>
   <div class='ocr_carea' id='block_1_2' title="bbox 299 316 1009 1304">
    <p class='ocr_par' dir='ltr' id='par_1_2' title="bbox 299 316 1007 803">
     <span class='ocr_line' id='line_1_2' title="bbox 311 316 1005 359; baseline -0.004 -8"><span class='ocrx_word' id='word_1_2' title='bbox 311 317 437 359; x_wconf 81' lang='lat' dir='ltr'>sciunt,</span> <span class='ocrx_word' id='word_1_3' title='bbox 465 317 615 358; x_wconf 84' lang='lat' dir='ltr'>noxium,</span> <span class='ocrx_word' id='word_1_4' title='bbox 645 316 780 349; x_wconf 85' lang='lat' dir='ltr'>morbos</span> <span class='ocrx_word' id='word_1_5' title='bbox 813 318 1005 358; x_wconf 74' lang='lat' dir='ltr'>complures</span> 
     </span>
     <span class='ocr_line' id='line_1_3' title="bbox 311 366 1005 409; baseline -0.001 -10"><span class='ocrx_word' id='word_1_6' title='bbox 311 376 501 409; x_wconf 71' lang='lat' dir='ltr'>generans:</span> <span class='ocrx_word' id='word_1_7' title='bbox 525 371 606 408; x_wconf 89' lang='lat' dir='ltr'>apte</span> <span class='ocrx_word' id='word_1_8' title='bbox 635 366 751 407; x_wconf 82' lang='lat' dir='ltr'>itaque</span> <span class='ocrx_word' id='word_1_9' title='bbox 775 371 813 398; x_wconf 85' lang='lat' dir='ltr'>et</span> <span class='ocrx_word' id='word_1_10' title='bbox 831 367 955 398; x_wconf 87' lang='lat' dir='ltr'>decore</span> <span class='ocrx_word' id='word_1_11' title='bbox 970 368 1005 399; x_wconf 87' lang='lat' dir='ltr'>iu</span> 
     </span>
     <span class='ocr_line' id='line_1_4' title="bbox 309 416 1004 457; baseline -0.001 -8"><span class='ocrx_word' id='word_1_12' title='bbox 309 417 374 449; x_wconf 81' lang='lat' dir='ltr'>hac</span> <span class='ocrx_word' id='word_1_13' title='bbox 399 417 466 457; x_wconf 86' lang='lat' dir='ltr'>lue,</span> <span class='ocrx_word' id='word_1_14' title='bbox 505 420 579 448; x_wconf 89' lang='lat' dir='ltr'>toto</span> <span class='ocrx_word' id='word_1_15' title='bbox 605 425 692 448; x_wconf 82' lang='lat' dir='ltr'>anno</span> <span class='ocrx_word' id='word_1_16' title='bbox 716 416 803 449; x_wconf 85' lang='lat' dir='ltr'>dicit</span> <span class='ocrx_word' id='word_1_17' title='bbox 830 426 1004 457; x_wconf 77' lang='lat' dir='ltr'>regnasse.</span> 
     </span>
     <span class='ocr_line' id='line_1_5' title="bbox 310 463 1006 507; baseline -0.001 -8"><span class='ocrx_word' id='word_1_18' title='bbox 310 463 408 507; x_wconf 76' lang='lat' dir='ltr'>Virg.</span> <span class='ocrx_word' id='word_1_19' title='bbox 435 466 447 484; x_wconf 86' lang='lat'>‘</span> <span class='ocrx_word' id='word_1_20' title='bbox 465 469 524 498; x_wconf 83' lang='lat' dir='ltr'>aut</span> <span class='ocrx_word' id='word_1_21' title='bbox 550 465 659 498; x_wconf 88' lang='lat' dir='ltr'>Sirius</span> <span class='ocrx_word' id='word_1_22' title='bbox 680 466 799 498; x_wconf 85' lang='lat' dir='ltr'>ardor:</span> <span class='ocrx_word' id='word_1_23' title='bbox 822 467 887 498; x_wconf 89' lang='lat' dir='ltr'>Ille</span> <span class='ocrx_word' id='word_1_24' title='bbox 913 466 1006 499; x_wconf 85' lang='lat' dir='ltr'>sitim</span> 
     </span>
     <span class='ocr_line' id='line_1_6' title="bbox 311 513 1007 557; baseline 0 -10"><span class='ocrx_word' id='word_1_25' title='bbox 311 515 513 556; x_wconf 78' lang='lat' dir='ltr'>morbosque</span> <span class='ocrx_word' id='word_1_26' title='bbox 538 513 651 546; x_wconf 86' lang='lat' dir='ltr'>ferens</span> <span class='ocrx_word' id='word_1_27' title='bbox 667 515 866 547; x_wconf 76' lang='lat' dir='ltr'>mortalibus</span> <span class='ocrx_word' id='word_1_28' title='bbox 893 516 1007 557; x_wconf 60' lang='lat' dir='ltr'>aegsts,</span> 
     </span>
     <span class='ocr_line' id='line_1_7' title="bbox 313 564 1006 604; baseline -0.001 -6"><span class='ocrx_word' id='word_1_29' title='bbox 313 564 493 604; x_wconf 76' lang='lat' dir='ltr'>Nascitur,</span> <span class='ocrx_word' id='word_1_30' title='bbox 516 568 551 596; x_wconf 89' lang='lat' dir='ltr'>et</span> <span class='ocrx_word' id='word_1_31' title='bbox 574 564 651 597; x_wconf 88' lang='lat' dir='ltr'>levo</span> <span class='ocrx_word' id='word_1_32' title='bbox 676 565 859 597; x_wconf 78' lang='lat' dir='ltr'>contristat</span> <span class='ocrx_word' id='word_1_33' title='bbox 879 565 1006 597; x_wconf 83' lang='lat' dir='ltr'>lumine</span> 
     </span>
     <span class='ocr_line' id='line_1_8' title="bbox 311 613 1007 646; baseline 0 0"><span class='ocrx_word' id='word_1_34' title='bbox 311 613 457 646; x_wconf 67' lang='lat' dir='ltr'>caelum!</span> <span class='ocrx_word' id='word_1_35' title='bbox 500 613 568 646; x_wconf 90' lang='lat' dir='ltr'>Ubi</span> <span class='ocrx_word' id='word_1_36' title='bbox 583 623 651 645; x_wconf 87' lang='lat' dir='ltr'>non</span> <span class='ocrx_word' id='word_1_37' title='bbox 667 613 725 645; x_wconf 80' lang='lat' dir='ltr'>abs</span> <span class='ocrx_word' id='word_1_38' title='bbox 747 623 785 645; x_wconf 91' lang='lat' dir='ltr'>re</span> <span class='ocrx_word' id='word_1_39' title='bbox 809 615 876 646; x_wconf 89' lang='lat' dir='ltr'>erit</span> <span class='ocrx_word' id='word_1_40' title='bbox 891 614 1007 646; x_wconf 84' lang='lat' dir='ltr'>obser-</span> 
     </span>
     <span class='ocr_line' id='line_1_9' title="bbox 299 662 1007 705; baseline 0.001 -10"><span class='ocrx_word' id='word_1_41' title='bbox 299 672 404 703; x_wconf 77' lang='lat' dir='ltr'>¹vare,</span> <span class='ocrx_word' id='word_1_42' title='bbox 424 663 558 694; x_wconf 89' lang='lat' dir='ltr'>‘levum</span> <span class='ocrx_word' id='word_1_43' title='bbox 573 663 686 694; x_wconf 86' lang='lat' dir='ltr'>lumen</span> <span class='ocrx_word' id='word_1_44' title='bbox 700 662 710 677; x_wconf 89' lang='lat'>&#39;</span> <span class='ocrx_word' id='word_1_45' title='bbox 731 673 792 704; x_wconf 88' lang='lat' dir='ltr'>pro</span> <span class='ocrx_word' id='word_1_46' title='bbox 816 664 826 681; x_wconf 90' lang='lat'>‘</span> <span class='ocrx_word' id='word_1_47' title='bbox 839 664 1007 705; x_wconf 86' lang='lat' dir='ltr'>pernicio-</span> 
     </span>
     <span class='ocr_line' id='line_1_10' title="bbox 310 711 1007 746; baseline 0.003 -2"><span class='ocrx_word' id='word_1_48' title='bbox 310 721 349 744; x_wconf 82' lang='lat' dir='ltr'>so</span> <span class='ocrx_word' id='word_1_49' title='bbox 374 716 410 744; x_wconf 83' lang='lat' dir='ltr'>et</span> <span class='ocrx_word' id='word_1_50' title='bbox 435 711 536 743; x_wconf 88' lang='lat' dir='ltr'>noxio</span> <span class='ocrx_word' id='word_1_51' title='bbox 555 711 697 745; x_wconf 83' lang='lat' dir='ltr'>&#39;sumi·</span> <span class='ocrx_word' id='word_1_52' title='bbox 727 712 779 745; x_wconf 87' lang='lat' dir='ltr'>uti</span> <span class='ocrx_word' id='word_1_53' title='bbox 802 713 859 746; x_wconf 88' lang='lat' dir='ltr'>hic</span> <span class='ocrx_word' id='word_1_54' title='bbox 888 714 1007 746; x_wconf 82' lang='lat' dir='ltr'>‘levus</span> 
     </span>
     <span class='ocr_line' id='line_1_11' title="bbox 310 761 591 803; baseline -0.007 -8"><span class='ocrx_word' id='word_1_55' title='bbox 310 761 418 803; x_wconf 66' lang='lat' dir='ltr'>ignis?</span> <span class='ocrx_word' id='word_1_56' title='bbox 438 763 591 794; x_wconf 77' lang='lat' dir='ltr'>Bernart.</span> 
     </span>
    </p>

    <p class='ocr_par' dir='ltr' id='par_1_3' title="bbox 311 811 1008 944">
     <span class='ocr_line' id='line_1_12' title="bbox 361 811 1008 854; baseline 0.006 -11"><span class='ocrx_word' id='word_1_57' title='bbox 361 815 426 844; x_wconf 77' lang='lat'>636</span> <span class='ocrx_word' id='word_1_58' title='bbox 460 811 599 853; x_wconf 76' lang='lat' dir='ltr'>Auctor]</span> <span class='ocrx_word' id='word_1_59' title='bbox 643 813 868 854; x_wconf 76' lang='lat' dir='ltr'>Membranae,</span> <span class='ocrx_word' id='word_1_60' title='bbox 895 818 1005 852; x_wconf 81' lang='lat' dir='ltr'>actor,</span> <span class='ocrx_word' id='word_1_61' title='bbox 999 825 1008 834; x_wconf 88' lang='lat'><strong>·</strong></span> 
     </span>
     <span class='ocr_line' id='line_1_13' title="bbox 312 863 1007 907; baseline 0.006 -13"><span class='ocrx_word' id='word_1_62' title='bbox 312 863 483 904; x_wconf 84' lang='lat' dir='ltr'>quomodo</span> <span class='ocrx_word' id='word_1_63' title='bbox 508 868 546 895; x_wconf 87' lang='lat' dir='ltr'>et</span> <span class='ocrx_word' id='word_1_64' title='bbox 574 863 845 906; x_wconf 78' lang='lat' dir='ltr'>Glossographus</span> <span class='ocrx_word' id='word_1_65' title='bbox 862 866 1007 907; x_wconf 85' lang='lat' dir='ltr'>priscus.</span> 
     </span>
     <span class='ocr_line' id='line_1_14' title="bbox 311 912 430 944; baseline 0 -1"><span class='ocrx_word' id='word_1_66' title='bbox 311 912 430 944; x_wconf 85' lang='lat' dir='ltr'>Barth.</span> 
     </span>
    </p>

    <p class='ocr_par' dir='ltr' id='par_1_4' title="bbox 309 963 1009 1304">
     <span class='ocr_line' id='line_1_15' title="bbox 352 963 1009 1005; baseline 0.003 -11"><span class='ocrx_word' id='word_1_67' title='bbox 352 964 416 994; x_wconf 77' lang='lat'>68⁷</span> <span class='ocrx_word' id='word_1_68' title='bbox 435 963 573 994; x_wconf 75' lang='lat' dir='ltr'>Juvenes</span> <span class='ocrx_word' id='word_1_69' title='bbox 593 963 646 1004; x_wconf 77' lang='lat' dir='ltr'>qui</span> <span class='ocrx_word' id='word_1_70' title='bbox 659 964 758 1005; x_wconf 82' lang='lat' dir='ltr'>caede]</span> <span class='ocrx_word' id='word_1_71' title='bbox 779 964 821 996; x_wconf 92' lang='lat' dir='ltr'>Id</span> <span class='ocrx_word' id='word_1_72' title='bbox 842 968 905 1001; x_wconf 85' lang='lat' dir='ltr'>est,</span> <span class='ocrx_word' id='word_1_73' title='bbox 931 969 1009 997; x_wconf 82' lang='lat' dir='ltr'>‘oc-</span> 
     </span>
     <span class='ocr_line' id='line_1_16' title="bbox 311 998 1007 1055; baseline 0.006 -13"><span class='ocrx_word' id='word_1_74' title='bbox 311 998 509 1044; x_wconf 65' lang='lat' dir='ltr'>cidissentz&#39;</span> <span class='ocrx_word' id='word_1_75' title='bbox 532 1022 633 1052; x_wconf 88' lang='lat' dir='ltr'>nove,</span> <span class='ocrx_word' id='word_1_76' title='bbox 647 1013 713 1045; x_wconf 89' lang='lat' dir='ltr'>imo</span> <span class='ocrx_word' id='word_1_77' title='bbox 725 1014 875 1055; x_wconf 83' lang='lat' dir='ltr'>antique.</span> <span class='ocrx_word' id='word_1_78' title='bbox 897 1015 1007 1047; x_wconf 86' lang='lat' dir='ltr'>Juris-</span> 
     </span>
     <span class='ocr_line' id='line_1_17' title="bbox 311 1061 1007 1104; baseline 0.004 -12"><span class='ocrx_word' id='word_1_79' title='bbox 311 1061 459 1093; x_wconf 89' lang='lat' dir='ltr'>consulti</span> <span class='ocrx_word' id='word_1_80' title='bbox 475 1062 583 1093; x_wconf 82' lang='lat' dir='ltr'>nostri</span> <span class='ocrx_word' id='word_1_81' title='bbox 599 1064 702 1094; x_wconf 77' lang='lat' dir='ltr'>etiam</span> <span class='ocrx_word' id='word_1_82' title='bbox 726 1063 878 1104; x_wconf 86' lang='lat' dir='ltr'>patiendi</span> <span class='ocrx_word' id='word_1_83' title='bbox 904 1064 1007 1104; x_wconf 85' lang='lat' dir='ltr'>signi-</span> 
     </span>
     <span class='ocr_line' id='line_1_18' title="bbox 310 1110 1008 1154; baseline 0.001 -11"><span class='ocrx_word' id='word_1_84' title='bbox 310 1110 418 1144; x_wconf 79' lang='lat' dir='ltr'>ficatu</span> <span class='ocrx_word' id='word_1_85' title='bbox 440 1112 564 1151; x_wconf 81' lang='lat' dir='ltr'>saepius</span> <span class='ocrx_word' id='word_1_86' title='bbox 580 1118 798 1153; x_wconf 84' lang='lat' dir='ltr'>usurparunt.</span> <span class='ocrx_word' id='word_1_87' title='bbox 841 1113 1008 1154; x_wconf 77' lang='lat' dir='ltr'><strong>Ulpianus</strong></span> 
     </span>
     <span class='ocr_line' id='line_1_19' title="bbox 309 1161 1007 1203; baseline 0.003 -11"><span class='ocrx_word' id='word_1_88' title='bbox 309 1161 334 1192; x_wconf 90' lang='lat' dir='ltr'>l.</span> <span class='ocrx_word' id='word_1_89' title='bbox 351 1169 412 1192; x_wconf 85' lang='lat' dir='ltr'>xv.</span> <span class='ocrx_word' id='word_1_90' title='bbox 457 1162 511 1192; x_wconf 82' lang='lat' dir='ltr'>Ex</span> <span class='ocrx_word' id='word_1_91' title='bbox 527 1161 766 1202; x_wconf 79' lang='lat' dir='ltr'>quibuscausis</span> <span class='ocrx_word' id='word_1_92' title='bbox 777 1162 897 1203; x_wconf 79' lang='lat' dir='ltr'>major.</span> <span class='ocrx_word' id='word_1_93' title='bbox 942 1163 1007 1194; x_wconf 89' lang='lat' dir='ltr'>‘E-</span> 
     </span>
     <span class='ocr_line' id='line_1_20' title="bbox 311 1211 1007 1253; baseline 0.004 -12"><span class='ocrx_word' id='word_1_94' title='bbox 311 1219 354 1250; x_wconf 86' lang='lat' dir='ltr'>go</span> <span class='ocrx_word' id='word_1_95' title='bbox 371 1214 485 1242; x_wconf 89' lang='lat' dir='ltr'>autem</span> <span class='ocrx_word' id='word_1_96' title='bbox 502 1211 602 1241; x_wconf 81' lang='lat' dir='ltr'>etiam</span> <span class='ocrx_word' id='word_1_97' title='bbox 613 1211 748 1242; x_wconf 87' lang='lat' dir='ltr'>nomine</span> <span class='ocrx_word' id='word_1_98' title='bbox 763 1211 838 1252; x_wconf 86' lang='lat' dir='ltr'>ejus</span> <span class='ocrx_word' id='word_1_99' title='bbox 855 1212 913 1253; x_wconf 82' lang='lat' dir='ltr'>qui</span> <span class='ocrx_word' id='word_1_100' title='bbox 931 1212 1007 1244; x_wconf 85' lang='lat' dir='ltr'>hos-</span> 
     </span>
     <span class='ocr_line' id='line_1_21' title="bbox 310 1260 1008 1304; baseline 0 -11"><span class='ocrx_word' id='word_1_101' title='bbox 310 1260 396 1293; x_wconf 81' lang='lat' dir='ltr'>tium</span> <span class='ocrx_word' id='word_1_102' title='bbox 421 1261 551 1302; x_wconf 81' lang='lat' dir='ltr'>potitus</span> <span class='ocrx_word' id='word_1_103' title='bbox 570 1261 643 1293; x_wconf 87' lang='lat' dir='ltr'>est.&#39;</span> <span class='ocrx_word' id='word_1_104' title='bbox 684 1262 826 1296; x_wconf 82' lang='lat' dir='ltr'>Plautus</span> <span class='ocrx_word' id='word_1_105' title='bbox 849 1262 1008 1304; x_wconf 80' lang='lat' dir='ltr'>frequen-</span> 
     </span>
    </p>
   </div>
   <div class='ocr_carea' id='block_1_3' title="bbox 311 1310 1010 1353">
    <p class='ocr_par' dir='ltr' id='par_1_5' title="bbox 311 1310 1010 1353">
     <span class='ocr_line' id='line_1_22' title="bbox 311 1310 1010 1353; baseline 0.006 -12"><span class='ocrx_word' id='word_1_106' title='bbox 311 1310 462 1342; x_wconf 86' lang='lat' dir='ltr'>tissimus</span> <span class='ocrx_word' id='word_1_107' title='bbox 479 1315 533 1342; x_wconf 88' lang='lat' dir='ltr'>est</span> <span class='ocrx_word' id='word_1_108' title='bbox 558 1311 592 1342; x_wconf 90' lang='lat' dir='ltr'>in</span> <span class='ocrx_word' id='word_1_109' title='bbox 615 1311 679 1343; x_wconf 81' lang='lat' dir='ltr'>hac</span> <span class='ocrx_word' id='word_1_110' title='bbox 704 1312 830 1353; x_wconf 80' lang='lat' dir='ltr'>phrasi.</span> <span class='ocrx_word' id='word_1_111' title='bbox 874 1313 1010 1353; x_wconf 74' lang='lat' dir='ltr'>Captiv-</span> 
     </span>
    </p>
   </div>
   <div class='ocr_carea' id='block_1_4' title="bbox 304 1359 1008 2141">
    <p class='ocr_par' dir='ltr' id='par_1_6' title="bbox 309 1359 1007 1490">
     <span class='ocr_line' id='line_1_23' title="bbox 310 1359 1007 1400; baseline 0.004 -9"><span class='ocrx_word' id='word_1_112' title='bbox 310 1359 321 1376; x_wconf 93' lang='lat'>‘</span> <span class='ocrx_word' id='word_1_113' title='bbox 336 1360 447 1400; x_wconf 80' lang='lat' dir='ltr'>major</span> <span class='ocrx_word' id='word_1_114' title='bbox 459 1360 588 1400; x_wconf 85' lang='lat' dir='ltr'>potitus</span> <span class='ocrx_word' id='word_1_115' title='bbox 604 1360 750 1392; x_wconf 85' lang='lat' dir='ltr'>hostium</span> <span class='ocrx_word' id='word_1_116' title='bbox 773 1361 852 1393; x_wconf 64' lang='lat' dir='ltr'>est!</span> <span class='ocrx_word' id='word_1_117' title='bbox 896 1362 1007 1394; x_wconf 84' lang='lat' dir='ltr'>Inibi:</span> 
     </span>
     <span class='ocr_line' id='line_1_24' title="bbox 311 1411 1005 1452; baseline 0.007 -14"><span class='ocrx_word' id='word_1_118' title='bbox 311 1411 514 1450; x_wconf 77' lang='lat' dir='ltr'>‘postquam</span> <span class='ocrx_word' id='word_1_119' title='bbox 530 1418 624 1441; x_wconf 86' lang='lat' dir='ltr'>meus</span> <span class='ocrx_word' id='word_1_120' title='bbox 647 1419 710 1442; x_wconf 86' lang='lat' dir='ltr'>rex</span> <span class='ocrx_word' id='word_1_121' title='bbox 725 1414 777 1442; x_wconf 87' lang='lat' dir='ltr'>est</span> <span class='ocrx_word' id='word_1_122' title='bbox 791 1411 921 1452; x_wconf 86' lang='lat' dir='ltr'>potitus</span> <span class='ocrx_word' id='word_1_123' title='bbox 932 1412 1005 1445; x_wconf 88' lang='lat' dir='ltr'>hos-</span> 
     </span>
     <span class='ocr_line' id='line_1_25' title="bbox 309 1457 588 1490; baseline 0.004 -1"><span class='ocrx_word' id='word_1_124' title='bbox 309 1457 416 1490; x_wconf 65' lang='lat' dir='ltr'>tium?</span> <span class='ocrx_word' id='word_1_125' title='bbox 436 1459 588 1490; x_wconf 80' lang='lat' dir='ltr'>Bernart-</span> 
     </span>
    </p>

    <p class='ocr_par' dir='ltr' id='par_1_7' title="bbox 309 1509 1008 1640">
     <span class='ocr_line' id='line_1_26' title="bbox 351 1509 1008 1551; baseline 0.005 -12"><span class='ocrx_word' id='word_1_126' title='bbox 351 1510 416 1539; x_wconf 77' lang='lat'>638</span> <span class='ocrx_word' id='word_1_127' title='bbox 449 1509 620 1540; x_wconf 78' lang='lat' dir='ltr'>Fortunate</span> <span class='ocrx_word' id='word_1_128' title='bbox 640 1509 752 1549; x_wconf 74' lang='lat' dir='ltr'>animi]</span> <span class='ocrx_word' id='word_1_129' title='bbox 790 1509 1008 1551; x_wconf 82' lang='lat' dir='ltr'>Apostrophe</span> 
     </span>
     <span class='ocr_line' id='line_1_27' title="bbox 310 1557 1007 1602; baseline 0.006 -14"><span class='ocrx_word' id='word_1_130' title='bbox 310 1557 353 1589; x_wconf 85' lang='lat' dir='ltr'>ad</span> <span class='ocrx_word' id='word_1_131' title='bbox 367 1558 659 1599; x_wconf 66' lang='lat' dir='ltr'>ipsumjumnem,</span> <span class='ocrx_word' id='word_1_132' title='bbox 675 1559 731 1600; x_wconf 88' lang='lat' dir='ltr'>qui</span> <span class='ocrx_word' id='word_1_133' title='bbox 743 1568 804 1600; x_wconf 91' lang='lat' dir='ltr'>pro</span> <span class='ocrx_word' id='word_1_134' title='bbox 819 1560 933 1601; x_wconf 84' lang='lat' dir='ltr'>patria</span> <span class='ocrx_word' id='word_1_135' title='bbox 947 1570 1007 1602; x_wconf 91' lang='lat' dir='ltr'>op-</span> 
     </span>
     <span class='ocr_line' id='line_1_28' title="bbox 309 1606 674 1640; baseline 0.005 -2"><span class='ocrx_word' id='word_1_136' title='bbox 309 1606 397 1638; x_wconf 87' lang='lat' dir='ltr'>tavit</span> <span class='ocrx_word' id='word_1_137' title='bbox 410 1608 505 1639; x_wconf 85' lang='lat' dir='ltr'>mori.</span> <span class='ocrx_word' id='word_1_138' title='bbox 527 1607 674 1640; x_wconf 82' lang='lat' dir='ltr'>Lactant.</span> 
     </span>
    </p>

    <p class='ocr_par' dir='ltr' id='par_1_8' title="bbox 308 1656 1006 1887">
     <span class='ocr_line' id='line_1_29' title="bbox 351 1656 1005 1698; baseline 0.006 -11"><span class='ocrx_word' id='word_1_139' title='bbox 351 1659 413 1688; x_wconf 86' lang='grc'>641</span> <span class='ocrx_word' id='word_1_140' title='bbox 441 1656 586 1688; x_wconf 81' lang='lat' dir='ltr'>Cominus</span> <span class='ocrx_word' id='word_1_141' title='bbox 611 1657 680 1698; x_wconf 85' lang='lat' dir='ltr'>ora]</span> <span class='ocrx_word' id='word_1_142' title='bbox 714 1658 798 1690; x_wconf 88' lang='lat' dir='ltr'>Cum</span> <span class='ocrx_word' id='word_1_143' title='bbox 828 1659 872 1691; x_wconf 95' lang='lat' dir='ltr'>ob</span> <span class='ocrx_word' id='word_1_144' title='bbox 901 1659 1005 1691; x_wconf 88' lang='lat' dir='ltr'>decli-</span> 
     </span>
     <span class='ocr_line' id='line_1_30' title="bbox 308 1706 1004 1748; baseline 0.006 -11"><span class='ocrx_word' id='word_1_145' title='bbox 308 1706 452 1738; x_wconf 81' lang='lat' dir='ltr'>nandam</span> <span class='ocrx_word' id='word_1_146' title='bbox 470 1712 613 1739; x_wconf 87' lang='lat' dir='ltr'>mortem</span> <span class='ocrx_word' id='word_1_147' title='bbox 635 1713 751 1748; x_wconf 84' lang='lat' dir='ltr'>posset</span> <span class='ocrx_word' id='word_1_148' title='bbox 766 1718 802 1740; x_wconf 90' lang='lat' dir='ltr'>se</span> <span class='ocrx_word' id='word_1_149' title='bbox 818 1709 1004 1741; x_wconf 79' lang='lat' dir='ltr'>Choroebus</span> 
     </span>
     <span class='ocr_line' id='line_1_31' title="bbox 309 1757 1006 1800; baseline 0.003 -11"><span class='ocrx_word' id='word_1_150' title='bbox 309 1757 480 1797; x_wconf 87' lang='lat' dir='ltr'>occulere,</span> <span class='ocrx_word' id='word_1_151' title='bbox 504 1757 643 1798; x_wconf 83' lang='lat' dir='ltr'>propior</span> <span class='ocrx_word' id='word_1_152' title='bbox 666 1762 780 1790; x_wconf 85' lang='lat' dir='ltr'>tamen</span> <span class='ocrx_word' id='word_1_153' title='bbox 800 1768 837 1791; x_wconf 85' lang='lat' dir='ltr'>se</span> <span class='ocrx_word' id='word_1_154' title='bbox 853 1758 1006 1800; x_wconf 84' lang='lat' dir='ltr'>Apollini</span> 
     </span>
     <span class='ocr_line' id='line_1_32' title="bbox 308 1805 1003 1848; baseline 0.006 -11"><span class='ocrx_word' id='word_1_155' title='bbox 308 1805 436 1839; x_wconf 81' lang='lat' dir='ltr'>furenti</span> <span class='ocrx_word' id='word_1_156' title='bbox 472 1805 610 1847; x_wconf 85' lang='lat' dir='ltr'>obtulit,</span> <span class='ocrx_word' id='word_1_157' title='bbox 645 1807 688 1838; x_wconf 89' lang='lat' dir='ltr'>de</span> <span class='ocrx_word' id='word_1_158' title='bbox 723 1817 824 1848; x_wconf 84' lang='lat' dir='ltr'>poena</span> <span class='ocrx_word' id='word_1_159' title='bbox 852 1818 1003 1841; x_wconf 85' lang='lat' dir='ltr'>securus.</span> 
     </span>
     <span class='ocr_line' id='line_1_33' title="bbox 309 1856 411 1887; baseline 0 0"><span class='ocrx_word' id='word_1_160' title='bbox 309 1856 411 1887; x_wconf 77' lang='lat' dir='ltr'>Idem.</span> 
     </span>
    </p>

    <p class='ocr_par' dir='ltr' id='par_1_9' title="bbox 304 1904 1007 2141">
     <span class='ocr_line' id='line_1_34' title="bbox 351 1904 1006 1947; baseline 0.005 -12"><span class='ocrx_word' id='word_1_161' title='bbox 351 1906 416 1936; x_wconf 85' lang='grc'>642</span> <span class='ocrx_word' id='word_1_162' title='bbox 440 1904 567 1945; x_wconf 79' lang='lat' dir='ltr'>Sacros]</span> <span class='ocrx_word' id='word_1_163' title='bbox 588 1905 654 1937; x_wconf 87' lang='lat' dir='ltr'>Vel</span> <span class='ocrx_word' id='word_1_164' title='bbox 679 1904 758 1947; x_wconf 87' lang='lat' dir='ltr'>quia</span> <span class='ocrx_word' id='word_1_165' title='bbox 772 1906 931 1947; x_wconf 85' lang='lat' dir='ltr'>numinis,</span> <span class='ocrx_word' id='word_1_166' title='bbox 947 1916 1006 1938; x_wconf 87' lang='lat' dir='ltr'>cu·</span> 
     </span>
     <span class='ocr_line' id='line_1_35' title="bbox 304 1952 1005 1993; baseline 0.006 -10"><span class='ocrx_word' id='word_1_167' title='bbox 304 1952 364 1993; x_wconf 89' lang='lat' dir='ltr'>jus</span> <span class='ocrx_word' id='word_1_168' title='bbox 389 1954 501 1985; x_wconf 86' lang='lat' dir='ltr'>cultus</span> <span class='ocrx_word' id='word_1_169' title='bbox 525 1954 598 1985; x_wconf 80' lang='lat' dir='ltr'>fere</span> <span class='ocrx_word' id='word_1_170' title='bbox 623 1955 758 1987; x_wconf 80' lang='lat' dir='ltr'>caeteris</span> <span class='ocrx_word' id='word_1_171' title='bbox 783 1955 937 1987; x_wconf 88' lang='lat' dir='ltr'>omnibus</span> <span class='ocrx_word' id='word_1_172' title='bbox 953 1966 1005 1988; x_wconf 85' lang='lat' dir='ltr'>sa·</span> 
     </span>
     <span class='ocr_line' id='line_1_36' title="bbox 309 2003 1006 2050; baseline 0.003 -15"><span class='ocrx_word' id='word_1_173' title='bbox 309 2003 454 2035; x_wconf 69' lang='lat' dir='ltr'>oration</span> <span class='ocrx_word' id='word_1_174' title='bbox 477 2004 530 2035; x_wconf 89' lang='lat' dir='ltr'>vel</span> <span class='ocrx_word' id='word_1_175' title='bbox 557 2004 636 2045; x_wconf 90' lang='lat' dir='ltr'>quia</span> <span class='ocrx_word' id='word_1_176' title='bbox 661 2005 1006 2050; x_wconf 74' lang='lat' dir='ltr'>horrendum,timen-</span> 
     </span>
     <span class='ocr_line' id='line_1_37' title="bbox 309 2052 1007 2094; baseline 0.006 -11"><span class='ocrx_word' id='word_1_177' title='bbox 309 2052 458 2094; x_wconf 85' lang='lat' dir='ltr'>dumque</span> <span class='ocrx_word' id='word_1_178' title='bbox 473 2063 572 2085; x_wconf 89' lang='lat' dir='ltr'>omne</span> <span class='ocrx_word' id='word_1_179' title='bbox 589 2055 738 2086; x_wconf 83' lang='lat' dir='ltr'>‘sacrum</span> <span class='ocrx_word' id='word_1_180' title='bbox 750 2054 759 2068; x_wconf 94' lang='lat'>&#39;</span> <span class='ocrx_word' id='word_1_181' title='bbox 774 2055 918 2094; x_wconf 83' lang='lat' dir='ltr'>Latinis,</span> <span class='ocrx_word' id='word_1_182' title='bbox 933 2056 1007 2087; x_wconf 87' lang='lat' dir='ltr'>imi-</span> 
     </span>
     <span class='ocr_line' id='line_1_38' title="bbox 309 2102 1006 2141; baseline 0.006 -8"><span class='ocrx_word' id='word_1_183' title='bbox 309 2102 439 2141; x_wconf 75' lang='lat' dir='ltr'>tatione</span> <span class='ocrx_word' id='word_1_184' title='bbox 450 2103 552 2134; x_wconf 86' lang='lat' dir='ltr'>etiam</span> <span class='ocrx_word' id='word_1_185' title='bbox 563 2103 773 2136; x_wconf 71' lang='lat' dir='ltr'>Graecorum.</span> <span class='ocrx_word' id='word_1_186' title='bbox 790 2105 911 2137; x_wconf 83' lang='lat' dir='ltr'>Claud.</span> <span class='ocrx_word' id='word_1_187' title='bbox 923 2107 932 2123; x_wconf 90' lang='lat'>‘</span> <span class='ocrx_word' id='word_1_188' title='bbox 942 2106 1006 2137; x_wconf 83' lang='lat' dir='ltr'>Fas</span> 
     </span>
    </p>
   </div>
   <div class='ocr_carea' id='block_1_5' title="bbox 309 2151 1005 2233">
    <p class='ocr_par' dir='ltr' id='par_1_10' title="bbox 309 2151 1005 2233">
     <span class='ocr_line' id='line_1_39' title="bbox 309 2151 1005 2196; baseline 0.009 -15"><span class='ocrx_word' id='word_1_189' title='bbox 309 2151 390 2182; x_wconf 88' lang='lat' dir='ltr'>mihi</span> <span class='ocrx_word' id='word_1_190' title='bbox 402 2161 574 2183; x_wconf 86' lang='lat' dir='ltr'>sacrarum</span> <span class='ocrx_word' id='word_1_191' title='bbox 589 2155 777 2194; x_wconf 82' lang='lat' dir='ltr'>penetralia</span> <span class='ocrx_word' id='word_1_192' title='bbox 789 2155 938 2196; x_wconf 85' lang='lat' dir='ltr'>pandere</span> <span class='ocrx_word' id='word_1_193' title='bbox 954 2164 1005 2187; x_wconf 86' lang='lat' dir='ltr'>re-</span> 
     </span>
     <span class='ocr_line' id='line_1_40' title="bbox 309 2199 548 2233; baseline 0.004 -2"><span class='ocrx_word' id='word_1_194' title='bbox 309 2199 408 2231; x_wconf 64' lang='lat' dir='ltr'>rum!</span> <span class='ocrx_word' id='word_1_195' title='bbox 431 2201 548 2233; x_wconf 75' lang='lat' dir='ltr'>Barth.</span> 
     </span>
    </p>
   </div>
   <div class='ocr_carea' id='block_1_6' title="bbox 308 2245 1008 2792">
    <p class='ocr_par' dir='ltr' id='par_1_11' title="bbox 308 2245 1006 2629">
     <span class='ocr_line' id='line_1_41' title="bbox 351 2245 1006 2293; baseline 0.005 -12"><span class='ocrx_word' id='word_1_196' title='bbox 351 2252 415 2281; x_wconf 80' lang='lat'>643</span> <span class='ocrx_word' id='word_1_197' title='bbox 440 2245 868 2293; x_wconf 66' lang='lat' dir='ltr'>ThymbraeeJThymbroeus</span> <span class='ocrx_word' id='word_1_198' title='bbox 881 2252 1006 2285; x_wconf 84' lang='lat' dir='ltr'>dicitur</span> 
     </span>
     <span class='ocr_line' id='line_1_42' title="bbox 308 2298 1006 2344; baseline 0.006 -14"><span class='ocrx_word' id='word_1_199' title='bbox 308 2298 447 2340; x_wconf 86' lang='lat' dir='ltr'>Apollo,</span> <span class='ocrx_word' id='word_1_200' title='bbox 477 2300 519 2331; x_wconf 88' lang='lat' dir='ltr'>ab</span> <span class='ocrx_word' id='word_1_201' title='bbox 547 2301 652 2332; x_wconf 85' lang='lat' dir='ltr'>herba</span> <span class='ocrx_word' id='word_1_202' title='bbox 683 2303 849 2343; x_wconf 84' lang='lat' dir='ltr'>thymbra,</span> <span class='ocrx_word' id='word_1_203' title='bbox 874 2313 948 2344; x_wconf 81' lang='lat' dir='ltr'>quae</span> <span class='ocrx_word' id='word_1_204' title='bbox 971 2303 1006 2334; x_wconf 91' lang='lat' dir='ltr'>in</span> 
     </span>
     <span class='ocr_line' id='line_1_43' title="bbox 308 2350 1004 2394; baseline 0.004 -14"><span class='ocrx_word' id='word_1_205' title='bbox 308 2350 439 2390; x_wconf 86' lang='lat' dir='ltr'>templo</span> <span class='ocrx_word' id='word_1_206' title='bbox 469 2350 618 2382; x_wconf 87' lang='lat' dir='ltr'>Troados</span> <span class='ocrx_word' id='word_1_207' title='bbox 650 2351 812 2383; x_wconf 83' lang='lat' dir='ltr'>abundat.</span> <span class='ocrx_word' id='word_1_208' title='bbox 870 2353 1004 2394; x_wconf 78' lang='lat' dir='ltr'>Missus]</span> 
     </span>
     <span class='ocr_line' id='line_1_44' title="bbox 309 2399 1004 2442; baseline 0.007 -13"><span class='ocrx_word' id='word_1_209' title='bbox 309 2399 470 2440; x_wconf 84' lang='lat' dir='ltr'>Humilis,</span> <span class='ocrx_word' id='word_1_210' title='bbox 495 2399 662 2441; x_wconf 82' lang='lat' dir='ltr'>dejectus,</span> <span class='ocrx_word' id='word_1_211' title='bbox 677 2406 736 2432; x_wconf 88' lang='lat' dir='ltr'>aut</span> <span class='ocrx_word' id='word_1_212' title='bbox 759 2406 920 2442; x_wconf 86' lang='lat' dir='ltr'>coactus;</span> <span class='ocrx_word' id='word_1_213' title='bbox 944 2403 1004 2434; x_wconf 88' lang='lat' dir='ltr'>sed</span> 
     </span>
     <span class='ocr_line' id='line_1_45' title="bbox 310 2450 1005 2492; baseline 0.003 -12"><span class='ocrx_word' id='word_1_214' title='bbox 310 2454 434 2490; x_wconf 88' lang='lat' dir='ltr'>sponte</span> <span class='ocrx_word' id='word_1_215' title='bbox 450 2450 514 2480; x_wconf 87' lang='lat' dir='ltr'>huc</span> <span class='ocrx_word' id='word_1_216' title='bbox 529 2450 620 2488; x_wconf 89' lang='lat' dir='ltr'>veni,</span> <span class='ocrx_word' id='word_1_217' title='bbox 644 2460 709 2482; x_wconf 91' lang='lat' dir='ltr'>non</span> <span class='ocrx_word' id='word_1_218' title='bbox 731 2451 772 2482; x_wconf 84' lang='lat' dir='ltr'>ad</span> <span class='ocrx_word' id='word_1_219' title='bbox 789 2452 1005 2492; x_wconf 83' lang='lat' dir='ltr'>supplicium,</span> 
     </span>
     <span class='ocr_line' id='line_1_46' title="bbox 310 2497 1005 2539; baseline 0.004 -10"><span class='ocrx_word' id='word_1_220' title='bbox 310 2497 372 2530; x_wconf 89' lang='lat' dir='ltr'>sed</span> <span class='ocrx_word' id='word_1_221' title='bbox 387 2499 493 2539; x_wconf 79' lang='lat' dir='ltr'>magis</span> <span class='ocrx_word' id='word_1_222' title='bbox 511 2499 553 2530; x_wconf 83' lang='lat' dir='ltr'>ad</span> <span class='ocrx_word' id='word_1_223' title='bbox 568 2499 775 2531; x_wconf 87' lang='lat' dir='ltr'>iracundiam</span> <span class='ocrx_word' id='word_1_224' title='bbox 791 2503 882 2531; x_wconf 84' lang='lat' dir='ltr'>tuam</span> <span class='ocrx_word' id='word_1_225' title='bbox 897 2501 1005 2532; x_wconf 87' lang='lat' dir='ltr'>laces-</span> 
     </span>
     <span class='ocr_line' id='line_1_47' title="bbox 310 2548 1005 2591; baseline 0.004 -12"><span class='ocrx_word' id='word_1_226' title='bbox 310 2548 463 2580; x_wconf 82' lang='lat' dir='ltr'>sendam.</span> <span class='ocrx_word' id='word_1_227' title='bbox 488 2550 634 2590; x_wconf 77' lang='lat' dir='ltr'>Penates]</span> <span class='ocrx_word' id='word_1_228' title='bbox 658 2550 728 2581; x_wconf 91' lang='lat' dir='ltr'>Pro</span> <span class='ocrx_word' id='word_1_229' title='bbox 739 2551 867 2591; x_wconf 88' lang='lat' dir='ltr'>templo</span> <span class='ocrx_word' id='word_1_230' title='bbox 882 2551 1005 2591; x_wconf 85' lang='lat' dir='ltr'>posuit.</span> 
     </span>
     <span class='ocr_line' id='line_1_48' title="bbox 310 2597 456 2629; baseline 0.007 -1"><span class='ocrx_word' id='word_1_231' title='bbox 310 2597 456 2629; x_wconf 80' lang='lat' dir='ltr'>Lactant-</span> 
     </span>
    </p>

    <p class='ocr_par' dir='ltr' id='par_1_12' title="bbox 311 2649 1008 2792">
     <span class='ocr_line' id='line_1_49' title="bbox 352 2649 1008 2693; baseline 0.006 -14"><span class='ocrx_word' id='word_1_232' title='bbox 352 2651 416 2680; x_wconf 80' lang='grc'>644</span> <span class='ocrx_word' id='word_1_233' title='bbox 439 2649 515 2680; x_wconf 84' lang='lat' dir='ltr'>Mea</span> <span class='ocrx_word' id='word_1_234' title='bbox 539 2659 586 2680; x_wconf 88' lang='lat' dir='ltr'>me</span> <span class='ocrx_word' id='word_1_235' title='bbox 614 2649 731 2690; x_wconf 79' lang='lat' dir='ltr'>pietas]</span> <span class='ocrx_word' id='word_1_236' title='bbox 752 2650 924 2683; x_wconf 80' lang='lat' dir='ltr'>Pietatem</span> <span class='ocrx_word' id='word_1_237' title='bbox 947 2661 1008 2693; x_wconf 87' lang='lat' dir='ltr'>po-</span> 
     </span>
     <span class='ocr_line' id='line_1_50' title="bbox 312 2697 1004 2740; baseline 0.006 -11"><span class='ocrx_word' id='word_1_238' title='bbox 312 2697 391 2738; x_wconf 84' lang='lat' dir='ltr'>suit,</span> <span class='ocrx_word' id='word_1_239' title='bbox 421 2698 498 2740; x_wconf 78' lang='lat' dir='ltr'>quia</span> <span class='ocrx_word' id='word_1_240' title='bbox 531 2700 622 2730; x_wconf 85' lang='lat' dir='ltr'>cives</span> <span class='ocrx_word' id='word_1_241' title='bbox 658 2709 733 2732; x_wconf 86' lang='lat' dir='ltr'>suos</span> <span class='ocrx_word' id='word_1_242' title='bbox 773 2700 1004 2733; x_wconf 84' lang='lat' dir='ltr'>internecione</span> 
     </span>
     <span class='ocr_line' id='line_1_51' title="bbox 311 2747 1005 2792; baseline 0.006 -13"><span class='ocrx_word' id='word_1_243' title='bbox 311 2747 455 2780; x_wconf 83' lang='lat' dir='ltr'>monstri</span> <span class='ocrx_word' id='word_1_244' title='bbox 469 2753 676 2781; x_wconf 83' lang='lat' dir='ltr'>servaverat.</span> <span class='ocrx_word' id='word_1_245' title='bbox 724 2749 894 2792; x_wconf 78' lang='lat' dir='ltr'>Virtutem]</span> <span class='ocrx_word' id='word_1_246' title='bbox 915 2752 1005 2785; x_wconf 78' lang='lat' dir='ltr'>Quia</span> 
     </span>
    </p>
   </div>
   <div class='ocr_carea' id='block_1_7' title="bbox 777 223 1298 256">
    <p class='ocr_par' dir='ltr' id='par_1_13' title="bbox 777 223 1298 256">
     <span class='ocr_line' id='line_1_52' title="bbox 777 223 1298 256; baseline 0 -1"><span class='ocrx_word' id='word_1_247' title='bbox 777 223 916 256; x_wconf 78' lang='lat' dir='ltr'>No&#39;rAE</span> <span class='ocrx_word' id='word_1_248' title='bbox 949 223 1168 256; x_wconf 73' lang='lat' dir='ltr'>vAmoRtJ</span> <span class='ocrx_word' id='word_1_249' title='bbox 1180 225 1226 255; x_wconf 86' lang='grc' dir='ltr'>Μ·</span> <span class='ocrx_word' id='word_1_250' title='bbox 1245 224 1298 255; x_wconf 85' lang='lat' dir='ltr'>IN</span> 
     </span>
    </p>
   </div>
   <div class='ocr_carea' id='block_1_8' title="bbox 1054 314 1756 2794">
    <p class='ocr_par' dir='ltr' id='par_1_14' title="bbox 1054 314 1750 410">
     <span class='ocr_line' id='line_1_53' title="bbox 1054 314 1750 358; baseline 0.003 -9"><span class='ocrx_word' id='word_1_251' title='bbox 1054 325 1122 349; x_wconf 85' lang='lat' dir='ltr'>non</span> <span class='ocrx_word' id='word_1_252' title='bbox 1138 315 1281 348; x_wconf 70' lang='lat' dir='ltr'>timebat</span> <span class='ocrx_word' id='word_1_253' title='bbox 1294 316 1491 348; x_wconf 82' lang='lat' dir='ltr'>interitum:</span> <span class='ocrx_word' id='word_1_254' title='bbox 1515 319 1574 348; x_wconf 76' lang='lat' dir='ltr'>aut</span> <span class='ocrx_word' id='word_1_255' title='bbox 1590 314 1750 358; x_wconf 60' lang='lat' dir='ltr'>qut-›vtr-</span> 
     </span>
     <span class='ocr_line' id='line_1_54' title="bbox 1056 365 1665 410; baseline 0 -11"><span class='ocrx_word' id='word_1_256' title='bbox 1056 370 1130 400; x_wconf 86' lang='lat' dir='ltr'>tnte</span> <span class='ocrx_word' id='word_1_257' title='bbox 1152 371 1340 398; x_wconf 78' lang='lat' dir='ltr'>monstrum</span> <span class='ocrx_word' id='word_1_258' title='bbox 1355 366 1542 398; x_wconf 83' lang='lat' dir='ltr'>occiderat.</span> <span class='ocrx_word' id='word_1_259' title='bbox 1563 365 1665 410; x_wconf 71' lang='lat' dir='ltr'>Iden,</span> 
     </span>
    </p>

    <p class='ocr_par' dir='ltr' id='par_1_15' title="bbox 1055 416 1752 644">
     <span class='ocr_line' id='line_1_55' title="bbox 1096 416 1752 457; baseline 0.005 -10"><span class='ocrx_word' id='word_1_260' title='bbox 1096 418 1160 447; x_wconf 83' lang='grc'>646</span> <span class='ocrx_word' id='word_1_261' title='bbox 1183 416 1282 454; x_wconf 58' lang='lat' dir='ltr'>Nefas</span> <span class='ocrx_word' id='word_1_262' title='bbox 1307 416 1452 457; x_wconf 71' lang='lat' dir='ltr'>mortale]</span> <span class='ocrx_word' id='word_1_263' title='bbox 1483 416 1671 457; x_wconf 80' lang='lat' dir='ltr'>Eleganter</span> <span class='ocrx_word' id='word_1_264' title='bbox 1697 424 1752 450; x_wconf 70' lang='lat' dir='ltr'>u·</span> 
     </span>
     <span class='ocr_line' id='line_1_56' title="bbox 1055 464 1752 507; baseline 0.001 -10"><span class='ocrx_word' id='word_1_265' title='bbox 1055 465 1168 497; x_wconf 78' lang='lat' dir='ltr'>tendit</span> <span class='ocrx_word' id='word_1_266' title='bbox 1182 474 1219 496; x_wconf 83' lang='lat' dir='ltr'>se</span> <span class='ocrx_word' id='word_1_267' title='bbox 1234 466 1335 507; x_wconf 83' lang='lat' dir='ltr'>culpa</span> <span class='ocrx_word' id='word_1_268' title='bbox 1351 475 1468 497; x_wconf 78' lang='lat' dir='ltr'>carere</span> <span class='ocrx_word' id='word_1_269' title='bbox 1484 465 1632 506; x_wconf 83' lang='lat' dir='ltr'>peccati,</span> <span class='ocrx_word' id='word_1_270' title='bbox 1646 464 1752 506; x_wconf 68' lang='lat' dir='ltr'>siqni-</span> 
     </span>
     <span class='ocr_line' id='line_1_57' title="bbox 1055 514 1751 551; baseline 0 -5"><span class='ocrx_word' id='word_1_271' title='bbox 1055 514 1133 546; x_wconf 86' lang='lat' dir='ltr'>dem</span> <span class='ocrx_word' id='word_1_272' title='bbox 1173 515 1221 546; x_wconf 90' lang='lat' dir='ltr'>nil</span> <span class='ocrx_word' id='word_1_273' title='bbox 1251 518 1405 546; x_wconf 78' lang='lat' dir='ltr'>sanctum</span> <span class='ocrx_word' id='word_1_274' title='bbox 1433 514 1637 551; x_wconf 78' lang='lat' dir='ltr'>violaverit:</span> <span class='ocrx_word' id='word_1_275' title='bbox 1669 522 1751 550; x_wconf 12' lang='lat' dir='ltr'>&#39;cun</span> 
     </span>
     <span class='ocr_line' id='line_1_58' title="bbox 1055 562 1751 605; baseline 0.001 -10"><span class='ocrx_word' id='word_1_276' title='bbox 1055 568 1188 595; x_wconf 81' lang='lat' dir='ltr'>constet</span> <span class='ocrx_word' id='word_1_277' title='bbox 1205 563 1300 595; x_wconf 85' lang='lat' dir='ltr'>nefas</span> <span class='ocrx_word' id='word_1_278' title='bbox 1317 568 1535 605; x_wconf 87' lang='lat' dir='ltr'>peremptum</span> <span class='ocrx_word' id='word_1_279' title='bbox 1547 562 1653 596; x_wconf 82' lang='lat' dir='ltr'>fuisse</span> <span class='ocrx_word' id='word_1_280' title='bbox 1663 572 1751 596; x_wconf 75' lang='lat' dir='ltr'>nor·</span> 
     </span>
     <span class='ocr_line' id='line_1_59' title="bbox 1056 613 1259 644; baseline 0 0"><span class='ocrx_word' id='word_1_281' title='bbox 1056 613 1136 644; x_wconf 80' lang='lat' dir='ltr'>tale.</span> <span class='ocrx_word' id='word_1_282' title='bbox 1161 613 1259 644; x_wconf 81' lang='lat' dir='ltr'>Idem.</span> 
     </span>
    </p>

    <p class='ocr_par' dir='ltr' id='par_1_16' title="bbox 1055 656 1750 795">
     <span class='ocr_line' id='line_1_60' title="bbox 1097 656 1750 704; baseline 0.003 -11"><span class='ocrx_word' id='word_1_283' title='bbox 1097 664 1160 694; x_wconf 76' lang='grc'>617</span> <span class='ocrx_word' id='word_1_284' title='bbox 1184 656 1334 703; x_wconf 65' lang='lat' dir='ltr'>Sinistri]</span> <span class='ocrx_word' id='word_1_285' title='bbox 1365 663 1528 704; x_wconf 77' lang='lat' dir='ltr'>Coi-rupti</span> <span class='ocrx_word' id='word_1_286' title='bbox 1552 661 1652 703; x_wconf 67' lang='lat' dir='ltr'>aeris,</span> <span class='ocrx_word' id='word_1_287' title='bbox 1677 661 1750 699; x_wconf 68' lang='lat' dir='ltr'>sive</span> 
     </span>
     <span class='ocr_line' id='line_1_61' title="bbox 1056 713 1750 749; baseline 0.003 -5"><span class='ocrx_word' id='word_1_288' title='bbox 1056 713 1187 744; x_wconf 89' lang='lat' dir='ltr'>nullum</span> <span class='ocrx_word' id='word_1_289' title='bbox 1209 713 1366 746; x_wconf 81' lang='lat' dir='ltr'>habentis</span> <span class='ocrx_word' id='word_1_290' title='bbox 1379 714 1566 746; x_wconf 81' lang='lat' dir='ltr'>remedium</span> <span class='ocrx_word' id='word_1_291' title='bbox 1587 714 1750 749; x_wconf 60' lang='lat' dir='ltr'>anninus.</span> 
     </span>
     <span class='ocr_line' id='line_1_62' title="bbox 1055 762 1159 795; baseline 0.01 -1"><span class='ocrx_word' id='word_1_292' title='bbox 1055 762 1159 795; x_wconf 84' lang='lat' dir='ltr'>Idem.</span> 
     </span>
    </p>

    <p class='ocr_par' dir='ltr' id='par_1_17' title="bbox 1055 813 1752 994">
     <span class='ocr_line' id='line_1_63' title="bbox 1097 813 1752 855; baseline -0.002 -10"><span class='ocrx_word' id='word_1_293' title='bbox 1097 815 1162 845; x_wconf 83' lang='grc'>649</span> <span class='ocrx_word' id='word_1_294' title='bbox 1188 813 1289 846; x_wconf 73' lang='lat' dir='ltr'>Vilior</span> <span class='ocrx_word' id='word_1_295' title='bbox 1311 813 1394 855; x_wconf 81' lang='lat' dir='ltr'>orbi]</span> <span class='ocrx_word' id='word_1_296' title='bbox 1417 813 1481 849; x_wconf 79' lang='lat' dir='ltr'>cui</span> <span class='ocrx_word' id='word_1_297' title='bbox 1503 813 1594 847; x_wconf 80' lang='lat' dir='ltr'>orbis</span> <span class='ocrx_word' id='word_1_298' title='bbox 1611 813 1752 855; x_wconf 71' lang='lat' dir='ltr'>juctan</span> 
     </span>
     <span class='ocr_line' id='line_1_64' title="bbox 1057 861 1751 907; baseline 0 -13"><span class='ocrx_word' id='word_1_299' title='bbox 1057 862 1155 895; x_wconf 86' lang='lat' dir='ltr'>vilior</span> <span class='ocrx_word' id='word_1_300' title='bbox 1168 868 1240 895; x_wconf 84' lang='lat' dir='ltr'>est:</span> <span class='ocrx_word' id='word_1_301' title='bbox 1264 862 1300 895; x_wconf 89' lang='lat' dir='ltr'>id</span> <span class='ocrx_word' id='word_1_302' title='bbox 1325 867 1379 895; x_wconf 87' lang='lat' dir='ltr'>est</span> <span class='ocrx_word' id='word_1_303' title='bbox 1403 863 1493 903; x_wconf 70' lang='lat' dir='ltr'>Diis,</span> <span class='ocrx_word' id='word_1_304' title='bbox 1509 863 1630 904; x_wconf 80' lang='lat' dir='ltr'>quibus</span> <span class='ocrx_word' id='word_1_305' title='bbox 1652 861 1751 907; x_wconf 62' lang='lat' dir='ltr'>vilius</span> 
     </span>
     <span class='ocr_line' id='line_1_65' title="bbox 1056 911 1752 953; baseline 0.004 -10"><span class='ocrx_word' id='word_1_306' title='bbox 1056 911 1214 943; x_wconf 88' lang='lat' dir='ltr'>damnum</span> <span class='ocrx_word' id='word_1_307' title='bbox 1245 912 1291 944; x_wconf 87' lang='lat' dir='ltr'>sit</span> <span class='ocrx_word' id='word_1_308' title='bbox 1322 911 1472 944; x_wconf 75' lang='lat' dir='ltr'>homines</span> <span class='ocrx_word' id='word_1_309' title='bbox 1501 911 1627 953; x_wconf 83' lang='lat' dir='ltr'>perire,</span> <span class='ocrx_word' id='word_1_310' title='bbox 1651 919 1752 953; x_wconf 67' lang='lat' dir='ltr'>quun</span> 
     </span>
     <span class='ocr_line' id='line_1_66' title="bbox 1055 962 1339 994; baseline 0.004 -1"><span class='ocrx_word' id='word_1_311' title='bbox 1055 967 1218 994; x_wconf 83' lang='lat' dir='ltr'>monstra.</span> <span class='ocrx_word' id='word_1_312' title='bbox 1239 962 1339 994; x_wconf 82' lang='lat' dir='ltr'>Idem.</span> 
     </span>
    </p>

    <p class='ocr_par' dir='ltr' id='par_1_18' title="bbox 1055 988 1756 1592">
     <span class='ocr_line' id='line_1_67' title="bbox 1098 988 1756 1052; baseline -0.002 -9"><span class='ocrx_word' id='word_1_313' title='bbox 1098 1015 1160 1043; x_wconf 82' lang='grc'>663</span> <span class='ocrx_word' id='word_1_314' title='bbox 1184 1012 1269 1044; x_wconf 80' lang='lat' dir='ltr'>Lene</span> <span class='ocrx_word' id='word_1_315' title='bbox 1291 1012 1394 1052; x_wconf 75' lang='lat' dir='ltr'>magis</span> <span class='ocrx_word' id='word_1_316' title='bbox 1422 988 1523 1052; x_wconf 74' lang='lat' dir='ltr'>cordi]</span> <span class='ocrx_word' id='word_1_317' title='bbox 1543 1009 1756 1052; x_wconf 71' lang='lat' dir='ltr'>Jucnndun,</span> 
     </span>
     <span class='ocr_line' id='line_1_68' title="bbox 1055 1060 1753 1100; baseline 0 -8"><span class='ocrx_word' id='word_1_318' title='bbox 1055 1060 1090 1092; x_wconf 90' lang='lat' dir='ltr'>id</span> <span class='ocrx_word' id='word_1_319' title='bbox 1105 1066 1175 1100; x_wconf 83' lang='lat' dir='ltr'>est,</span> <span class='ocrx_word' id='word_1_320' title='bbox 1184 1061 1212 1092; x_wconf 84' lang='lat' dir='ltr'>si</span> <span class='ocrx_word' id='word_1_321' title='bbox 1237 1061 1299 1094; x_wconf 87' lang='lat' dir='ltr'>tibi</span> <span class='ocrx_word' id='word_1_322' title='bbox 1313 1061 1410 1094; x_wconf 82' lang='lat' dir='ltr'>cordi</span> <span class='ocrx_word' id='word_1_323' title='bbox 1421 1066 1500 1094; x_wconf 78' lang='lat' dir='ltr'>sunt</span> <span class='ocrx_word' id='word_1_324' title='bbox 1513 1063 1663 1099; x_wconf 67' lang='lat' dir='ltr'>monstro</span> <span class='ocrx_word' id='word_1_325' title='bbox 1681 1069 1753 1095; x_wconf 75' lang='lat' dir='ltr'>ma-</span> 
     </span>
     <span class='ocr_line' id='line_1_69' title="bbox 1057 1110 1753 1153; baseline 0.007 -12"><span class='ocrx_word' id='word_1_326' title='bbox 1057 1111 1119 1152; x_wconf 81' lang='lat' dir='ltr'>gis,</span> <span class='ocrx_word' id='word_1_327' title='bbox 1148 1121 1247 1153; x_wconf 89' lang='lat' dir='ltr'>quam</span> <span class='ocrx_word' id='word_1_328' title='bbox 1270 1111 1434 1144; x_wconf 85' lang='lat' dir='ltr'>homines.</span> <span class='ocrx_word' id='word_1_329' title='bbox 1456 1112 1556 1144; x_wconf 70' lang='lat' dir='ltr'>Iden.</span> <span class='ocrx_word' id='word_1_330' title='bbox 1574 1149 1577 1152; x_wconf 29' lang='lat'><em>¹</em></span> <span class='ocrx_word' id='word_1_331' title='bbox 1597 1110 1753 1145; x_wconf 65' lang='lat' dir='ltr'>Anillud</span> 
     </span>
     <span class='ocr_line' id='line_1_70' title="bbox 1055 1161 1754 1202; baseline 0.003 -10"><span class='ocrx_word' id='word_1_332' title='bbox 1055 1161 1140 1193; x_wconf 80' lang='lat' dir='ltr'>Lene</span> <span class='ocrx_word' id='word_1_333' title='bbox 1168 1162 1270 1201; x_wconf 69' lang='lat' dir='ltr'>magis</span> <span class='ocrx_word' id='word_1_334' title='bbox 1298 1161 1398 1202; x_wconf 74' lang='lat' dir='ltr'>cordi]</span> <span class='ocrx_word' id='word_1_335' title='bbox 1426 1162 1564 1194; x_wconf 82' lang='lat' dir='ltr'>Scribo:</span> <span class='ocrx_word' id='word_1_336' title='bbox 1599 1171 1642 1194; x_wconf 73' lang='lat' dir='ltr'>an</span> <span class='ocrx_word' id='word_1_337' title='bbox 1663 1161 1754 1201; x_wconf 71' lang='lat' dir='ltr'>illud,</span> 
     </span>
     <span class='ocr_line' id='line_1_71' title="bbox 1056 1210 1751 1253; baseline 0.003 -11"><span class='ocrx_word' id='word_1_338' title='bbox 1056 1211 1148 1248; x_wconf 71' lang='lat' dir='ltr'>Leve,</span> <span class='ocrx_word' id='word_1_339' title='bbox 1163 1212 1268 1251; x_wconf 81' lang='lat' dir='ltr'>magis</span> <span class='ocrx_word' id='word_1_340' title='bbox 1283 1213 1386 1244; x_wconf 81' lang='lat' dir='ltr'>cordi.-</span> <span class='ocrx_word' id='word_1_341' title='bbox 1410 1216 1449 1245; x_wconf 87' lang='lat' dir='ltr'>ut</span> <span class='ocrx_word' id='word_1_342' title='bbox 1464 1212 1628 1253; x_wconf 72' lang='lat' dir='ltr'>virgilius</span> <span class='ocrx_word' id='word_1_343' title='bbox 1641 1210 1685 1243; x_wconf 76' lang='lat' dir='ltr'>de</span> <span class='ocrx_word' id='word_1_344' title='bbox 1695 1211 1751 1245; x_wconf 83' lang='lat' dir='ltr'>Si·</span> 
     </span>
     <span class='ocr_line' id='line_1_72' title="bbox 1056 1261 1752 1294; baseline 0.003 -2"><span class='ocrx_word' id='word_1_345' title='bbox 1056 1261 1129 1293; x_wconf 89' lang='lat' dir='ltr'>rio:</span> <span class='ocrx_word' id='word_1_346' title='bbox 1155 1265 1214 1294; x_wconf 86' lang='lat' dir='ltr'>‘et</span> <span class='ocrx_word' id='word_1_347' title='bbox 1241 1262 1318 1294; x_wconf 82' lang='lat' dir='ltr'>levo</span> <span class='ocrx_word' id='word_1_348' title='bbox 1334 1263 1514 1294; x_wconf 76' lang='lat' dir='ltr'>contristat</span> <span class='ocrx_word' id='word_1_349' title='bbox 1536 1262 1662 1294; x_wconf 73' lang='lat' dir='ltr'>lumine</span> <span class='ocrx_word' id='word_1_350' title='bbox 1684 1270 1752 1294; x_wconf 75' lang='lat' dir='ltr'>cm-</span> 
     </span>
     <span class='ocr_line' id='line_1_73' title="bbox 1056 1309 1751 1353; baseline 0.004 -13"><span class='ocrx_word' id='word_1_351' title='bbox 1056 1309 1148 1341; x_wconf 86' lang='lat' dir='ltr'>lum.’</span> <span class='ocrx_word' id='word_1_352' title='bbox 1192 1311 1314 1342; x_wconf 88' lang='lat' dir='ltr'>Paullo</span> <span class='ocrx_word' id='word_1_353' title='bbox 1330 1316 1432 1345; x_wconf 84' lang='lat' dir='ltr'>ante:</span> <span class='ocrx_word' id='word_1_354' title='bbox 1456 1312 1466 1329; x_wconf 90' lang='lat'>‘</span> <span class='ocrx_word' id='word_1_355' title='bbox 1478 1310 1607 1353; x_wconf 78' lang='lat' dir='ltr'>quisab</span> <span class='ocrx_word' id='word_1_356' title='bbox 1622 1310 1751 1343; x_wconf 64' lang='lat' dir='ltr'>uthere</span> 
     </span>
     <span class='ocr_line' id='line_1_74' title="bbox 1055 1359 1751 1402; baseline 0.001 -12"><span class='ocrx_word' id='word_1_357' title='bbox 1055 1359 1152 1391; x_wconf 85' lang='lat' dir='ltr'>levus</span> <span class='ocrx_word' id='word_1_358' title='bbox 1190 1360 1310 1401; x_wconf 67' lang='lat' dir='ltr'>Ignis!</span> <span class='ocrx_word' id='word_1_359' title='bbox 1364 1360 1480 1393; x_wconf 79' lang='lat' dir='ltr'>Infra:</span> <span class='ocrx_word' id='word_1_360' title='bbox 1516 1360 1751 1402; x_wconf 64' lang='lat' dir='ltr'>‘Jumanne</span> 
     </span>
     <span class='ocr_line' id='line_1_75' title="bbox 1059 1409 1752 1452; baseline 0.001 -11"><span class='ocrx_word' id='word_1_361' title='bbox 1059 1419 1141 1441; x_wconf 82' lang='lat' dir='ltr'>arva</span> <span class='ocrx_word' id='word_1_362' title='bbox 1165 1411 1302 1442; x_wconf 81' lang='lat' dir='ltr'>Dexter</span> <span class='ocrx_word' id='word_1_363' title='bbox 1324 1409 1442 1442; x_wconf 63' lang='lat' dir='ltr'>ames!</span> <span class='ocrx_word' id='word_1_364' title='bbox 1485 1410 1695 1452; x_wconf 54' lang='lat' dir='ltr'>Mefinqum</span> <span class='ocrx_word' id='word_1_365' title='bbox 1715 1419 1752 1442; x_wconf 74' lang='lat' dir='ltr'>u-</span> 
     </span>
     <span class='ocr_line' id='line_1_76' title="bbox 1057 1459 1754 1500; baseline 0.004 -11"><span class='ocrx_word' id='word_1_366' title='bbox 1057 1468 1135 1489; x_wconf 88' lang='lat' dir='ltr'>num</span> <span class='ocrx_word' id='word_1_367' title='bbox 1154 1460 1247 1500; x_wconf 88' lang='lat' dir='ltr'>puni,</span> <span class='ocrx_word' id='word_1_368' title='bbox 1262 1464 1298 1492; x_wconf 89' lang='lat' dir='ltr'>et</span> <span class='ocrx_word' id='word_1_369' title='bbox 1315 1464 1391 1492; x_wconf 91' lang='lat' dir='ltr'>esto</span> <span class='ocrx_word' id='word_1_370' title='bbox 1405 1460 1573 1492; x_wconf 68' lang='lat' dir='ltr'>Divos-um</span> <span class='ocrx_word' id='word_1_371' title='bbox 1589 1460 1644 1492; x_wconf 80' lang='lat' dir='ltr'>vel</span> <span class='ocrx_word' id='word_1_372' title='bbox 1663 1459 1754 1500; x_wconf 79' lang='lat' dir='ltr'>apti·</span> 
     </span>
     <span class='ocr_line' id='line_1_77' title="bbox 1057 1508 1751 1551; baseline 0.003 -12"><span class='ocrx_word' id='word_1_373' title='bbox 1057 1517 1143 1540; x_wconf 87' lang='lat' dir='ltr'>mus.</span> <span class='ocrx_word' id='word_1_374' title='bbox 1187 1508 1241 1540; x_wconf 89' lang='lat' dir='ltr'>An</span> <span class='ocrx_word' id='word_1_375' title='bbox 1254 1510 1375 1549; x_wconf 80' lang='lat' dir='ltr'>mavis,</span> <span class='ocrx_word' id='word_1_376' title='bbox 1387 1519 1408 1542; x_wconf 91' lang='lat' dir='ltr'>o</span> <span class='ocrx_word' id='word_1_377' title='bbox 1422 1510 1510 1551; x_wconf 84' lang='lat' dir='ltr'>leve,</span> <span class='ocrx_word' id='word_1_378' title='bbox 1524 1509 1751 1544; x_wconf 64' lang='lat' dir='ltr'>desolare-do-</span> 
     </span>
     <span class='ocr_line' id='line_1_78' title="bbox 1055 1558 1531 1592; baseline 0.004 -3"><span class='ocrx_word' id='word_1_379' title='bbox 1055 1566 1126 1589; x_wconf 89' lang='lat' dir='ltr'>mos</span> <span class='ocrx_word' id='word_1_380' title='bbox 1141 1558 1369 1590; x_wconf 87' lang='lat' dir='ltr'>innocentes?</span> <span class='ocrx_word' id='word_1_381' title='bbox 1394 1559 1531 1592; x_wconf 75' lang='lat' dir='ltr'>Gronov.</span> 
     </span>
    </p>

    <p class='ocr_par' dir='ltr' id='par_1_19' title="bbox 1097 1607 1752 1649">
     <span class='ocr_line' id='line_1_79' title="bbox 1097 1607 1752 1649; baseline 0.002 -10"><span class='ocrx_word' id='word_1_382' title='bbox 1097 1610 1160 1639; x_wconf 83' lang='lat'>655</span> <span class='ocrx_word' id='word_1_383' title='bbox 1183 1607 1284 1640; x_wconf 80' lang='lat' dir='ltr'>Lucet</span> <span class='ocrx_word' id='word_1_384' title='bbox 1297 1608 1367 1649; x_wconf 69' lang='grc' dir='ltr'>αἰέν]</span> <span class='ocrx_word' id='word_1_385' title='bbox 1390 1609 1442 1640; x_wconf 82' lang='lat' dir='ltr'>Ex</span> <span class='ocrx_word' id='word_1_386' title='bbox 1458 1608 1550 1649; x_wconf 77' lang='lat' dir='ltr'>rogis</span> <span class='ocrx_word' id='word_1_387' title='bbox 1565 1608 1640 1640; x_wconf 83' lang='lat' dir='ltr'>scil.</span> <span class='ocrx_word' id='word_1_388' title='bbox 1661 1608 1752 1641; x_wconf 74' lang='lat' dir='ltr'>lact.</span> 
     </span>
    </p>

    <p class='ocr_par' dir='ltr' id='par_1_20' title="bbox 1054 1657 1751 1739">
     <span class='ocr_line' id='line_1_80' title="bbox 1095 1657 1751 1697; baseline 0 -9"><span class='ocrx_word' id='word_1_389' title='bbox 1095 1660 1160 1688; x_wconf 87' lang='grc'>656</span> <span class='ocrx_word' id='word_1_390' title='bbox 1183 1658 1360 1697; x_wconf 78' lang='lat' dir='ltr'>Expectant</span> <span class='ocrx_word' id='word_1_391' title='bbox 1386 1657 1520 1697; x_wconf 76' lang='lat' dir='ltr'>matres]</span> <span class='ocrx_word' id='word_1_392' title='bbox 1543 1658 1589 1690; x_wconf 90' lang='lat' dir='ltr'>Ut</span> <span class='ocrx_word' id='word_1_393' title='bbox 1614 1658 1751 1689; x_wconf 76' lang='lat' dir='ltr'>morbus</span> 
     </span>
     <span class='ocr_line' id='line_1_81' title="bbox 1054 1706 1708 1739; baseline 0.002 -1"><span class='ocrx_word' id='word_1_394' title='bbox 1054 1706 1178 1738; x_wconf 87' lang='lat' dir='ltr'>civium</span> <span class='ocrx_word' id='word_1_395' title='bbox 1193 1716 1268 1737; x_wconf 87' lang='lat' dir='ltr'>meo</span> <span class='ocrx_word' id='word_1_396' title='bbox 1279 1706 1417 1738; x_wconf 84' lang='lat' dir='ltr'>finiatur</span> <span class='ocrx_word' id='word_1_397' title='bbox 1431 1706 1586 1739; x_wconf 84' lang='lat' dir='ltr'>interitu.</span> <span class='ocrx_word' id='word_1_398' title='bbox 1609 1707 1708 1739; x_wconf 68' lang='lat' dir='ltr'>Iden.</span> 
     </span>
    </p>

    <p class='ocr_par' dir='ltr' id='par_1_21' title="bbox 1054 1756 1753 1939">
     <span class='ocr_line' id='line_1_82' title="bbox 1096 1756 1750 1798; baseline 0.002 -9"><span class='ocrx_word' id='word_1_399' title='bbox 1096 1760 1159 1789; x_wconf 80' lang='lat'>65⁷</span> <span class='ocrx_word' id='word_1_400' title='bbox 1181 1757 1268 1789; x_wconf 71' lang='lat' dir='ltr'>Satis</span> <span class='ocrx_word' id='word_1_401' title='bbox 1283 1761 1339 1797; x_wconf 71' lang='lat' dir='ltr'>est,</span> <span class='ocrx_word' id='word_1_402' title='bbox 1351 1757 1464 1798; x_wconf 69' lang='lat' dir='ltr'>mi]</span> <span class='ocrx_word' id='word_1_403' title='bbox 1489 1757 1567 1790; x_wconf 79' lang='lat' dir='ltr'>Hoc</span> <span class='ocrx_word' id='word_1_404' title='bbox 1581 1756 1750 1798; x_wconf 45' lang='lat' dir='ltr'>consuffr-</span> 
     </span>
     <span class='ocr_line' id='line_1_83' title="bbox 1054 1806 1753 1848; baseline -0.001 -9"><span class='ocrx_word' id='word_1_405' title='bbox 1054 1807 1105 1839; x_wconf 92' lang='lat' dir='ltr'>cit</span> <span class='ocrx_word' id='word_1_406' title='bbox 1127 1806 1218 1843; x_wconf 89' lang='lat' dir='ltr'>mihi,</span> <span class='ocrx_word' id='word_1_407' title='bbox 1245 1806 1335 1848; x_wconf 89' lang='lat' dir='ltr'>quod</span> <span class='ocrx_word' id='word_1_408' title='bbox 1366 1806 1490 1838; x_wconf 79' lang='lat' dir='ltr'>talibus</span> <span class='ocrx_word' id='word_1_409' title='bbox 1515 1811 1550 1838; x_wconf 84' lang='lat' dir='ltr'>te</span> <span class='ocrx_word' id='word_1_410' title='bbox 1571 1807 1753 1847; x_wconf 65' lang='lat' dir='ltr'>provocavi</span> 
     </span>
     <span class='ocr_line' id='line_1_84' title="bbox 1054 1855 1750 1895; baseline -0.001 -7"><span class='ocrx_word' id='word_1_411' title='bbox 1054 1856 1234 1895; x_wconf 87' lang='lat' dir='ltr'>conviciis,</span> <span class='ocrx_word' id='word_1_412' title='bbox 1258 1861 1297 1887; x_wconf 88' lang='lat' dir='ltr'>ut</span> <span class='ocrx_word' id='word_1_413' title='bbox 1318 1855 1437 1895; x_wconf 86' lang='lat' dir='ltr'>diguus</span> <span class='ocrx_word' id='word_1_414' title='bbox 1461 1855 1568 1887; x_wconf 77' lang='lat' dir='ltr'>veniae</span> <span class='ocrx_word' id='word_1_415' title='bbox 1584 1859 1653 1888; x_wconf 63' lang='lat' dir='ltr'>tum</span> <span class='ocrx_word' id='word_1_416' title='bbox 1675 1865 1750 1888; x_wconf 75' lang='lat' dir='ltr'>esse</span> 
     </span>
     <span class='ocr_line' id='line_1_85' title="bbox 1054 1905 1418 1939; baseline -0.008 0"><span class='ocrx_word' id='word_1_417' title='bbox 1054 1916 1121 1939; x_wconf 84' lang='lat' dir='ltr'>non</span> <span class='ocrx_word' id='word_1_418' title='bbox 1137 1906 1294 1938; x_wconf 82' lang='lat' dir='ltr'>debeam.</span> <span class='ocrx_word' id='word_1_419' title='bbox 1318 1905 1418 1937; x_wconf 68' lang='lat' dir='ltr'>Idem.</span> 
     </span>
    </p>

    <p class='ocr_par' dir='ltr' id='par_1_22' title="bbox 1054 1953 1753 2336">
     <span class='ocr_line' id='line_1_86' title="bbox 1095 1953 1753 1995; baseline -0.003 -8"><span class='ocrx_word' id='word_1_420' title='bbox 1095 1958 1159 1987; x_wconf 87' lang='grc'>658</span> <span class='ocrx_word' id='word_1_421' title='bbox 1181 1954 1335 1995; x_wconf 69' lang='lat' dir='ltr'>Proinde]</span> <span class='ocrx_word' id='word_1_422' title='bbox 1368 1955 1604 1987; x_wconf 76' lang='lat' dir='ltr'>Maroniannm</span> <span class='ocrx_word' id='word_1_423' title='bbox 1629 1953 1753 1995; x_wconf 70' lang='lat' dir='ltr'>dissyl-</span> 
     </span>
     <span class='ocr_line' id='line_1_87' title="bbox 1054 2004 1753 2045; baseline -0.003 -8"><span class='ocrx_word' id='word_1_424' title='bbox 1054 2005 1179 2045; x_wconf 84' lang='lat' dir='ltr'>labum,</span> <span class='ocrx_word' id='word_1_425' title='bbox 1203 2004 1333 2042; x_wconf 55' lang='lat' dir='ltr'>1ib.‚1x.</span> <span class='ocrx_word' id='word_1_426' title='bbox 1375 2005 1385 2022; x_wconf 91' lang='lat'>‘</span> <span class='ocrx_word' id='word_1_427' title='bbox 1401 2004 1550 2036; x_wconf 79' lang='lat' dir='ltr'>Proinde</span> <span class='ocrx_word' id='word_1_428' title='bbox 1576 2009 1660 2040; x_wconf 77' lang='lat' dir='ltr'>tona</span> <span class='ocrx_word' id='word_1_429' title='bbox 1685 2006 1753 2035; x_wconf 79' lang='lat' dir='ltr'>elo-</span> 
     </span>
     <span class='ocr_line' id='line_1_88' title="bbox 1055 2053 1751 2097; baseline -0.001 -11"><span class='ocrx_word' id='word_1_430' title='bbox 1055 2054 1159 2097; x_wconf 64' lang='lat' dir='ltr'>quio!</span> <span class='ocrx_word' id='word_1_431' title='bbox 1187 2054 1367 2086; x_wconf 83' lang='lat' dir='ltr'>Lucretius</span> <span class='ocrx_word' id='word_1_432' title='bbox 1380 2054 1422 2085; x_wconf 91' lang='lat' dir='ltr'>de</span> <span class='ocrx_word' id='word_1_433' title='bbox 1433 2053 1592 2094; x_wconf 81' lang='lat' dir='ltr'>Scipione</span> <span class='ocrx_word' id='word_1_434' title='bbox 1614 2053 1678 2086; x_wconf 84' lang='lat' dir='ltr'>lib.</span> <span class='ocrx_word' id='word_1_435' title='bbox 1689 2062 1751 2085; x_wconf 79' lang='grc' dir='ltr'><strong><em>ιιι.</em></strong></span> 
     </span>
     <span class='ocr_line' id='line_1_89' title="bbox 1054 2102 1751 2148; baseline -0.003 -11"><span class='ocrx_word' id='word_1_436' title='bbox 1054 2105 1066 2145; x_wconf 9' lang='grc' dir='ltr'>’μ</span> <span class='ocrx_word' id='word_1_437' title='bbox 1080 2105 1170 2137; x_wconf 84' lang='lat' dir='ltr'>Ossa</span> <span class='ocrx_word' id='word_1_438' title='bbox 1185 2103 1280 2135; x_wconf 83' lang='lat' dir='ltr'>dedit</span> <span class='ocrx_word' id='word_1_439' title='bbox 1296 2109 1396 2136; x_wconf 82' lang='lat' dir='ltr'>terrae</span> <span class='ocrx_word' id='word_1_440' title='bbox 1419 2103 1563 2144; x_wconf 79' lang='lat' dir='ltr'>proinde</span> <span class='ocrx_word' id='word_1_441' title='bbox 1586 2112 1627 2135; x_wconf 69' lang='lat' dir='ltr'>nc</span> <span class='ocrx_word' id='word_1_442' title='bbox 1647 2102 1751 2148; x_wconf 64' lang='lat' dir='ltr'>famul</span> 
     </span>
     <span class='ocr_line' id='line_1_90' title="bbox 1054 2151 1753 2194; baseline -0.001 -9"><span class='ocrx_word' id='word_1_443' title='bbox 1054 2153 1188 2186; x_wconf 87' lang='lat' dir='ltr'>infimus</span> <span class='ocrx_word' id='word_1_444' title='bbox 1203 2154 1318 2185; x_wconf 66' lang='lat' dir='ltr'>esset!</span> <span class='ocrx_word' id='word_1_445' title='bbox 1331 2154 1448 2186; x_wconf 79' lang='lat' dir='ltr'>Barth.</span> <span class='ocrx_word' id='word_1_446' title='bbox 1492 2151 1643 2194; x_wconf 71' lang='lat' dir='ltr'>Sonam]</span> <span class='ocrx_word' id='word_1_447' title='bbox 1664 2152 1753 2186; x_wconf 81' lang='lat' dir='ltr'>Gra·</span> 
     </span>
     <span class='ocr_line' id='line_1_91' title="bbox 1055 2202 1749 2244; baseline 0.001 -10"><span class='ocrx_word' id='word_1_448' title='bbox 1055 2203 1146 2234; x_wconf 86' lang='lat' dir='ltr'>viter</span> <span class='ocrx_word' id='word_1_449' title='bbox 1160 2209 1331 2235; x_wconf 84' lang='lat' dir='ltr'>sonantes.</span> <span class='ocrx_word' id='word_1_450' title='bbox 1374 2202 1524 2236; x_wconf 84' lang='lat' dir='ltr'>‘Sonat&#39;</span> <span class='ocrx_word' id='word_1_451' title='bbox 1552 2203 1643 2235; x_wconf 78' lang='lat' dir='ltr'>enim</span> <span class='ocrx_word' id='word_1_452' title='bbox 1657 2202 1749 2244; x_wconf 77' lang='lat' dir='ltr'>quod</span> 
     </span>
     <span class='ocr_line' id='line_1_92' title="bbox 1055 2253 1750 2297; baseline 0.001 -13"><span class='ocrx_word' id='word_1_453' title='bbox 1055 2253 1179 2285; x_wconf 71' lang='lat' dir='ltr'>leiriter</span> <span class='ocrx_word' id='word_1_454' title='bbox 1194 2253 1341 2294; x_wconf 84' lang='lat' dir='ltr'>strepit;</span> <span class='ocrx_word' id='word_1_455' title='bbox 1363 2253 1374 2271; x_wconf 87' lang='lat'><em>‘</em></span> <span class='ocrx_word' id='word_1_456' title='bbox 1390 2259 1527 2286; x_wconf 85' lang='lat' dir='ltr'>sonorat</span> <span class='ocrx_word' id='word_1_457' title='bbox 1539 2253 1549 2268; x_wconf 88' lang='lat'><em>&#39;</em></span> <span class='ocrx_word' id='word_1_458' title='bbox 1565 2253 1657 2297; x_wconf 62' lang='lat' dir='ltr'>quot!</span> <span class='ocrx_word' id='word_1_459' title='bbox 1676 2262 1750 2294; x_wconf 64' lang='lat' dir='ltr'>gua-</span> 
     </span>
     <span class='ocr_line' id='line_1_93' title="bbox 1056 2304 1326 2336; baseline 0.004 -1"><span class='ocrx_word' id='word_1_460' title='bbox 1056 2304 1156 2336; x_wconf 87' lang='lat' dir='ltr'>viter.</span> <span class='ocrx_word' id='word_1_461' title='bbox 1179 2305 1326 2336; x_wconf 80' lang='lat' dir='ltr'>Lactant.</span> 
     </span>
    </p>

    <p class='ocr_par' dir='ltr' id='par_1_23' title="bbox 1055 2352 1753 2694">
     <span class='ocr_line' id='line_1_94' title="bbox 1097 2352 1752 2396; baseline 0.003 -12"><span class='ocrx_word' id='word_1_462' title='bbox 1097 2356 1161 2385; x_wconf 84' lang='grc'>659</span> <span class='ocrx_word' id='word_1_463' title='bbox 1183 2354 1399 2394; x_wconf 71' lang='lat' dir='ltr'>Insignemque</span> <span class='ocrx_word' id='word_1_464' title='bbox 1408 2354 1558 2396; x_wconf 69' lang='lat' dir='ltr'>animam]</span> <span class='ocrx_word' id='word_1_465' title='bbox 1577 2352 1752 2387; x_wconf 75' lang='lat' dir='ltr'>Artificio-</span> 
     </span>
     <span class='ocr_line' id='line_1_95' title="bbox 1056 2404 1752 2445; baseline 0 -9"><span class='ocrx_word' id='word_1_466' title='bbox 1056 2414 1092 2436; x_wconf 77' lang='lat' dir='ltr'>sa</span> <span class='ocrx_word' id='word_1_467' title='bbox 1102 2404 1275 2435; x_wconf 84' lang='lat' dir='ltr'>concessio</span> <span class='ocrx_word' id='word_1_468' title='bbox 1291 2413 1364 2445; x_wconf 81' lang='lat' dir='ltr'>quse</span> <span class='ocrx_word' id='word_1_469' title='bbox 1380 2404 1480 2436; x_wconf 75' lang='lat' dir='ltr'>habet</span> <span class='ocrx_word' id='word_1_470' title='bbox 1490 2404 1659 2445; x_wconf 70' lang='lat' dir='ltr'>quandam</span> <span class='ocrx_word' id='word_1_471' title='bbox 1675 2414 1752 2436; x_wconf 86' lang='lat' dir='ltr'>cor-</span> 
     </span>
     <span class='ocr_line' id='line_1_96' title="bbox 1055 2453 1751 2494; baseline -0.003 -9"><span class='ocrx_word' id='word_1_472' title='bbox 1055 2454 1254 2485; x_wconf 86' lang='lat' dir='ltr'>rectionem.</span> <span class='ocrx_word' id='word_1_473' title='bbox 1298 2453 1334 2485; x_wconf 88' lang='lat' dir='ltr'>Si</span> <span class='ocrx_word' id='word_1_474' title='bbox 1349 2454 1488 2494; x_wconf 85' lang='lat' dir='ltr'>insignis</span> <span class='ocrx_word' id='word_1_475' title='bbox 1497 2458 1552 2486; x_wconf 92' lang='lat' dir='ltr'>est</span> <span class='ocrx_word' id='word_1_476' title='bbox 1564 2463 1628 2486; x_wconf 90' lang='lat' dir='ltr'>non</span> <span class='ocrx_word' id='word_1_477' title='bbox 1641 2463 1751 2487; x_wconf 73' lang='lat' dir='ltr'>mere-</span> 
     </span>
     <span class='ocr_line' id='line_1_97' title="bbox 1056 2503 1753 2545; baseline 0 -10"><span class='ocrx_word' id='word_1_478' title='bbox 1056 2507 1112 2535; x_wconf 90' lang='lat' dir='ltr'>tur</span> <span class='ocrx_word' id='word_1_479' title='bbox 1140 2507 1178 2535; x_wconf 88' lang='lat' dir='ltr'>ut</span> <span class='ocrx_word' id='word_1_480' title='bbox 1207 2507 1347 2543; x_wconf 80' lang='lat' dir='ltr'>pereat:</span> <span class='ocrx_word' id='word_1_481' title='bbox 1371 2507 1409 2534; x_wconf 84' lang='lat' dir='ltr'>et</span> <span class='ocrx_word' id='word_1_482' title='bbox 1431 2503 1599 2545; x_wconf 80' lang='lat' dir='ltr'>est-apud</span> <span class='ocrx_word' id='word_1_483' title='bbox 1628 2503 1753 2544; x_wconf 73' lang='lat' dir='ltr'>Virgil.</span> 
     </span>
     <span class='ocr_line' id='line_1_98' title="bbox 1055 2552 1751 2595; baseline 0.001 -11"><span class='ocrx_word' id='word_1_484' title='bbox 1055 2553 1118 2584; x_wconf 82' lang='lat' dir='ltr'>ista</span> <span class='ocrx_word' id='word_1_485' title='bbox 1130 2553 1320 2591; x_wconf 85' lang='lat' dir='ltr'>concessio,</span> <span class='ocrx_word' id='word_1_486' title='bbox 1342 2552 1376 2584; x_wconf 89' lang='lat' dir='ltr'>id</span> <span class='ocrx_word' id='word_1_487' title='bbox 1392 2557 1456 2593; x_wconf 85' lang='lat' dir='ltr'>est,</span> <span class='ocrx_word' id='word_1_488' title='bbox 1474 2553 1484 2570; x_wconf 91' lang='lat'>‘</span> <span class='ocrx_word' id='word_1_489' title='bbox 1497 2562 1641 2595; x_wconf 74' lang='lat' dir='ltr'>sequere</span> <span class='ocrx_word' id='word_1_490' title='bbox 1654 2553 1751 2585; x_wconf 86' lang='lat' dir='ltr'>Itali-</span> 
     </span>
     <span class='ocr_line' id='line_1_99' title="bbox 1056 2601 1750 2645; baseline 0.001 -11"><span class='ocrx_word' id='word_1_491' title='bbox 1056 2612 1110 2634; x_wconf 86' lang='lat' dir='ltr'>am</span> <span class='ocrx_word' id='word_1_492' title='bbox 1125 2601 1267 2634; x_wconf 87' lang='lat' dir='ltr'>ventis:’</span> <span class='ocrx_word' id='word_1_493' title='bbox 1291 2602 1423 2634; x_wconf 80' lang='lat' dir='ltr'>addidit</span> <span class='ocrx_word' id='word_1_494' title='bbox 1439 2606 1621 2637; x_wconf 71' lang='lat' dir='ltr'>terror-eun</span> <span class='ocrx_word' id='word_1_495' title='bbox 1647 2603 1750 2645; x_wconf 83' lang='lat' dir='ltr'>‘pete</span> 
     </span>
     <span class='ocr_line' id='line_1_100' title="bbox 1055 2652 1503 2694; baseline 0.004 -11"><span class='ocrx_word' id='word_1_496' title='bbox 1055 2662 1162 2694; x_wconf 79' lang='lat' dir='ltr'>regna</span> <span class='ocrx_word' id='word_1_497' title='bbox 1175 2661 1237 2693; x_wconf 89' lang='lat' dir='ltr'>per</span> <span class='ocrx_word' id='word_1_498' title='bbox 1252 2652 1382 2684; x_wconf 69' lang='lat' dir='ltr'>undas!</span> <span class='ocrx_word' id='word_1_499' title='bbox 1405 2654 1503 2685; x_wconf 82' lang='lat' dir='ltr'>Idem.</span> 
     </span>
    </p>

    <p class='ocr_par' dir='ltr' id='par_1_24' title="bbox 1056 2701 1751 2794">
     <span class='ocr_line' id='line_1_101' title="bbox 1097 2701 1751 2745; baseline 0.002 -11"><span class='ocrx_word' id='word_1_500' title='bbox 1097 2705 1161 2734; x_wconf 85' lang='grc'>660</span> <span class='ocrx_word' id='word_1_501' title='bbox 1184 2701 1342 2742; x_wconf 76' lang='lat' dir='ltr'>Pallidus]</span> <span class='ocrx_word' id='word_1_502' title='bbox 1370 2702 1514 2735; x_wconf 87' lang='lat' dir='ltr'>Globum</span> <span class='ocrx_word' id='word_1_503' title='bbox 1531 2703 1751 2745; x_wconf 64' lang='lat' dir='ltr'>pestilentia,</span> 
     </span>
     <span class='ocr_line' id='line_1_102' title="bbox 1056 2752 1683 2794; baseline 0.002 -10"><span class='ocrx_word' id='word_1_504' title='bbox 1056 2756 1239 2794; x_wconf 76' lang='lat' dir='ltr'>antequam</span> <span class='ocrx_word' id='word_1_505' title='bbox 1254 2752 1392 2793; x_wconf 80' lang='lat' dir='ltr'>moriar,</span> <span class='ocrx_word' id='word_1_506' title='bbox 1407 2752 1553 2786; x_wconf 84' lang='lat' dir='ltr'>discute.</span> <span class='ocrx_word' id='word_1_507' title='bbox 1577 2753 1683 2786; x_wconf 63' lang='lat' dir='ltr'>Idem.</span> 
     </span>
    </p>
   </div>
  </div>
 </body>
</html>
