1878 3164
468 199 510 230 P.
542 197 735 229 PAPINn
769 198 937 230 STATu
971 196 1118 234 THEB.
1153 202 1250 232 LIB.
1273 203 1318 232 V.

159 292 311 329 bulanu·
318 295 501 335 ressemunt
510 292 566 336 abj
572 292 685 326 unctis
697 294 869 326 cavernis.

200 397 267 428 ⁸00
277 394 483 438 Hyperborea
495 394 582 437 nire]
594 395 767 437 Scythica.
794 395 870 438 Hy-

157 444 322 488 pen-hersi
338 439 434 478 enim
454 450 590 478 montes
614 450 710 478 trans
725 445 869 488 Aquilo-

156 505 237 531 Μ
262 499 366 530 ruma
389 501 428 529 et
457 501 511 529 est
537 497 739 529 vocabulum
769 497 868 530 Grae-

157 556 247 581 oum.
268 546 345 590 ὗεὸρ
368 547 459 580 euim
486 547 611 580 Graece
637 547 759 580 Latine
782 549 868 580 ultra

153 596 300 638 dieitur,
335 595 459 641 βόρεαε,
491 598 596 640 aquilo
638 604 868 640 nuncupatur.

136 726 138 728 .
157 711 161 716 ’
195 701 263 732 m
282 698 420 742 Amo]
435 699 562 740 Noxio‚
577 700 762 741 unicuique
773 701 865 733 enim

152 758 210 783 re·
219 759 302 792 qm
314 755 434 790 nocet,
447 748 561 782 amara
577 755 643 782 est.
667 750 766 782 Idem.

195 801 260 833 89⁶1
282 800 383 834 Arm
408 801 530 842 aliem]
557 801 640 834 Non
664 802 864 834 maritorum

151 859 292 883 auorum
317 861 414 884 arma
439 851 546 885 dixit:
570 852 630 884 sed
645 862 735 884 arma
749 853 864 893 aliena,

152 900 190 934 id
211 906 280 943 est,
302 912 404 936 sexus
426 903 591 936 alterius:
613 913 692 935 nam
706 914 783 935 cum
801 913 865 946 per

154 951 312 985 timorem
338 954 490 986 visorum
506 953 786 995 Argonautarum
809 964 863 986 re-

152 1011 315 1036 vocamur
329 1003 372 1036 ad
384 1014 518 1045 sexum,
534 1005 664 1046 repetit
678 1005 770 1036 vires
785 1015 862 1037 suas

150 1060 295 1098 natura,
318 1066 398 1090 eum
434 1057 563 1090 atienas
594 1067 663 1090 non
690 1058 862 1100 potuisset

151 1105 308 1148 impiere.
338 1108 436 1140 Idem.

143 1153 160 1194 ,ᾗ
193 1158 260 1189 ⁸98
281 1158 448 1199 AEaciaas]
477 1158 623 1190 Peleum
646 1162 683 1191 et
705 1159 859 1191 Telamo-

150 1217 240 1240 uem¹
258 1206 401 1242 fratres.v
440 1209 509 1242 Vct.
539 1209 645 1241 schol.
679 1214 715 1240 et
747 1209 857 1241 Lutat.

151 1258 343 1293 Notissima
358 1260 483 1292 omnia.
529 1260 580 1292 Ut
602 1265 639 1293 et
658 1260 703 1292 de
728 1260 858 1293 Ancaeo

148 1313 187 1350 ot.
212 1311 363 1343 ουτοι-ῆι.
411 1311 507 1344 Male
538 1310 723 1343 Anthaeum
750 1311 858 1352 legas.

149 1361 244 1403 Lege
281 1362 483 1406 Apollodor.
541 1363 702 1406 Aponon.
741 1364 859 1398 Valet.

149 1409 268 1453 uigin.
285 1417 322 1446 et
333 1413 429 1446 aiios.
451 1414 569 1447 Barth.

189 1460 256 1496 ⁴6³
278 1463 389 1505 Levis]
426 1464 552 1497 Utrum
580 1464 647 1496 hoc
677 1465 857 1507 epitheton

148 1514 193 1547 ad
229 1512 476 1549 discretionem
517 1516 681 1549 Herculis
719 1516 859 1557 dicitur,

149 1565 232 1608 quia
254 1565 314 1598 ine
335 1566 472 1608 gravis3
496 1577 538 1599 an
566 1566 609 1599 ad
633 1567 737 1598 animi
752 1567 858 1599 mobi-

147 1616 296 1658 litatem}
330 1617 411 1659 quia
447 1618 576 1653 nullam
609 1618 716 1651 ‚lason
758 1617 857 1651 firmo

144 1676 265 1700 amore
308 1667 464 1710 possedit
505 1668 668 1700 uxorem?
716 1668 857 1701 deserta

144 1719 239 1752 enirn
263 1719 458 1762 Hypsipyle
471 1719 636 1752 Medeam
657 1719 777 1759 duxit;
803 1729 855 1751 re-

142 1770 232 1803 fleta
265 1770 406 1812 Medea,
434 1771 591 1804 Glaucen
622 1771 764 1803 sortitus
801 1775 855 1802 est

145 1829 301 1854 uxorem.
344 1821 424 1854 Hoc
447 1821 528 1854 ideo
551 1821 650 1860 dixit,
673 1821 750 1863 quia
777 1831 853 1853 cum

146 1871 357 1915 Argamum
381 1869 546 1906 Lemnum
565 1873 711 1905 fuissent
726 1873 856 1915 ingres-

144 1923 188 1964 si,
202 1923 292 1957 hanc
312 1923 424 1958 Jason
439 1933 501 1956 suo
517 1924 733 1957 matrimonio
750 1925 855 1957 socia-

146 1974 212 2014 vit,
226 1984 329 2018 quam
345 1979 447 2008 utero
463 1984 602 2016 gravem
626 1975 763 2016 reliquit
777 1985 785 2006 ε
811 1985 854 2007 ex

145 2034 215 2069 qno
228 2032 400 2070 conceptu
422 2026 576 2068 geminos
598 2025 706 2058 edidit
727 2026 855 2068 Hypsi-

144 2077 239 2118 pyie.
262 2077 412 2110 Lactant.

189 2130 253 2161 405
279 2127 435 2170 OEniden]
468 2128 684 2169 Meleagrum
723 2127 853 2169 signifi-

145 2182 218 2211 eat.
243 2178 344 2212 Idem.

157 2243 161 2246 Δ
188 2230 255 2261 412
274 2228 397 2261 Audire
410 2228 593 2270 negantem]
621 2229 698 2260 Non
721 2228 854 2260 obtem-

145 2284 325 2322 perantem
351 2279 499 2312 dextrae.
543 2278 675 2311 Audire
701 2285 738 2311 et
760 2280 854 2311 navis

139 2333 183 2363 et
193 2339 315 2363 currus
331 2329 471 2363 dicitur.
494 2330 596 2363 Unde
612 2331 736 2373 virgil.
755 2331 765 2348 ‘
783 2332 853 2363 Ne-

143 2388 212 2423 que
229 2380 326 2413 audit
339 2390 460 2413 currus
475 2380 650 2414 habenas!
685 2382 754 2413 Hic
771 2392 853 2423 ergo

142 2431 271 2474 ‘l'ypiris
285 2432 495 2472 gubernator
507 2432 604 2463 navis
622 2431 727 2473 Argo.
751 2432 852 2464 Idem.

154 2518 156 2520 ,
185 2485 254 2516 413
275 2482 386 2515 Mutat
399 2482 547 2524 imperio]
569 2485 578 2500 ⁸
592 2483 732 2515 Mutare
748 2484 852 2525 impe-

136 2532 214 2567 ‘rin'
228 2538 281 2566 eat
297 2533 398 2565 modo
422 2534 488 2565 huc
505 2532 605 2565 modo
628 2533 708 2566 iiiuc
729 2543 851 2565 navem

142 2589 359 2617 convertere.
385 2583 484 2616 Idem.

185 2637 252 2668 416
273 2635 382 2668 Donec
406 2634 446 2666 ab
469 2638 607 2667 extremo
631 2635 742 2676 cuneo]
775 2636 851 2667 Me-

142 2683 268 2718 liores:
291 2688 443 2718 extreme
453 2694 550 2717 cuneo
560 2685 652 2717 ratis.
697 2686 744 2717 Ut
758 2685 850 2727 apud

141 2735 342 2769 Terentium
369 2737 380 2755 ‘
397 2735 507 2778 prima
529 2734 669 2778 fabuiass
685 2737 776 2779 apud
793 2738 850 2770 Ci-

140 2794 303 2820 ceronem
329 2787 340 2806 ‘
356 2786 465 2830 prim·
480 2786 682 2830 provincia?
716 2788 771 2822 ‚Et
786 2788 850 2822 ite-

1511 193 1626 243 1879

918 304 993 327 rum
1010 295 1087 327 ilie:
1112 295 1122 313 ‘
1141 296 1203 328 Est
1217 295 1297 328 mihi
1314 296 1480 328 conclave
1494 297 1528 328 in
1545 299 1625 331 ulti-

918 345 979 376 mis
995 345 1151 378 aedibus.’
1189 344 1309 378 Alter:
1334 347 1344 363 ‘
1360 345 1495 388 Appius
1512 352 1550 379 ut
1566 358 1626 380 au-

917 395 1005 427 divit
1020 405 1081 427 nos
1098 395 1229 436 venire,
1257 397 1293 428 in
1317 396 1472 429 ultimam
1489 398 1626 439 provin·

917 445 1002 478 ciam
1019 455 1056 477 se
1072 446 1243 487 conjecit!
1267 447 1406 480 Gronov.

959 498 1022 528 417
1047 497 1153 538 Mopsi
1168 498 1357 540 gestamina]
1374 498 1464 532 Quia
1481 499 1628 542 Mopsus

917 550 1080 590 tanquam
1109 552 1206 580 vates
1236 548 1514 590 Argonautarum
1547 551 1625 582 olea.

916 595 1033 629 fuerat
1063 602 1257 631 coronatus.
1301 599 1394 631 Huic
1429 600 1554 641 Mopso
1587 611 1623 634 se

919 646 1147 688 Amphiaraum
1163 649 1206 679 ab
1221 648 1350 681 Jasone
1374 650 1555 691 praelatum
1572 650 1624 683 fn-

915 697 980 729 isse
991 699 1161 740 jactavit;
1189 700 1237 731 ait
1253 701 1355 738 enim,
1370 706 1380 720 ‘
1393 711 1458 733 nee
1474 712 1528 734 me
1542 713 1623 735 ven-

916 753 992 781 tura
1009 749 1123 782 locuto
1139 750 1274 791 Saepius
1299 752 1331 782 iu
1352 752 1465 784 dubiis
1484 752 1624 786 auditus

915 799 1039 831 Iasone
1057 799 1226 840 Mopsus.’
1247 800 1397 833 Lactant.

957 853 1023 882 419
1047 851 1209 882 Involvere
1232 851 1392 894 procelloe]
1426 853 1505 884 Vox
1531 853 1622 886 enim

915 911 988 943 quae
1007 906 1067 934 aut
1083 902 1116 933 in
1133 902 1298 943 spelunca
1311 904 1495 942 emittitur,
1511 909 1570 936 aut
1587 905 1623 936 in

914 956 1027 993 antro,
1042 953 1094 984 vel
1108 958 1203 985 certe
1221 963 1284 994 per
1297 954 1416 985 littora
1427 955 1502 996 ipsa
1515 956 1623 987 invol-

914 1002 1023 1034 vitur:
1050 1007 1128 1045 quia
1154 1007 1214 1035 aut
1238 1013 1322 1035 cava
1351 1005 1424 1036 ioca
1447 1010 1539 1046 sunt,
1563 1010 1624 1038 aut

912 1063 1027 1086 curva.
1044 1064 1120 1096 quae
1137 1063 1219 1085 vero
1242 1054 1274 1084 in
1291 1054 1402 1086 libero
1418 1054 1622 1097 aereJacta-

913 1109 970 1137 tur
986 1106 1054 1137 {ate
1070 1105 1146 1137 fusa
1163 1105 1360 1145 respondet.
1390 1106 1490 1138 Idem.

954 1159 1018 1188 427
1043 1156 1237 1197 Rubentum]
1278 1156 1370 1188 Quia
1392 1156 1496 1197 juxta
1526 1166 1621 1190 mare

910 1206 1061 1239 Rubrum
1076 1211 1174 1239 sunt:
1189 1207 1261 1238 sive
1272 1207 1352 1248 quia
1362 1207 1477 1239 vicina
1487 1207 1623 1249 signata

910 1264 965 1290 est
980 1258 1055 1291 soii.
1101 1258 1278 1300 AEthiopas
1293 1268 1376 1300 ergo
1392 1259 1456 1290 hoc
1473 1260 1548 1292 loeo
1561 1259 1621 1292 de-

910 1309 1048 1348 scribit,
1069 1309 1148 1351 quia
1171 1319 1248 1341 cum
1275 1309 1461 1350 gigantes*
1477 1310 1520 1342 ab
1534 1311 1620 1352 ipsis

909 1358 1062 1401 suscepti
1078 1358 1403 1400 dicunturbospitio
1417 1370 1425 1390 :
1452 1365 1510 1392 aut
1523 1365 1620 1393 certe

909 1415 1055 1452 propter
1073 1409 1250 1451 justitiam
1275 1419 1296 1441 a
1322 1409 1516 1442 numinibus
1542 1410 1619 1443 dili-

910 1466 1049 1502 guntur.
1093 1461 1174 1492 Hoc
1190 1461 1295 1492 etiam
1311 1461 1485 1493 Homerus
1498 1462 1533 1494 in
1548 1462 1620 1503 pri·

909 1521 964 1543 mo
976 1511 1195 1552 significavit,
1206 1521 1247 1543 eo
1255 1511 1346 1554 quod
1357 1511 1525 1554 Juppiter
1539 1523 1619 1546 eum

908 1563 959 1594 his
988 1567 1133 1605 propter
1147 1563 1325 1604 justitiam
1356 1567 1394 1596 et
1418 1564 1618 1606 aequitatem

909 1623 1040 1646 morum
1057 1614 1194 1646 deserto
1211 1615 1296 1646 caelo
1313 1614 1514 1657 frequenter
1536 1626 1620 1658 epu-

907 1665 1018 1697 letur!
1045 1664 1206 1697 dicuutur
1232 1666 1323 1697 enim
1343 1666 1531 1707 ‚iustissimi
1560 1667 1619 1700 ho-

907 1716 1017 1748 mines
1033 1725 1110 1748 esse
1130 1715 1322 1757 AEthiopes,
1344 1721 1381 1748 et
1398 1717 1476 1749 ideo
1492 1718 1617 1751 relicto

907 1766 990 1798 orbe
1005 1765 1203 1809 frequenter
1225 1777 1284 1799 eos
1308 1768 1466 1801 revisunt
1481 1770 1617 1803 caelieo·

906 1817 961 1849 lae.
990 1817 1090 1850 Idem.

948 1871 1010 1900 431
1041 1869 1087 1900 Et
1101 1869 1141 1901 ab
1155 1869 1290 1911 asserto]
1314 1870 1443 1909 Minos,
1461 1872 1559 1905 Jovis
1580 1877 1617 1906 et

906 1920 1058 1962 Europae
1084 1920 1189 1961 filius,
1206 1931 1282 1953 cum
1302 1922 1391 1963 patri
1407 1923 1618 1956 sacrificatu-

905 1983 960 2004 rus
977 1973 1020 2004 ad
1037 1983 1113 2005 aras
1135 1974 1332 2015 accederet,
1359 1976 1470 2008 oravit
1494 1981 1617 2018 poten-

906 2024 988 2055 tiam
1018 2025 1180 2066 numinis‚
1210 2030 1248 2057 ut
1279 2026 1415 2067 dignam
1447 2028 1514 2059 aris
1543 2029 1615 2060 suis

904 2075 1052 2107 hostiam
1067 2076 1141 2117 ipse
1158 2075 1344 2117 praeberet,
1367 2078 1487 2120 itaque
1501 2078 1615 2111 subito

906 2131 1026 2158 taurus
1042 2128 1207 2168 apparuit
1230 2128 1335 2160 nimio
1361 2130 1512 2162 candore
1537 2140 1613 2171 per-

904 2176 1020 2209 fusus:
1043 2187 1144 2219 quem
1166 2178 1355 2210 admiratus
1379 2180 1508 2220 Μίηοε,
1536 2181 1615 2212 reli·
1650 2208 1653 2211 .

905 2229 1015 2270 gionis
1027 2229 1166 2269 oblitus,
1181 2230 1326 2261 armenti
1338 2230 1388 2261 sui
1401 2231 1524 2262 maluit
1536 2240 1614 2263 esse

906 2280 1096 2318 ductorem,
1112 2280 1211 2321 cujus
1234 2280 1358 2312 ardore
1374 2281 1545 2322 Pasiphae
1561 2281 1612 2314 di-

905 2331 996 2362 citur
1027 2331 1161 2363 arsisse.
1205 2331 1319 2371 Igitur
1339 2337 1562 2373 contemptus
1592 2343 1613 2365 a

904 2380 976 2412 filio
1011 2381 1177 2423 Juppiter
1214 2381 1422 2423 indignatus,
1456 2381 1612 2416 furorem

905 2435 1004 2463 tauro
1038 2431 1199 2473 subjecit,
1227 2438 1264 2464 et
1293 2434 1512 2466 Cretensium
1541 2444 1610 2467 nou

902 2482 1011 2513 solum
1039 2492 1152 2524 agros,
1177 2483 1237 2514 sed
1262 2485 1367 2516 etiam
1392 2485 1517 2518 moenia
1541 2485 1614 2518 uni-

901 2542 999 2564 versa
1015 2534 1177 2566 vastavit.
1225 2534 1327 2566 Hunc
1345 2535 1514 2568 Hercules
1530 2537 1610 2569 mis-

901 2593 957 2615 sus
974 2584 1147 2616 Euristhei
1163 2585 1309 2626 imperio
1332 2588 1522 2627 superavit,
1538 2587 1610 2622 vic-

902 2639 1043 2676 tumque
1069 2634 1182 2677 Argos
1214 2645 1322 2678 usque
1350 2637 1533 2678 perduxit:
1561 2639 1609 2671 ibi

900 2689 1123 2717 consecratus
1131 2685 1261 2718 Junoni
1273 2686 1316 2718 ab
1327 2687 1529 2721 Euristheo:
1546 2689 1609 2722 sed

899 2736 921 2769 J
926 2746 992 2768 uno
1007 2746 1112 2770 exosa
1125 2747 1261 2780 munus,
1276 2739 1367 2781 quod
1387 2740 1430 2772 ad
1446 2741 1609 2774 Herculis

899 2787 1043 2829 gloriam
1065 2788 1277 2831 pertinebat,
1301 2795 1436 2824 taumm
1458 2791 1492 2825 in
1514 2791 1607 2825 Atti·
