1878 3164
282 234 398 278 2022

283 343 373 372 trum
401 340 495 382 equi,
515 339 686 373 sinistrum
709 342 816 383 canis,
836 342 983 375 medium

281 389 436 428 hominis,
450 394 487 422 et
499 390 635 432 quidem
648 391 774 425 rustici.
796 392 960 434 Virgilius
974 403 983 425 ι

282 440 608 483 ‘Tergeminamque
636 441 807 484 Hecaten,
830 444 897 474 tria
919 443 984 475 vir-

281 491 368 532 ginis
392 501 452 524 ora
475 491 620 524 Dianae!
663 492 848 534 Phar-atris]
873 494 984 526 Vena-

281 541 388 574 tione.
410 542 591 574 Maturant.

323 594 387 624 345
409 590 462 624 Aa
481 591 620 632 patrem]
642 592 776 625 Jovem.
821 594 985 635 Fratrem]

283 640 495 683 Apollinem,
515 651 592 673 nam
609 641 734 683 Apollo
749 647 784 674 et
800 644 911 685 Diana
924 645 984 678 Jo-

282 691 334 723 vis
350 696 385 724 et
401 693 541 723 Latonae
556 691 617 723 filii
632 691 740 725 fuere.
767 694 861 726 Idem.

325 745 389 775 346
411 742 535 784 Mater]
559 743 700 775 Latona.
746 743 884 786 Exci-ta]
910 744 983 776 Nu-

283 792 375 824 data.
399 793 500 824 Idem.

326 846 389 876 347
411 844 573 885 Latentes]
589 844 797 887 subductas,
820 847 911 888 quod
930 857 985 879 ve-

282 894 431 926 natrices
447 894 588 927 faciunt.
633 896 817 937 Virgiliusz
842 900 851 915 ⁴
869 898 985 930 Nodo-

282 954 349 986 que
366 945 458 977 sinus
472 946 617 977 collecta
631 944 797 979 fluentes-¹
820 948 919 980 Idem.

325 997 389 1026 348
399 994 587 1035 sparsosque
594 997 698 1028 studet
705 997 895 1039 componere]
908 999 937 1030 N
943 1008 985 1030 on

283 1045 554 1077 contemnendus
568 1045 674 1078 liber:
696 1057 875 1089 sparsosque
889 1051 987 1080 tumet

281 1101 458 1136 componere
475 1095 587 1128 crines.
631 1096 738 1129 Quasi
763 1097 855 1129 dicat
878 1098 985 1139 ipsam

280 1145 345 1176 lioc
364 1144 476 1178 officio
492 1146 683 1187 superbire,
698 1147 879 1180 ambitiose
896 1149 928 1180 in
945 1158 985 1180 eo

282 1198 467 1235 ostentare,
494 1200 532 1227 ut
554 1197 742 1229 amatrices
767 1192 878 1229 solent
895 1199 985 1239 apud

285 1244 465 1284 dominas3
489 1246 611 1277 nedum
636 1250 745 1278 mater
767 1247 858 1288 apud
883 1249 985 1280 talem

281 1294 398 1336 filiam,
428 1306 471 1328 ex
499 1306 565 1338 qua
588 1298 692 1329 toties
715 1298 777 1338 illi,
801 1299 829 1330 si
852 1300 985 1332 vatibus

281 1344 381 1385 fides,
419 1349 427 1365 ‘
445 1351 644 1387 pertentant
683 1348 804 1389 gaudia
841 1350 986 1391 pectus:

287 1395 426 1428 Gronov.

326 1448 390 1478 349
428 1447 524 1478 Hanc
553 1449 749 1492 germanam]
777 1450 985 1483 Pronuncia-

284 1496 376 1528 tione
393 1496 621 1538 adjuvandum
639 1504 704 1539 est,
720 1505 756 1531 ut
780 1501 828 1532 sic
851 1511 912 1532 rex
935 1501 985 1533 fa-

283 1547 380 1579 cilius
403 1546 609 1589 decipiatur,
633 1549 728 1590 quasi
758 1548 864 1590 dicat,
892 1554 986 1582 recte

283 1606 379 1628 soror
404 1601 520 1638 potest
545 1597 613 1629 dici
641 1597 794 1637 Achillis,
823 1609 899 1631 nam
925 1609 986 1641 per

283 1647 397 1679 omnia
419 1648 465 1679 illi
489 1648 605 1679 similis
629 1653 694 1689 est,
718 1659 795 1691 quae
810 1649 986 1691 Polydora

284 1698 460 1739 appellata
477 1701 540 1729 est.
563 1698 745 1730 Britannic.

325 1751 387 1781 351
405 1750 517 1781 Nonne
527 1750 623 1790 eides,
637 1751 709 1792 εμπ]
729 1751 817 1784 Haec
831 1761 893 1793 per
908 1762 985 1793 par-

283 1800 439 1832 enthesin
475 1801 649 1842 leguntur.
704 1802 802 1833 Bene
833 1807 987 1835 removet

281 1850 354 1892 regi
369 1850 596 1891 suspicionem
612 1851 797 1883 virilitatis.
848 1852 934 1884 Nam
953 1852 986 1883 in

283 1910 343 1932 ore
380 1900 506 1942 aliquid
535 1901 646 1933 adhuc
677 1902 774 1933 virile
805 1902 985 1935 retinebat.

283 1950 413 1991 Fratri]
437 1951 571 1983 Nititur
587 1952 732 1992 probare
749 1961 897 1984 sororem
912 1962 986 1984 esse

283 2000 426 2033 Achillis
442 2010 462 2031 a
477 2000 607 2032 viribus
624 2002 787 2042 corporis.
814 2002 912 2035 Idem.

327 2054 390 2084 352
412 2052 512 2083 Arma
534 2051 670 2083 humeris
690 2061 854 2092 arcumque
869 2053 986 2083 animo-

283 2102 334 2143 sa]
360 2103 484 2135 Astute
499 2103 573 2134 haec
597 2103 759 2144 proponit
782 2112 824 2134 ne
849 2103 875 2133 si
897 2102 986 2135 forte

284 2152 366 2194 quid
394 2153 463 2184 tale
490 2157 648 2193 peragat,
672 2152 723 2183 vir
745 2161 818 2184 esse
834 2157 985 2193 putetur.

283 2204 384 2237 Idem.

325 2256 388 2286 353
405 2253 485 2286 Ritu
497 2252 680 2295 Amazonio]
697 2254 784 2286 Nam
795 2254 986 2286 Amazones

283 2314 398 2336 eorum
424 2304 626 2345 Scytharum
652 2313 775 2335 uxores
798 2303 906 2345 fuere,
930 2306 987 2346 qui

283 2364 347 2396 per
362 2353 548 2386 factionem
563 2354 767 2395 optimatum
784 2353 883 2386 domo
901 2354 987 2395 pulsi

282 2407 316 2437 in
353 2404 586 2447 Cappadociae
625 2414 685 2436 ora
716 2405 820 2446 juxta
855 2414 986 2436 amnem

281 2456 555 2488 Thermodoonta
582 2454 820 2494 consederunt,
844 2455 901 2486 ubi
926 2464 988 2496 per

281 2509 407 2540 multos
424 2516 530 2539 annos
552 2507 697 2547 spoliare
719 2505 882 2538 finitimos
906 2516 985 2538 con-

282 2559 384 2599 sueti,
410 2557 661 2598 conspiratione
692 2557 895 2598 populorum
925 2566 987 2598 per

282 2609 422 2641 insidias
453 2607 682 2640 trucidantur.
727 2609 853 2639 Eorum
885 2608 988 2649 igitur

283 2669 409 2692 uxores
438 2659 594 2690 videntes
620 2658 724 2689 exilio
750 2667 811 2689 suo
834 2658 986 2691 additam

283 2712 466 2743 orbitatem
483 2719 576 2741 arma
592 2712 822 2750 sumpserunt,
835 2708 986 2751 finesque

283 2771 361 2793 suos
378 2763 627 2792 summoventes
644 2759 768 2799 primo,
794 2769 872 2790 mox
900 2758 986 2790 infe-

260 2817 264 2821 “
281 2816 396 2844 rentes
407 2808 706 2843 beliadefenduut.
733 2809 892 2841 Nubendi
905 2819 986 2851 quo-

748 249 891 281 No'rAE
924 248 1190 282 VAR10RUM

1225 249 1278 282 IN

1036 353 1102 385 que
1117 343 1267 376 finitimis
1282 343 1428 377 animum
1444 345 1599 378 omisere.
1643 343 1738 380 'ran‘

1037 393 1112 426 dem
1122 404 1207 436 pace
1216 395 1316 426 armis
1326 395 1478 437 quaesita,
1487 405 1530 428 ne
1537 405 1621 438 gens
1629 396 1736 430 inter-

1035 443 1103 476 iret
1120 444 1338 477 concubitum
1364 439 1580 478 finitimorum
1604 446 1737 479 ineunt.

1036 493 1072 524 Si
1094 495 1152 536 qui
1177 505 1287 528 mares
1310 501 1533 529 nascerentur
1552 496 1738 529 interficie-

1036 542 1161 575 bantur
1173 554 1183 583 ;
1197 543 1337 576 feminas
1353 554 1434 577 vero
1444 555 1512 578 non
1525 546 1614 587 ocio,
1625 551 1737 589 neque

1036 593 1195 634 lanificio,
1223 594 1283 626 sed
1298 595 1410 635 armis,
1424 595 1533 637 equis,
1548 594 1739 632 venationi-

1035 642 1098 674 bus
1110 643 1318 676 exercebant
1329 645 1450 677 inustis
1461 644 1642 677 infantium
1655 644 1739 677 dex·

1035 693 1215 726 terioribus
1224 696 1392 735 mammis,
1400 704 1444 727 ue
1455 695 1656 737 sagittarum
1661 694 1738 737 Jac-

1035 748 1089 775 tus
1106 744 1343 786 impediretur,
1359 745 1449 777 unde
1465 745 1653 778 Amazones
1667 745 1738 778 dic-

1036 798 1082 825 tae
1099 798 1178 825 sunt
1196 793 1238 825 ab
1254 806 1274 826 α
1289 795 1378 836 quod
1395 799 1450 827 est
1465 794 1549 836 sine,
1569 799 1606 828 et
1628 794 1740 836 μαζδς,

1035 852 1175 875 mamma.
1219 844 1397 876 Duravere
1420 850 1535 877 autem
1563 855 1671 888 usqne
1695 846 1738 878 ad

1037 899 1194 934 tempora
1211 893 1396 926 Alexandri
1411 896 1535 937 magni.
1552 896 1664 939 fldem.
1693 902 1698 921 ἱ

1079 947 1141 976 355
1166 945 1280 986 Sacra]
1303 946 1353 978 Ut
1366 946 1517 978 Palladis
1534 955 1611 989 quse
1635 954 1740 980 cane-¹

1037 996 1157 1036 phoria
1183 997 1237 1028 vel
1272 997 1480 1038 cistophon-ia
1517 998 1740 1039 vocabantur,

1036 1048 1194 1088 quoniam
1211 1056 1251 1079 ea
1266 1047 1361 1079 cistis
1379 1048 1508 1080 inclusa
1520 1048 1739 1081 nobilesvir-

1036 1097 1132 1137 gines
1159 1101 1254 1129 certo
1280 1098 1357 1129 unni
1385 1103 1547 1140 tempore.
1564 1099 1598 1131 iu
1625 1106 1738 1132 arcem
1801 1133 1803 1135 a

1036 1145 1305 1189 ferebant,quod
1317 1147 1421 1180 Ovid.
1434 1148 1564 1181 scribit.
1599 1148 1740 1190 Frange]

1037 1196 1160 1237 Vince,
1189 1197 1288 1229 doma
1311 1207 1429 1229 sexum
1455 1198 1668 1240 muliebrem,
1693 1208 1739 1232 ue

1036 1252 1299 1288 corrumpatur;
1321 1247 1423 1280 facile
1445 1249 1533 1280 enim
1550 1249 1611 1281 nisi
1627 1254 1740 1282 custo-

1036 1296 1151 1328 diatur
1178 1297 1380 1330 labefactari
1406 1298 1595 1330 consuevit.
1629 1299 1738 1331 Maeu-

1037 1350 1124 1378 rant.

1078 1400 1141 1430 357
1165 1397 1352 1439 Solvemlus]
1379 1398 1641 1432 Dissolvendus.
1665 1401 1718 1433 ld.

1079 1450 1142 1479 358
1163 1448 1360 1490 Gymnadas]
1373 1449 1462 1481 Ludi
1477 1454 1555 1482 sunt
1571 1450 1737 1492 palaestri·

1036 1498 1068 1530 ci
1084 1498 1269 1539 gymnades
1293 1499 1351 1541 qui
1378 1503 1415 1531 et
1442 1500 1590 1541 gymnici
1616 1509 1739 1532 vocan-

1037 1552 1103 1584 tur,
1119 1549 1152 1579 in
1169 1548 1290 1590 quibus
1303 1549 1532 1582 nudabantur.
1559 1575 1561 1577 .
1576 1550 1651 1583 Hos
1667 1551 1738 1591 pri-

1037 1607 1111 1629 mus
1137 1598 1273 1639 Lycaon
1290 1599 1324 1630 in
1340 1599 1495 1631 Arcadia
1509 1600 1738 1641 excogitavit.

1038 1647 1169 1679 Auctor
1192 1648 1281 1680 Pliu.
1297 1648 1417 1688 γυμνὰς
1431 1649 1555 1682 Graece
1570 1651 1660 1683 ludus
1675 1655 1740 1692 est,

1036 1697 1153 1738 γυμνὰς
1164 1703 1200 1730 et
1214 1699 1400 1731 exercitatio
1409 1709 1420 1729 .·
1435 1699 1594 1741 γυμνάζει»,
1609 1702 1692 1741 ludo,
1703 1705 1740 1733 et

1037 1758 1174 1788 exerceo,
1198 1745 1410 1789 γυμνάζονσα,
1427 1749 1551 1788 femina
1565 1760 1632 1791 (μω
1646 1750 1738 1782 ludit.

1038 1798 1105 1829 Hic
1122 1808 1182 1839 pro
1208 1798 1297 1830 ludis
1324 1800 1453 1840 posuit,
1477 1809 1517 1832 ac
1542 1800 1570 1831 si
1597 1799 1739 1838 diceret,

1037 1849 1143 1880 nolito
1164 1848 1366 1889 concedere,
1389 1853 1427 1881 ut
1442 1849 1626 1891 gymnadas
1640 1859 1739 1882 exer-

1038 1903 1128 1939 ceat,
1154 1899 1208 1930 vel
1233 1898 1419 1940 gymnadas
1448 1899 1631 1931 imitemin*
1657 1899 1738 1931 Non

1039 1948 1112 1980 vult
1126 1947 1222 1980 ludos
1239 1949 1405 1984 exerceri,
1423 1949 1458 1980 iu
1475 1949 1596 1991 quibus
1610 1949 1738 1982 Achilli

1038 2008 1179 2031 necesse
1208 1999 1254 2031 sit
1282 1998 1416 2033 nudari.
1458 1999 1636 2040 Spartanis
1666 2009 1738 2031 mos

1037 2048 1116 2089 fuit,
1130 2052 1168 2080 ut
1185 2049 1283 2080 nudae
1307 2049 1431 2090 puellae
1454 2049 1545 2081 inter
1567 2049 1740 2082 luctantes
1776 2075 1784 2083 .

1038 2099 1128 2131 viros
1144 2102 1400 2140 exercerentur,
1415 2099 1504 2141 quod
1520 2098 1638 2131 scribit
1653 2099 1737 2132 Pro-

1039 2149 1440 2191 pertiusl1b1u.1dem‚

1064 2203 1141 2232 361
1164 2200 1281 2232 Vidisti
1295 2199 1397 2240 modo]
1410 2198 1584 2232 Admonet
1600 2209 1741 2232 servan-

1038 2251 1098 2282 das
1113 2261 1185 2282 esse
1211 2250 1464 2292 diligentissime
1489 2250 1634 2291 puellas,
1657 2259 1739 2292 quo-

1039 2301 1128 2332 niam
1145 2301 1245 2342 paulo
1260 2303 1338 2331 ante
1354 2299 1453 2331 Paris
1479 2303 1612 2341 raptam
1634 2298 1739 2331 Hele-

1038 2361 1116 2383 nam
1142 2351 1176 2383 in
1206 2351 1350 2392 patriam
1378 2350 1578 2391 reportavit.
1624 2349 1741 2381 Mutua

1030 2401 1124 2442 jura]
1151 2401 1361 2433 Commercia
1383 2399 1547 2441 gentium,
1563 2404 1597 2431 et
1606 2400 1664 2441 jus
1678 2400 1739 2431 hu-

1037 2461 1146 2484 manae
1171 2450 1360 2491 societatis,
1384 2454 1515 2490 mutua,
1529 2459 1607 2491 quae
1621 2453 1739 2482 mutuo

1037 2505 1230 2541 servantur,
1251 2504 1309 2531 ‘ut
1333 2509 1400 2531 non
1426 2498 1531 2531 facias
1555 2499 1630 2530 aliis
1646 2499 1738 2541 quod

1037 2552 1101 2584 tibi
1115 2561 1182 2583 non
1195 2551 1242 2582 vis
1256 2549 1354 2582 fieri!
1377 2550 1477 2581 Idem.

1079 2606 1143 2635 364
1182 2601 1261 2638 Quis
1287 2600 1422 2641 Divum]
1454 2600 1538 2632 Cum
1567 2600 1590 2631 ii
1618 2601 1737 2634 volunt

1038 2665 1136 2697 quem
1146 2654 1320 2695 decipere,
1329 2661 1429 2684 nemo
1440 2656 1558 2693 potest
1570 2651 1741 2685 resistere.

1041 2707 1156 2740 Barth.

1044 2774 1046 2777 v
1079 2760 1143 2789 366
1165 2754 1306 2795 Electus]
1330 2753 1406 2786 Hoc
1429 2754 1503 2795 ipso
1518 2753 1590 2794 agit
1606 2753 1736 2795 gratias·

1037 2808 1135 2848 Deae,
1146 2805 1234 2848 quod
1245 2814 1280 2837 se
1290 2813 1391 2837 unum
1403 2813 1445 2836 ex
1459 2803 1614 2836 omnibus
1625 2804 1739 2845 elege-
