1878 3164
454 257 495 288 P.
528 255 723 287 PAl’an
756 253 924 288 S'rA'rn
958 253 1165 286 Actum..
1199 254 1294 285 [ΑΒ.
1329 255 1361 286 1.

152 325 280 384 oravit.
321 349 465 392 Jupiter
489 349 524 382 in
550 349 706 382 habitum
727 359 765 382 sc
787 358 862 381 ver-

101 439 103 442 ,
153 401 201 435 tit
226 400 371 442 Diana,
383 404 422 433 et
446 401 598 442 puellam
620 401 791 442 corrupit,
813 400 871 432 ita-

153 456 192 484 ut
207 460 325 486 arcum
347 454 385 484 et
409 450 629 493 pharetbram
644 450 862 482 mentiretur.

104 575 107 577 Δ
151 561 179 587 ι·
196 555 261 586 au
280 552 406 594 ΒΜ]
429 552 533 585 cenis
550 551 647 594 virgo
661 550 730 584 fuit
744 561 821 594 quae
844 561 865 583 a

151 603 320 646 Romano
341 612 404 646 pro
425 603 540 645 stupri
567 603 709 645 praemio
739 601 866 634 meruit

153 664 258 688 sexus
272 654 510 688 mutationem.
542 655 624 687 Fuit
636 654 741 687 etiam
756 653 865 686 invul-

153 705 332 752 nerabilis,
351 705 419 748 >qui
453 707 640 748 pugnando
669 715 732 747 pro
764 705 865 746 Lapi-

153 755 224 790 this
251 759 376 788 contra
403 755 598 788 Centauros
626 755 757 787 crebris
788 755 866 787 icti-

154 805 219 840 bus
235 805 375 839 fustium
397 806 564 848 paulatim
590 805 679 838 fixus
702 806 736 838 in
759 810 865 838 terra.

154 857 242 890 Post
256 862 401 890 mortem
416 860 530 890 tamen
555 857 588 889 in
614 866 734 889 sexum
751 856 865 888 rediit.

155 907 260 942 Idem.

197 961 261 992 26⁵
286 959 414 992 Numen
424 956 615 999 malignum]
627 957 664 990 Si
677 966 777 1000 quam
790 966 866 999 per-

155 1019 303 1042 versam·
326 1009 431 1043 babes
469 1009 695 1050 voluntatem,
718 1007 866 1049 depone.

156 1060 347 1094 Britan-te.

154 1130 157 1134 ·
198 1113 264 1143 2⁶6
290 1111 372 1143 Mooe
392 1111 507 1143 iterum
530 1108 670 1151 campos]
695 1109 867 1142 Removet

150 1167 284 1205 ,metum
300 1160 472 1195 diuturnae
488 1159 675 1195 mansionis
695 1159 786 1201 apud
801 1159 867 1201 Ly-

155 1211 335 1245 comeden.
369 1211 567 1253 Hypallage
581 1214 650 1250 est,
664 1208 700 1241 id
712 1213 777 1251 est,
791 1209 868 1241 red-

156 1260 235 1294 dam
249 1267 283 1295 te
298 1262 430 1304 campis
445 1265 483 1294 et
505 1260 622 1294 lustris
638 1260 868 1294 Centaurieis.

159 1311 261 1345 Idm.

131 1386 134 1389 -
161 1387 168 1394 .
199 1365 265 1396 26⁷
291 1362 364 1396 Hoc
391 1362 501 1404 decus]
537 1362 704 1404 Subaudi,
730 1372 791 1395 oro
819 1366 868 1400 te,

155 1414 252 1456 quasi
268 1413 366 1446 dicat
380 1422 442 1456 per
454 1414 618 1447 virtutem
624 1414 782 1456 Juventae
798 1417 867 1446 tuae

157 1468 285 1502 teoro·
307 1464 411 1497 Idem.

199 1519 266 1550 268
287 1511 429 1559 Eq'mta
439 1517 590 1552 maritum
605 1518 648 1550 Te
659 1517 805 1559 propter]
821 1517 871 1559 Si,

157 1568 286 1612 inquit,
300 1572 446 1610 propter
461 1573 509 1606 te,
523 1568 559 1600 id
575 1573 642 1609 est,
659 1572 700 1601 ut
714 1569 871 1611 gignere-

98 1622 101 1625 ‘
157 1619 218 1660 ris,
231 1619 378 1652 sustinui
389 1619 638 1653 Peleobomini
656 1619 794 1652 mortali
808 1629 870 1651 nu-

158 1668 254 1702 bere.
277 1668 379 1702 Iam.

156 1747 163 1751 ..
200 1722 267 1752 269
299 1719 339 1752 Si
370 1720 572 1762 progenitum
610 1720 740 1763 Stygis]
778 1720 868 1753 Nam

157 1769 324 1812 Achilles,
348 1775 390 1803 ut
413 1779 520 1812 supra
535 1771 770 1811 recitavimus,
791 1780 871 1812 par-

157 1821 259 1867 !ulus
272 1830 293 1852 a
313 1824 425 1854 matre
447 1821 483 1853 in
498 1820 620 1863 Stygia
636 1822 764 1863 palude
780 1822 870 1854 lotus

157 1875 227 1912 est,
241 1881 284 1904 ex
303 1881 370 1914 quo
388 1874 463 1904 toto
477 1881 624 1913 corpore
639 1872 871 1905 invulnerabi-

156 1921 201 1955 lis
214 1921 330 1955 factus
344 1925 412 1964 est,
434 1926 585 1963 excepta
599 1918 757 1964 ea'parte
774 1922 873 1964 pedis

159 1981 228 2024 qua
240 1972 404 2005 detentus
428 1971 508 2005 fuit.
531 1972 622 2005 unde
647 1972 743 2005 dolet
761 1968 872 2005 mater

159 2028 272 2057 totum
300 2025 411 2057 lotum
445 2033 513 2056 uon
547 2023 665 2057 fuisse.
712 2025 803 2056 Nam
832 2033 872 2056 ea

160 2075 314 2117 corporis
348 2078 450 2117 parte
479 2084 502 2107 a
530 2074 661 2107 Paride
688 2084 871 2116 percussus

161 2125 289 2166 sagitta
302 2125 446 2158 interiit.
490 2123 594 2157 Arme
615 2124 737 2166 severo]
761 2125 802 2157 Id
818 2129 872 2158 est

161 2175 270 2217 Styge
283 2174 466 2215 horrenda,
481 2185 545 2217 per
558 2185 673 2218 quam,
690 2181 728 2207 ut
747 2175 874 2209 scribit

161 2226 343 2268 Virgilius,
364 2225 376 2244 ⁴
393 2225 452 2258 Dii
459 2225 581 2267 jurare
605 2226 740 2267 timent,
756 2230 792 2258 et
809 2225 872 2258 fal-

162 2277 236 2310 lere
248 2285 374 2309 numen
388 2275 412 2309 τ’
433 2276 527 2319 quod
539 2276 728 2309 secundum
740 2275 871 2309 fabulas

162 2326 242 2361 ideo
258 2332 324 2369 est,
339 2328 420 2370 quia
433 2327 563 2361 dicitur
577 2327 737 2360 Victoria
757 2328 872 2370 Stygis

161 2377 236 2412 filia
251 2379 344 2412 bello
364 2378 540 2421 Giganteo
561 2378 640 2413 Jovi
654 2377 794 2420 favisse,
810 2388 874 2420 pro

163 2439 230 2472 quo
251 2429 422 2462 beneficio
442 2429 584 2472 Jupiter
610 2429 644 2461 ei
668 2429 805 2469 tribuit,
835 2434 874 2462 ut

162 2481 225 2514 Dii
231 2481 393 2524 jurantes
406 2490 470 2523 per
480 2481 555 2522 ejus
571 2483 714 2512 matrem
731 2489 798 2512 non
815 2489 873 2512 au·

164 2531 272 2566 deant
282 2531 418 2565 fallere.
440 2532 539 2564 Idem.

207 2584 273 2615 rto
297 2582 395 2625 Tuta]
418 2583 454 2615 Si
479 2582 590 2615 minus
616 2581 771 2614 honesta.
809 2582 875 2613 Ρα-

165 2632 308 2675 runper]
346 2632 403 2665 Ad
432 2632 538 2666 breve
570 2637 720 2674 tempus.
765 2632 875 2664 Matu-

167 2685 242 2715 rant

211 2705 276 2766 271,
300 2733 514 2767 Nilmet‘tura
524 2733 646 2775 animo]
659 2733 775 2766 Animi
785 2733 875 2766 enim

169 2786 275 2819 robur
289 2790 327 2819 et
342 2787 449 2820 virtus
465 2787 548 2820 nihil
561 2785 779 2828 infringetur.
812 2786 876 2817 Re-

169 2836 273 2879 aucis]
294 2836 403 2872 Retro
427 2837 613 2879 convertis,
636 2840 674 2871 ut
701 2836 799 2878 pueri
826 2835 875 2869 fa-

1505 243 1620 287 2019

913 349 1022 387 ciunt,
1049 349 1109 392 qui
1132 349 1351 391 indignanter
1374 348 1501 392 aliquid
1528 349 1622 382 obla-

915 405 987 432 tum
1004 399 1190 442 refugiunt.
1213 400 1313 433 Idem.

957 452 1022 482 2⁷2
1047 450 1171 486 Quidve
1182 454 1298 493 purant
1313 451 1410 493 oculi]
1431 450 1623 483 Videbatur

914 500 1002 533 enim
1019 501 1141 542 lugere
1159 502 1260 535 velle.
1289 502 1390 535 Idem.

957 554 1021 584 275
1049 551 1179 594 Obstat]
1219 552 1376 593 Resistit‚
1416 551 1623 594 refragatur,

914 603 1093 645 quominus
1115 603 1219 635 matri
1245 602 1476 645 obtemperet.
1525 603 1624 635 Geni-

915 657 1025 696 torque
1052 653 1194 694 roganti]
1224 653 1350 686 Tribus
1378 653 1491 695 inquit
1517 652 1627 695 impe-

916 703 1078 736 diebatur
1093 702 1245 737 Achilles
1267 713 1311 735 ne
1334 703 1489 736 habitum
1505 703 1625 735 indue-

917 759 1015 786 retur
1038 754 1252 796 muliebrem,
1277 754 1367 797 quod
1383 754 1539 796 injuriam
1555 763 1626 786 ma-

911 805 1035 847 jestati
1052 809 1207 847 paternae
1231 809 1268 838 et
1292 805 1433 838 Chironi
1460 805 1560 837 simul
1575 804 1625 837 fa-

917 866 998 889 cere
1010 857 1200 898 videretur,
1214 862 1286 890 tum
1299 862 1413 890 autem
1424 856 1515 899 quod
1528 866 1627 899 egre·

917 907 982 949 giis
1002 907 1247 940 adolescentiae
1268 917 1340 939 suae
1362 907 1543 949 principiis
1557 916 1626 939 nou

916 957 1105 991 insisteret.
1162 958 1311 1000 Genitor]
1345 957 1485 990 Peleus.
1534 957 1626 990 Nam

918 1009 994 1051 ejus
1010 1009 1134 1042 virtuti
1150 1009 1363 1052 respondere
1378 1008 1516 1042 minime
1532 1007 1628 1040 vide-

918 1060 1032 1092 batur.
1056 1059 1213 1093 Britann.

961 1113 1027 1144 276
1050 1111 1217 1154 Nutritur]
1254 1111 1396 1152 Chiron,
1425 1109 1515 1154 quod
1551 1110 1627 1152 ejus

919 1162 1140 1205 disciplinam
1175 1162 1327 1204 abjiciat.
1374 1160 1498 1203 Cruda]
1531 1161 1629 1193 Dura

919 1217 957 1246 et
982 1222 1108 1254 aspera
1134 1212 1319 1254 principia,
1341 1211 1434 1254 quod
1459 1211 1504 1243 ab
1530 1219 1628 1252 egre·

919 1263 984 1306 giis
1000 1263 1245 1296 adolescentiae
1270 1273 1340 1296 suae
1367 1262 1546 1305 principiis
1561 1261 1629 1294 dis·

918 1315 1035 1356 cedat,
1051 1325 1128 1357 quae
1149 1324 1274 1355 magna
1284 1318 1323 1346 et
1339 1314 1508 1356 pra’clara
1522 1312 1630 1345 omni·

918 1364 981 1396 bus
997 1364 1153 1397 facinora
1169 1364 1434 1406 pollicebantur.
1458 1364 1558 1396 Idem.

961 1419 1025 1448 277
1048 1416 1128 1456 Igne
1147 1415 1304 1456 juventae]
1335 1415 1476 1448 Invenit
1510 1418 1629 1456 aptam

919 1467 1236 1509 comparationem:
1259 1476 1339 1499 nam
1361 1467 1412 1499 ita
1438 1476 1490 1506 se,
1506 1466 1630 1508 iuquit,

919 1518 1073 1551 habebat
1127 1517 1295 1557 Achilles,
1342 1516 1630 1559 quemadmodum

920 1577 1029 1610 equus
1049 1567 1189 1610 juvenis
1214 1567 1415 1609 indomitus,
1438 1567 1496 1609 qui
1523 1567 1630 1598 domi-

921 1619 1007 1651 toris
1023 1618 1181 1651 manibus
1198 1628 1266 1650 non
1290 1617 1394 1651 facile
1410 1618 1515 1650 cedit.
1559 1617 1631 1649 Sic·

921 1678 986 1711 que
1001 1668 1156 1701 ostendit
1179 1669 1349 1702 Achillem
1373 1669 1434 1701 diu
1460 1668 1563 1700 matri
1581 1678 1632 1700 re-

921 1719 1066 1760 stitisse,
1097 1719 1233 1751 demum
1265 1718 1424 1761 precibus
1447 1718 1629 1760 fatigatum

921 1771 1145 1813 acquievisse.
1180 1770 1278 1811 Igne]
1297 1770 1458 1802 Fer-vore.
1487 1771 1594 1802 Idem..

964 1824 1029 1854 279
1053 1822 1183 1854 Honore
1207 1821 1355 1863 superbo]
1387 1821 1488 1854 Quod
1520 1821 1632 1852 adbuc

922 1871 1067 1904 alterius
1083 1872 1253 1913 potestati
1269 1881 1335 1903 non
1355 1869 1463 1902 fueris
1488 1870 1631 1903 obnoxi-

921 1931 983 1962 us3
1007 1931 1086 1954 nam
1113 1931 1287 1964 nunquam
1313 1921 1498 1953 servivisse
1524 1921 1630 1953 hono-

921 1971 1056 2004 rificum
1068 1976 1104 2004 et
1121 1972 1307 2014 gloriosum
1322 1977 1377 2004 est
1392 1970 1532 2003 homini.
1556 1971 1608 2003 Id.

963 2026 1026 2055 281
1051 2024 1242 2065 Dominiqzoe
1256 2026 1354 2064 negat
1365 2022 1523 2064 captivus]
1543 2022 1632 2054 Nos-

922 2080 976 2106 ter
988 2078 1025 2106 et
1040 2079 1191 2117 quatuor
1206 2074 1311 2107 Grut.
1338 2073 1514 2114 dominique
1532 2074 1634 2113 gemit

921 2126 1063 2167 captivus
1075 2126 1159 2158 inire
1175 2126 1328 2167 Imperia.
1359 2125 1408 2157 Ut
1423 2124 1482 2157 lib.
1498 2133 1523 2156 1.
1546 2125 1555 2142 ‘
1568 2133 1632 2155 nec

922 2176 1058 2208 alterna
1072 2174 1157 2220 ferri
1184 2176 1333 2208 statione
1362 2179 1541 2215 gementes
1564 2175 1631 2206 Ex-

922 2226 1059 2260 cubiae.'
1102 2227 1160 2259 Sic
1181 2226 1286 2258 etiam
1306 2225 1537 2258 Scholiastes:
1561 2225 1571 2241 ‘
1585 2225 1631 2255 lu·
1653 2222 1655 2224 ’

918 2279 987 2321 pis]
1009 2279 1138 2320 lupatis
1153 2278 1286 2311 scilicet
1302 2276 1411 2310 frenis
1427 2277 1462 2308 in
1477 2275 1634 2308 similitu·

922 2330 1003 2363 dine
1017 2330 1171 2362 dentium
1181 2328 1254 2370 lupi
1265 2328 1383 2360 factis.
1404 2326 1502 2368 capt]
1520 2325 1632 2358 frena-

923 2385 994 2422 tus,
1015 2380 1174 2413 servituti
1199 2379 1373 2412 redactus.
1400 2378 1471 2420 ge.]
1500 2377 1632 2419 gemitu

924 2431 1090 2471 ostendit,
1106 2430 1198 2473 quod
1215 2440 1293 2462 cum
1306 2429 1426 2461 dolore
1442 2427 1633 2460 sustineat.²

923 2482 980 2514 Sic
995 2481 1145 2523 denique
1161 2480 1272 2512 codex
1288 2480 1370 2512 Put.
1399 2479 1538 2511 Gronov.

966 2535 1032 2565 283
1060 2532 1140 2568 Quis
1168 2531 1259 2572 deus]
1292 2530 1493 2562 Admiratur
1507 2529 1633 2570 Poeta,

924 2583 1018 2615 unde
1031 2581 1170 2614 Thetidi
1183 2586 1278 2613 tanta
1291 2580 1478 2621 calliditas,
1491 2584 1526 2612 et
1542 2580 1634 2612 unde

924 2633 1052 2666 Achilli
1069 2637 1169 2665 tanta
1184 2632 1291 2664 fuerit
1309 2632 1488 2674 patientia,
1514 2635 1554 2662 ut
1577 2630 1634 2661 illa

926 2684 975 2716 sic
1011 2693 1090 2715 eum
1119 2683 1297 2715 occultare
1329 2682 1550 2724 cogitaverit,
1578 2681 1634 2712 hio

926 2744 1007 2767 vero
1020 2734 1070 2767 sic
1086 2743 1221 2776 parere.
1258 2733 1433 2774 Attonitoe]
1450 2732 1565 2765 Nimio
1574 2731 1635 2763 do-

926 2786 999 2816 lore
1026 2788 1062 2817 et
1085 2784 1315 2817 sollicitudine
1342 2793 1431 2827 pene
1452 2783 1634 2824 obstupes-

927 2835 1034 2868 centi.
1059 2835 1239 2869 Moturum.
