1878 3164
271 225 390 268 1972

271 336 360 361 vers.
390 311 580 360 comment.
597 326 754 358 Lxxxn.
782 336 812 358 c.
829 329 861 358 8.
907 327 975 358 Ne-

269 377 368 419 scius]
380 377 468 410 Quia
479 376 650 409 dormiens
663 377 764 408 morti
781 376 974 409 dimittitur.

269 427 418 469 Hilaris]
451 428 541 461 Quia
563 428 634 459 sine
665 437 765 458 sensu
791 427 917 459 doloris
940 427 974 458 in

272 476 348 510 fata
358 477 519 510 decessit.
542 477 689 509 Luceant.

293 544 297 547 -
323 530 388 559 320
426 527 585 569 proflatu]
616 526 794 559 Anhelitu.
851 526 974 568 Virgil.

274 580 284 595 ‘
295 577 452 608 anhelum
468 575 647 608 Proflabat
664 576 727 608 sub
742 577 820 622 luce
835 575 974 609 Deum.’

274 627 376 660 Idem.
787 623 791 632 “

316 678 380 710 323
413 678 622 717 Frate-tumque
647 676 747 717 perit]
785 676 974 718 Succisum,

273 727 516 768 interruptum.
546 726 666 759 Voluit
682 727 772 758 enim
789 728 948 769 proloqui
964 740 973 768 ;

273 777 334 809 sed
357 783 468 811 morte
494 778 745 811 interveniente
767 787 834 811 non
850 780 975 821 potuit.

273 827 376 860 Idem.

317 880 381 910 324
404 878 485 910 Fors
499 878 564 919 illi]
588 877 788 911 Dubitando
803 878 891 911 dixit
906 879 975 911 Ρο-

274 926 344 968 eta,
358 928 439 970 quia
453 929 653 970 conjectura
663 933 736 961 erat
745 930 868 970 potins,
877 939 974 972 quam

273 978 401 1010 veritas
412 978 503 1020 quod
516 979 663 1011 dicebat.
686 980 784 1010 Idem.

316 1029 381 1058 326
417 1027 542 1063 Quarta
574 1028 754 1068 soporiferae
790 1030 977 1070 superabant

275 1079 415 1118 tempora
422 1077 522 1118 nocti]
535 1078 682 1109 Veteres
694 1082 831 1110 noctem
846 1079 880 1110 in
895 1089 977 1121 qua-

274 1131 354 1158 tuor
365 1127 493 1168 vigilias
503 1127 708 1159 distribuere
720 1129 850 1170 solitos,
862 1139 977 1162 omnes

274 1177 403 1209 sciunt:
427 1178 570 1219 respicit
582 1178 649 1210 hnc
667 1179 842 1219 Papinius.
885 1180 976 1212 Illud

272 1236 340 1258 non
358 1227 501 1268 perinde
527 1227 712 1269 vulgatum,
734 1228 902 1261 Romanos
927 1230 975 1261 in-

273 1276 336 1308 itio
354 1277 388 1307 in
406 1281 518 1308 ortum
544 1280 579 1308 et
598 1287 755 1309 occasum
772 1279 876 1310 solum
888 1280 976 1312 diem

273 1326 504 1364 distribuisse,
527 1327 612 1359 adeo
629 1331 667 1360 ut
682 1329 717 1360 in
736 1338 805 1361 ΧΠ.
821 1330 976 1372 Tabulis,

274 1385 440 1418 nusquam
456 1377 612 1409 horarum
639 1377 734 1410 facta
754 1378 861 1411 fuerit
883 1389 974 1411 men-

274 1426 337 1458 tio.
383 1427 591 1459 Censorinus
621 1432 741 1459 auctor
770 1433 807 1460 et
841 1429 974 1461 Plinius

270 1476 334 1509 lib.
362 1485 431 1509 vn.
489 1477 705 1509 ‘Duodecim
728 1478 853 1510 tabulis
877 1484 973 1511 ortus

272 1530 407 1558 tanturn
433 1530 469 1558 et
494 1536 636 1558 occasus
657 1528 870 1560 nominatus:
895 1534 975 1571 post

272 1576 400 1618 aliquot
423 1585 527 1608 annos
559 1577 715 1619 adJectus
739 1583 774 1610 et
802 1580 973 1613 meridies.

271 1626 429 1659 Accenso
442 1628 536 1660 Coss.
546 1627 579 1659 id
591 1629 856 1668 pronuntiante!
866 1630 974 1663 Recte

271 1680 281 1696 ‘
294 1677 538 1719 pronuntiante
550 1678 559 1692 '
574 1678 670 1719 dicit,
685 1678 764 1720 quia
778 1679 869 1711 horae
882 1684 974 1721 post-

273 1736 316 1759 ea
339 1727 502 1768 iuventte,
525 1737 593 1759 non
619 1729 904 1771 signocampanae
921 1731 976 1762 vel

273 1778 518 1816 instrumento,
533 1783 573 1810 ut
595 1778 695 1810 hodie
712 1779 800 1820 apud
820 1788 891 1818 nos,
915 1780 975 1812 sed

272 1828 417 1860 arbitrio
448 1828 551 1859 solius
591 1828 814 1869 magistratus
844 1829 975 1862 divide-

269 1877 404 1909 bantur.
450 1877 560 1910 Varro
573 1878 632 1910 lib.
650 1888 687 1910 v.
707 1878 750 1910 de
764 1879 895 1920 Lingua
910 1881 974 1913 La-

271 1927 365 1959 tina:
388 1928 398 1946 ‘
416 1927 493 1959 Hoc
509 1927 600 1959 idem
616 1929 802 1960 Cosconius
821 1930 856 1961 in
869 1931 975 1963 actio·

271 1977 370 2008 nibus
399 1976 532 2017 scribit,
559 1978 751 2010 Praetorem
781 1979 974 2013 Accensum

271 2026 407 2058 solitum
426 2031 496 2058 tum
513 2037 587 2059 esse
604 2028 742 2069 jubere,
757 2029 813 2061 ubi
830 2030 862 2061 ei
881 2030 974 2062 vide-

269 2076 373 2109 batur
395 2077 510 2109 horam
534 2088 610 2109 esse
626 2079 776 2119 tertiam,
791 2081 974 2116 inclamare

270 2127 386 2159 horam
408 2137 482 2159 esse
501 2129 651 2169 tertiam,
674 2130 823 2172 itemque
840 2132 975 2164 meridi-

272 2187 326 2210 em
357 2183 392 2210 et
415 2178 533 2210 horam
563 2179 710 2212 nonam.'
756 2181 894 2213 Deinde
912 2192 970 2213 ex-

270 2229 474 2269 cogitatum,
487 2233 524 2260 ut
537 2229 622 2266 dies,
637 2230 734 2261 sicuti
749 2234 783 2262 et
796 2240 875 2271 nox,
887 2241 972 2263 sem-

269 2287 333 2319 per
345 2283 437 2310 esset
454 2287 524 2310 xn.
541 2279 709 2319 horarum,
724 2290 799 2322 quae
813 2290 875 2321 pro
888 2285 972 2313 tem-

270 2338 355 2369 pore
367 2329 457 2370 anni‚
473 2329 640 2370 longiores
658 2331 711 2362 vel
727 2331 901 2363 breviores
918 2332 969 2364 fo-

269 2384 366 2418 rent;
391 2379 483 2411 horae
502 2389 582 2412 vero
597 2381 790 2422 clepsydris
806 2381 971 2414 discrimi-

267 2434 445 2461 narentur.
503 2429 583 2461 Nox
618 2436 787 2471 praeterea
826 2436 971 2473 quatuor

270 2478 401 2519 vigilias
418 2479 571 2520 haberet,
586 2480 729 2521 singulae
753 2481 880 2522 vigiliae
897 2486 968 2514 tres

268 2529 381 2569 horas,
409 2534 444 2561 et
468 2530 603 2572 qnando
629 2531 745 2572 vigilia
768 2536 971 2574 mutaretur,

269 2579 401 2620 signum
431 2580 570 2612 daretur
600 2581 758 2614 buccina.
803 2582 969 2622 Vegetius

268 2629 397 2661 lib-111.
411 2640 488 2671 cap.
505 2634 534 2662 8.
581 2631 698 2663 Livius
715 2631 774 2664 lib.
785 2641 853 2663 vn.
884 2632 970 2664 Pro-

268 2678 402 2720 pertius
419 2680 479 2712 lib.
499 2689 553 2711 ιν.
572 2680 736 2712 videntor.
754 2682 905 2714 Bernart.

312 2731 375 2759 327
401 2730 480 2760 Cum
511 2739 616 2761 vucuoe
640 2730 746 2771 nubes]
781 2732 867 2763 Toto
892 2741 967 2764 rore

271 2783 438 2811 vacuatae.
487 2779 611 2821 Honor]
646 2781 731 2814 Lux.
776 2782 850 2813 Non
874 2782 969 2813 omni-

742 233 883 266 NO'I'AE
917 233 1183 268 VAtuoRUM
1218 235 1269 267 ΙΝ

1024 327 1080 358 bus
1093 327 1203 368 astris]
1219 325 1308 361 Quia
1320 334 1441 359 serena
1451 330 1555 360 nocte
1570 324 1639 360 nou
1652 335 1730 360 on·-

1026 385 1086 407 nes
1102 377 1210 409 stella».
1225 376 1347 418 aequali
1369 376 1551 418 splendore
1576 374 1722 418 fulgent.

1026 426 1171 459 Laetam.
1716 420 1732 441 '⁴

1067 478 1132 507 328
1167 475 1299 517 Bootes]
1321 476 1600 517 Septentrionem
1625 474 1724 519 dixit,
1755 495 1758 498 ‹

1025 525 1082 567 qui
1098 526 1253 558 hebescit
1267 526 1346 558 solis
1361 525 1522 558 adventu.
1538 526 1644 559 Idem·
1675 521 1679 526 ’
1727 533 1733 542 ”

1067 578 1132 607 329
1154 576 1281 615 Defecit
1293 575 1385 618 opus]
1404 576 1623 610 Defecerant
1635 582 1732 610 uror:

1025 630 1089 658 tes.
1113 626 1212 658 Idem.

1066 678 1131 707 336
1152 675 1315 717 Madidas]
1337 677 1464 709 Cruore
1479 676 1648 719 perfusas.
1673 675 1726 709 Id.

1067 728 1131 757 338
1156 726 1305 758 Nondum
1330 726 1467 767 ablutus]
1502 726 1663 759 Nondum
1687 727 1726 758 ‘oe

1025 776 1229 808 sacerdotali
1246 776 1488 819 purificaverat
1499 779 1580 810 ritu.
1604 777 1705 811 Idem.
1727 787 1732 797 ·

1068 828 1132 858 340
1155 826 1264 858 Sinon
1277 826 1421 868 dedecui]
1435 827 1471 859 Si
1485 827 1631 860 monitus
1646 832 1724 860 tuos

1025 885 1094 908 non
1109 876 1311 909 indecenter
1327 875 1437 917 effeci,
1452 877 1524 909 sive
1540 883 1608 910 uon
1621 878 1724 910 delio-

1026 926 1170 958 nestavi.
1218 927 1347 968 Tulique
1359 927 1564 968 prementem]
1586 926 1735 960 Pertuli²

1025 978 1308 1018 urgentem,q11ia
1330 977 1416 1009 vatis
1438 982 1650 1019 praeceptnm
1665 978 1729 1010 im-
1775 975 1778 978 ’

1026 1027 1128 1067 petiit
1145 1036 1280 1059 numen.
1302 1027 1401 1059 Idem.

1068 1079 1133 1108 342
1157 1078 1280 1108 Gradus
1304 1076 1413 1118 honos]
1436 1076 1608 1110 cruentus
1629 1071 1751 1111 nno-⁸

1027 1125 1079 1158 bis
1089 1126 1272 1167 praebetnr.
1296 1127 1397 1159 Idem.

1070 1180 1133 1210 343
1166 1179 1213 1210 At-
1237 1179 1361 1219 patrias
1394 1178 1424 1209 si
1457 1178 1579 1219 quando
1603 1178 1724 1220 domos]

1027 1227 1061 1258 Si
1091 1237 1153 1259 nos
1175 1227 1301 1260 feceris
1322 1227 1365 1259 ad
1389 1229 1535 1270 patriam
1558 1237 1729 1262 remeares

1027 1278 1124 1310 Idem.

1068 1332 1129 1360 345
1154 1329 1262 1369 Exige
1290 1327 1410 1370 tauros]
1434 1330 1501 1361 Tot
1524 1334 1639 1363 tauros
1660 1331 1725 1364 im-

1026 1379 1171 1418 molabo,
1187 1384 1267 1420 quot
1284 1380 1400 1411 hostes
1420 1380 1544 1412 occidi.
1569 1381 1667 1413 Idem.
1726 1398 1730 1401 -

1067 1432 1130 1460 347
1168 1430 1250 1461 Fato
1278 1429 1427 1470 urgente]
1462 1429 1552 1463 Quia
1580 1430 1726 1472 perituri

1024 1484 1113 1511 sunt.
1158 1480 1314 1521 Hopleus]
1349 1480 1417 1512 Hic
1453 1480 1572 1522 Tydeo
1601 1479 1668 1514 fuit
1691 1482 1730 1515 et'

1024 1529 1144 1561 militia
1159 1534 1195 1561 et
1210 1540 1324 1562 amore
1340 1529 1531 1563 devinctus.
1555 1532 1654 1565 Idem.
1727 1528 1729 1531 ’

1069 1582 1132 1611 350
1176 1580 1281 1612 Vitam
1303 1580 1525 1623 indignantur]
1553 1582 1728 1615 Maleates

1025 1631 1124 1669 mori,
1138 1640 1238 1671 quam
1252 1631 1378 1663 vivere.
1414 1624 1484 1664 Vet.
1500 1631 1606 1665 Schol.
1650 1630 1724 1670 Ait,

1020 1687 1091 1711 non
1103 1680 1262 1713 ferebant
1281 1691 1378 1723 aequo
1393 1682 1505 1714 animo
1520 1683 1724 1723 superstites

1024 1740 1099 1762 esse
1115 1732 1185 1763 suis
1201 1731 1350 1773 regibus.
1382 1732 1439 1764 Sic
1454 1731 1542 1764 infra
1554 1732 1619 1764 hoc
1633 1733 1724 1766 libro

1025 1790 1072 1812 vs.
1087 1784 1165 1813 774.
1207 1782 1218 1799 ⁰
1232 1781 1475 1823 Insignemque
1490 1781 1636 1813 animiam
1650 1792 1722 1815 mu-

1024 1840 1127 1863 crone
1163 1840 1308 1863 corusco
1335 1831 1589 1872 Dedignantem
1626 1836 1723 1864 artus

1023 1883 1167 1924 pridem,
1183 1886 1407 1925 moestamque
1432 1883 1544 1915 teneri
1567 1882 1726 1925 Arripit!

1024 1931 1080 1963 Ad
1095 1932 1195 1964 finem
1206 1932 1265 1964 lib.
1282 1941 1337 1965 rx.
1380 1933 1390 1950 ‘
1402 1932 1607 1974 Soevumque
1619 1933 1723 1964 mine-

1025 1987 1082 2014 tur
1106 1983 1289 2023 Indignans
1305 1982 1462 2015 veniam!
1484 1983 1605 2016 Barth.

1066 2035 1127 2064 355
1151 2033 1251 2065 Saevit
1273 2034 1362 2075 inops
1383 2033 1513 2075 tumuli]
1543 2033 1635 2068 Quia
1664 2033 1724 2066 diu

1025 2083 1149 2115 vixerit
1163 2094 1172 2115 ε
1193 2084 1463 2125 Parthenopoeus
1478 2087 1592 2116 autem
1606 2084 1724 2116 imma-

1025 2137 1103 2164 tura
1117 2137 1226 2165 morte
1242 2138 1464 2175 consumptus
1483 2138 1551 2167 est.
1597 2135 1727 2168 Pasieria

1023 2181 1086 2213 rior
1110 2181 1214 2223 artus]
1236 2183 1403 2223 Figurate
1427 2183 1578 2224 locutio;
1607 2193 1724 2226 quam-

1024 2232 1073 2263 vis
1090 2232 1312 2272 patientiores
1328 2237 1423 2265 artus
1437 2233 1576 2266 habeat.
1599 2233 1643 2265 Id
1657 2233 1721 2271 αἱ,

1023 2282 1133 2322 Tydei
1149 2282 1303 2314 membra
1317 2282 1404 2314 dura
1416 2287 1507 2323 sunt,
1517 2286 1555 2315 et
1568 2291 1635 2315 non
1650 2283 1722 2316 cito

1023 2331 1220 2373 tabescunt,
1229 2341 1308 2372 nec,
1320 2333 1564 2365 utadolescens
1574 2333 1721 2366 Parthe-

1022 2391 1176 2422 nopaeus,
1198 2382 1314 2414 multis
1329 2382 1376 2416 sit
1390 2382 1571 2425 lachrymis
1588 2383 1721 2426 diguus.

1021 2430 1168 2463 Laetam.

1066 2484 1128 2513 361
1151 2481 1320 2522 Errantes]
1341 2481 1548 2524 Insepultus.
1569 2483 1668 2515 Idem.

1064 2533 1129 2563 362
1150 2532 1238 2564 Idem
1252 2533 1345 2564 ardor
1358 2533 1486 2574 misero]
1510 2531 1639 2566 Eadem
1655 2543 1720 2577 ego

1021 2589 1157 2623 quoque
1172 2582 1363 2623 cupiditate
1378 2583 1578 2615 succendor.
1600 2583 1701 2616 Idem.

1063 2634 1126 2662 363
1149 2632 1242 2664 Mens
1256 2632 1397 2674 humilis]
1422 2633 1634 2666 Debilitatus
1649 2634 1727 2666 nni*

1021 2691 1107 2713 mus.
1130 2682 1228 2714 Idem.

1062 2734 1124 2762 365
1148 2731 1296 2774 Arcam]
1316 2732 1465 2766 Secreta
1482 2734 1592 2766 noctis
1615 2732 1721 2766 domi-

1019 2788 1076 2813 ns.
1099 2781 1195 2814 Idem.
