1878 3164
261 222 377 265 1756

262 328 481 370 thenopaeum
516 332 628 360 autem
664 328 833 370 designat,
862 337 961 369 quem

263 387 405 410 vexasse
420 383 528 410 metas
542 378 693 410 Arcadas
708 378 810 409 dixit:
836 388 912 409 nam
926 381 962 410 et

262 427 338 469 ipse
367 426 432 459 fnit
467 427 664 459 Athalantae
691 426 834 459 Arcadis
859 426 961 458 filius.

266 477 392 518 Ogygio
407 477 442 508 in
459 477 600 518 pulvere]
624 477 725 508 Circa
741 477 861 508 moenia
875 477 961 508 The-

262 526 372 558 bana:
395 533 472 557 nam
495 527 536 557 ad
562 526 693 557 Thebas
717 536 795 557 cum
812 526 886 557 aliis
901 527 961 557 du-

261 575 355 607 cibus
368 576 532 616 pugnavit
548 575 815 616 formosissimus,
829 579 867 606 ut
883 576 962 607 scri-

261 624 313 656 bit
328 625 510 657 Diodorus.
533 625 706 657 Domitius.

305 677 368 706 129
391 676 531 706 Flectere
563 675 675 706 Castor
702 673 810 715 equos]
833 674 961 706 Versus

259 723 294 755 hi
315 723 448 764 jamdiu
470 724 642 764 negotium
671 723 855 754 exhibuere
882 724 961 756 viris

261 774 383 806 doctis.
427 775 624 815 Tiliobroga
640 775 674 806 in
691 775 875 807 Parisiens.
891 776 960 807 edi-

260 826 355 857 tione
371 826 571 867 rescripsit:
596 826 714 858 Flectet
732 826 844 858 Castor
857 836 961 867 equos,

259 876 396 907 humeris
423 879 529 917 quatel
552 886 640 908 arma
667 877 827 912 Quirinus.
873 878 959 911 Quae

259 925 366 956 lectio
381 926 481 965 plane
503 926 620 966 inepta
642 930 708 966 est,
723 925 790 957 imo
810 927 958 958 soloecis-

261 979 327 1007 sat.
372 975 457 1009 Quis
474 976 604 1017 uspiam
620 979 739 1016 quatet,
761 986 823 1017 pro
838 977 958 1018 quatiet

259 1024 364 1065 legit?
401 1025 523 1066 Itaque
553 1026 690 1065 vulgata
725 1026 831 1057 lectio
867 1026 957 1058 illius

259 1083 377 1105 versus
412 1074 627 1106 sollicitanda
662 1085 727 1106 non
757 1080 844 1107 erat.
887 1076 956 1107 Sed

259 1124 349 1165 quod
365 1124 532 1165 sequitur,
553 1124 689 1166 quinam
712 1131 791 1156 sunt
817 1126 867 1157 illi
888 1127 955 1157 Nu·

258 1173 359 1212 bigeri
378 1173 497 1214 clypei?
530 1173 744 1214 Interpretes
760 1175 958 1216 intelligunt

257 1223 417 1264 ‘clypeos
440 1223 534 1254 albos
557 1227 593 1255 et
616 1224 801 1265 candidos,'
825 1225 858 1256 in
883 1226 956 1266 qui-

257 1271 320 1303 bus
336 1273 418 1304 nihil
435 1273 621 1314 depictum,
637 1273 679 1305 de
693 1275 816 1316 quibus
831 1276 955 1316 Virgil.

256 1321 392 1354 AEneid.
415 1332 466 1354 tx.
512 1323 623 1355 ‘Ense
651 1324 737 1356 levis
756 1325 861 1365 nudo,
879 1335 957 1367 par·

255 1381 379 1414 niaque
392 1373 557 1414 inglorius
581 1374 682 1406 alba.'
723 1375 790 1407 Sed
806 1377 957 1417 suspice-

255 1426 313 1454 tur
324 1422 457 1464 aliquis,
469 1423 546 1455 ideo
558 1424 672 1465 potius
686 1425 798 1457 dictos
815 1426 957 1466 Nubige-

255 1480 319 1508 ros,
335 1472 425 1513 quod
442 1473 549 1504 nubes
565 1473 598 1503 in
622 1473 664 1504 iis
679 1473 830 1515 depictae
846 1482 957 1516 erant,

257 1521 541 1563 quemadmodum
560 1523 693 1565 Tydeus
706 1525 798 1565 apud
814 1525 957 1568 AEschy-

254 1571 323 1602 lum
339 1570 373 1602 in
398 1572 520 1613 clypeo
536 1582 596 1603 suo
619 1573 795 1614 depictum
812 1575 956 1616 praefert

254 1620 376 1652 coelum
394 1622 580 1662 stellatum,
596 1631 672 1653 cum
696 1623 790 1654 Luna
806 1625 955 1658 medium

255 1671 436 1703 umbonem
460 1676 665 1713 occupante.
711 1673 775 1705 vel
792 1675 955 1709 ‘coerule-

255 1721 304 1754 os‘
337 1721 482 1754 fortasse
513 1723 653 1764 clypeos
690 1724 802 1757 innuit
831 1726 955 1769 Poeta,

255 1771 312 1814 qui
336 1771 430 1802 color
452 1772 698 1805 celeberrimus
725 1774 805 1805 olim
832 1775 865 1806 in
882 1776 953 1818 cly-

252 1821 339 1862 peis.
382 1821 472 1852 Vide
488 1822 680 1854 Comment.
698 1823 802 1856 Guidi
827 1825 953 1857 Pauci-

252 1871 329 1911 roli,
355 1870 388 1901 in
414 1871 530 1904 Notit.
550 1873 725 1914 utriusque
736 1874 862 1916 Imper.
875 1886 951 1918 cap.

252 1923 306 1953 37.
332 1926 367 1952 et
392 1924 446 1952 39.
489 1922 597 1953 Sensn
623 1927 720 1963 patet
743 1925 851 1957 nubes
876 1936 951 1958 esse

252 1972 262 1988 ‘
276 1971 467 2003 coeruleas.’
521 1971 588 2003 Sed
613 1973 692 2014 quid
708 1973 952 2015 ἇεροβατοῦμενὲ

252 2019 449 2052 Certissima
463 2025 517 2052 est
544 2022 655 2062 magni
679 2023 815 2056 Heinsii
837 2035 952 2057 emen-

251 2069 357 2111 datio,
371 2070 428 2112 qui
454 2071 636 2110 Nubigenas
658 2073 778 2114 clypeos
793 2074 952 2116 legit‚to-

250 2123 390 2161 tumque
406 2121 515 2152 locum
529 2121 579 2152 sic
592 2121 822 2164 scribendum,
837 2130 872 2156 et
884 2125 951 2157 dis-

250 2169 473 2210 tinguendum
499 2175 641 2203 censet:
665 2172 801 2204 humeris
826 2179 952 2215 quatere

249 2230 337 2252 arma
349 2218 514 2261 Quirinus,
530 2221 594 2257 Qui
608 2221 668 2253 tien·
682 2225 747 2253 tam
762 2226 866 2255 tenero
880 2234 950 2265 per-

249 2269 336 2301 misit
355 2270 501 2310 plaudere
522 2271 597 2302 collo
615 2271 799 2312 Nubigenas
815 2275 950 2314 clypeos,

249 2322 303 2360 &a
350 2320 427 2359 Qui,
461 2320 494 2351 id
517 2326 571 2352 est
600 2321 673 2361 ipse
705 2323 864 2354 Romulus
888 2334 948 2356 seu

250 2370 424 2408 Quirinus,
440 2380 540 2411 quem
558 2370 606 2402 ait
626 2371 804 2403 tradidisse
820 2373 949 2414 Crispi-

248 2427 292 2450 no
324 2419 447 2450 ancilia
485 2419 662 2459 gestanda.
718 2421 803 2453 Vult
833 2429 947 2455 autem

249 2469 444 2510 Crispinum
460 2468 563 2502 fuisse
585 2471 723 2503 Salium.
769 2473 947 2505 Nobilium

249 2528 329 2551 vero
342 2519 428 2551 filios
443 2520 477 2551 in
491 2520 657 2552 Saliorum
674 2520 778 2553 fuisse
794 2532 947 2561 numero,

248 2574 285 2601 et
309 2569 431 2600 ancilia
446 2574 594 2610 gestasse
622 2571 711 2602 collo
727 2581 767 2603 ac
793 2573 949 2614 movisse,

248 2619 367 2650 tritum
380 2623 444 2650 est.
491 2619 532 2649 Et
548 2618 678 2650 Statius
695 2619 783 2652 infra
804 2622 948 2662 Epiced.

247 2668 377 2703 Patris,
394 2668 441 2698 ait
462 2667 554 2698 illum
569 2668 721 2700 docuisse
736 2670 855 2710 Salios,
880 2682 947 2713 quo

248 2723 351 2763 paeto
374 2717 408 2749 id
432 2717 575 2749 deberet
603 2717 690 2752 fieri.
724 2720 840 2752 ‘arma
871 2730 947 2764 pro.

717 233 859 265 NOTAE
893 232 953 264 vA
965 233 1157 265 RioRUM
1191 234 1245 265 IN

1011 325 1094 358 bare
1109 326 1312 359 Monstrasti
1337 325 1458 359 Saliis!
1515 327 1601 359 Cum
1627 335 1708 360 vero

1011 377 1071 416 ait,
1097 377 1276 410 Quirinum
1305 378 1354 409 illi
1379 377 1516 409 dedisse
1545 377 1710 418 clypeos3

1012 425 1182 466 significat
1199 427 1392 467 Crispinum
1414 427 1504 458 hunc
1529 425 1633 458 fuisse
1648 426 1708 458 Sa-

1011 476 1092 507 lium
1131 477 1339 510 Quirinalem
1378 477 1449 509 sive
1478 477 1711 518 Agoneasem.

1013 525 1191 564 Nubigenae
1204 527 1317 568 clypei,
1330 531 1416 570 sunt·
1424 526 1535 568 clypei
1547 526 1708 565 ὃιοπεηῖσ,

1012 580 1048 606 ut
1065 585 1085 606 a
1100 575 1264 616 Dionysio
1277 580 1314 607 et
1329 572 1513 608 Plutarcho
1529 580 1707 609 vocantur.

1010 633 1020 650 ε
1038 625 1159 667 Clypei
1179 626 1379 667 coeligenae,'
1395 627 1546 667 generati
1561 626 1593 658 in
1609 625 1710 658 nubi·

1011 674 1087 716 bus,
1101 685 1225 716 nempe
1239 677 1249 693 ‘
1262 675 1422 709 Ancilia!
1443 676 1568 718 Virgil.
1597 676 1607 694 ‘
1618 676 1706 718 Lap-

1012 735 1049 756 sa
1072 726 1193 757 ancilia
1211 725 1320 757 coelo.'
1346 727 1479 758 Gevart.

1054 778 1115 808 137
1139 777 1224 808 Ister
1245 776 1403 817 septenus]
1436 777 1577 818 Septem
1603 776 1707 809 ostioz

1011 835 1096 858 rum.
1141 826 1208 858 Alii
1225 837 1284 858 sex
1305 827 1533 867 tradiderunt,
1557 826 1708 859 Narcus-

1009 880 1116 913 toma,
1128 877 1339 918 Callistoma,
1358 876 1618 917 Pseudostoma,
1641 877 1709 908 Ba·

1009 925 1185 966 riostoma,
1201 927 1458 968 Spireostoma3
1490 930 1527 958 et
1552 926 1705 958 Peucen:

1007 973 1133 1007 fabulae
1162 975 1335 1008 finxerunt
1371 977 1526 1017 nupsisse
1555 975 1659 1017 Istro,
1687 985 1708 1007 a

1008 1034 1075 1065 quo
1088 1025 1227 1057 alluitur
1243 1026 1354 1057 insula
1369 1034 1436 1057 non
1459 1026 1578 1067 procul
1597 1025 1642 1058 ab
1653 1034 1707 1058 os·

1007 1074 1055 1106 tio
1075 1074 1205 1107 Peuce.
1229 1075 1352 1107 Domit.

1050 1127 1112 1156 138
1133 1126 1186 1157 An
1201 1125 1359 1167 Solymum
1381 1126 1529 1167 cinerem]
1551 1125 1705 1167 Syriaeue

1007 1178 1043 1206 et
1058 1174 1255 1207 Pnlaestinae
1273 1176 1482 1217 provinciam
1497 1176 1629 1208 adibis?
1643 1176 1704 1208 So-

1006 1225 1095 1266 lyma
1119 1223 1283 1266 οὐδετέρως
1309 1226 1484 1266 Straboni,
1513 1225 1704 1262 Eustathio.

1004 1275 1189 1315 Stephano.
1218 1276 1376 1317 Solymum
1397 1275 1532 1308 cinerem
1545 1275 1615 1308 κατ’
1630 1276 1704 1308 ἀντ-

1005 1324 1171 1363 ονομασίαν
1193 1325 1291 1366 dicit,
1318 1335 1380 1367 pro
1411 1325 1626 1358 monimentis
1645 1335 1704 1358 ex-

1006 1375 1089 1406 cidii
1120 1375 1212 1406 urbis
1238 1375 1467 1417 Hierosolym.
1496 1381 1704 1417 expugnate
1745 1373 1748 1376 ”

1006 1429 1042 1456 et
1058 1424 1182 1456 dirutae
1200 1435 1219 1457 a
1232 1426 1310 1457 Tito
1325 1426 1466 1467 Vespas.
1483 1435 1560 1457 cum
1578 1425 1703 1457 bellum

1005 1474 1188 1508 ,Iudaicum
1227 1474 1436 1516 profligavit.
1472 1476 1553 1508 Val.
1591 1476 1704 1510 Flace.

1005 1527 1015 1542 ‘
1029 1525 1201 1565 Solymum
1225 1525 1422 1566 pulverem'
1443 1535 1504 1567 pro
1529 1525 1649 1558 eodem
1665 1536 1703 1559 u-

1006 1575 1169 1616 surpavit.
1214 1576 1267 1607 De
1295 1576 1493 1608 ‘Palmeto'
1521 1576 1555 1608 iu
1578 1576 1704 1609 Hiero*

1005 1625 1139 1656 chuntis
1165 1626 1309 1666 planitie
1333 1625 1505 1657 montibus
1529 1627 1704 1667 θεατροΰῶς

1005 1674 1229 1714 circumdata,
1251 1675 1378 1707 Strabo
1406 1674 1490 1707 ibid.
1511 1675 1549 1706 Ὃ
1561 1676 1703 1716 φοινικὸν

1001 1725 1155 1764 τοιοῦτος,
1176 1723 1259 1765 ἔχων
1273 1724 1329 1756 τὸν
1344 1725 1499 1767 ntupum-M
1511 1725 1634 1766 φοίνικα
1654 1727 1703 1758 ἑν-

1001 1774 1100 1805 wasa
1110 1773 1215 1814 μόνον,
1243 1773 1327 1812 πλὴν
1351 1775 1407 1806 τοῦ
1429 1775 1637 1816 Βαβυλωνίου,
1651 1775 1704 1808 καὶ

1001 1825 1057 1855 τοῦ
1080 1823 1219 1855 ἐπέκεινα
1253 1823 1328 1866 πρὸς
1351 1824 1410 1863 τὴν
1438 1823 1487 1856 ἕω.
1530 1825 1702 1867 Josephut

1003 1874 1093 1905 Hist.
1124 1884 1190 1906 non
1215 1883 1281 1906 uno
1307 1875 1392 1906 loco.
1435 1874 1605 1906 Diodorus
1630 1875 1702 1909 Sic.

1001 1924 1060 1956 lib.
1077 1933 1158 1957 xrx.
1180 1925 1271 1958 Plin.
1293 1925 1352 1956 lib.
1369 1935 1402 1957 v.
1419 1935 1450 1957 c.
1474 1927 1525 1956 12.
1561 1926 1702 1968 Idume]

1002 1975 1115 2006 Solino
1137 1974 1290 2006 Idumaea
1316 1985 1334 2006 a
1358 1975 1457 2006 Casio
1479 1981 1595 2007 monte
1617 1976 1702 2008 inci-

1002 2023 1065 2064 pit,
1080 2024 1208 2055 Palmis
1226 2024 1351 2066 opima.
1375 2025 1503 2057 Mareu.

1045 2075 1107 2104 150
1140 2074 1287 2109 Qualiter
1312 2074 1347 2105 in
1388 2074 1519 2106 Teucros
1545 2075 1702 2118 victricia,

1000 2123 1068 2164 ἐξα]
1095 2123 1217 2155 Nonne
1247 2133 1370 2155 novum
1408 2124 1499 2156 istud
1525 2130 1562 2157 et
1590 2124 1702 2168 ἄκυρον
1729 2118 1734 2122 ”

1000 2174 1161 2215 loquendi
1178 2175 1307 2215 genus?
1331 2184 1373 2206 an
1389 2174 1551 2208 ferendus
1567 2181 1635 2209 tam
1650 2178 1702 2210 in-

1000 2224 1113 2255 solens
1134 2223 1372 2265 Appositionis
1395 2225 1537 2257 modus?
1558 2227 1700 2259 Tolera-

1002 2272 1105 2304 bilius
1121 2274 1240 2314 utique
1261 2283 1301 2305 ac
1319 2273 1503 2306 dilucidius
1519 2275 1705 2318 legeretur,

999 2324 1108 2363 Ignoti
1136 2324 1176 2354 P.
1203 2324 1243 2354 P.
1264 2334 1298 2355 n.
1320 2323 1475 2356 Achillis.-
1495 2324 1560 2357 hoc
1582 2330 1698 2358 tamen

998 2373 1101 2404 etiam
1122 2376 1131 2390 ⁴
1143 2372 1253 2413 serpit
1267 2373 1385 2412 bumi‚'
1400 2379 1436 2405 et
1450 2375 1601 2415 rythmus
1617 2375 1700 2408 ferit

1000 2431 1109 2463 aures,
1121 2431 1160 2453 ac
1171 2431 1235 2453 vox
1251 2422 1423 2454 inculcata
1431 2425 1585 2464 parentis.
1630 2426 1698 2457 Lu-

998 2471 1102 2503 betne
1126 2472 1229 2511 igitur
1253 2472 1369 2513 legere
1391 2482 1522 2506 mecum
1545 2474 1611 2506 hoc
1626 2485 1698 2508 mo-

1000 2521 1042 2551 do
1055 2521 1066 2551 ?
1102 2521 1248 2557 Qualiter
1262 2522 1295 2553 in
1313 2522 1443 2554 Teucros
1462 2523 1605 2556 victricia
1620 2525 1698 2558 bella

994 2572 1124 2610 paranti
1152 2571 1298 2611 Ignotum
1322 2572 1448 2612 Pyrrho
1464 2573 1603 2606 Phoem‘x
1622 2585 1697 2607 nar-

997 2621 1087 2652 rabat
1115 2621 1278 2652 Achillem.
1325 2622 1471 2654 Meridie
1501 2629 1596 2655 certe
1627 2634 1694 2657 non

998 2671 1138 2710 lucebit,
1153 2671 1206 2702 cui
1227 2671 1280 2702 hic
1293 2681 1361 2703 non
1378 2672 1535 2713 liquebit.
1579 2674 1695 2716 Neop-

998 2721 1158 2754 tolemum
1174 2730 1254 2752 sane
1279 2721 1421 2765 Trojani
1448 2722 1526 2756 belli
1548 2724 1694 2768 scripto·
