1878 3164
471 222 510 252 P.
543 218 734 252 PAmNn
769 218 937 251 STA'rn
971 219 1118 251 THBB.
1153 221 1249 251 mn.
1274 221 1305 252 1.

159 316 318 351 benivole
352 316 491 359 Lector,
517 319 557 349 et
589 315 703 348 donec
737 315 863 348 meiius

159 367 242 412 quid
255 367 343 401 alius
356 365 506 407 adferat,
520 365 638 398 fruere
657 366 710 398 his
725 366 862 398 nostris.

158 420 237 463 Ego
249 418 350 452 {uiue
362 416 474 451 ficem
496 417 560 450 tibi
575 416 760 460 praeferam
778 417 862 450 satis

158 471 297 511 dnm,
310 473 348 502 et
357 477 402 502 ex
418 468 564 502 Diodori
578 468 684 501 Siculi
698 468 792 500 Hist.
806 477 860 501 iv.

158 519 364 562 Μαρια
377 517 566 550 adscribam
580 518 773 560 :potiorem
784 518 861 550 Sta-

158 567 244 604 tiani
256 568 450 612 :momenti
466 573 614 611 purtem,
628 577 861 611 summamque

158 621 264 655 totius
281 620 397 662 operis
407 618 553 661 carptim
569 624 607 651 et
621 618 720 662 quasi
734 621 860 652 saltua-

157 671 219 704 tim
233 666 476 712 complectens·

200 720 212 740 ⁸
225 716 327 754 Laius
341 719 579 752 Thebanorum
598 728 660 753 rex
675 719 782 753 ducta
799 729 861 752 ux·

158 778 217 806 ore
241 771 384 806 Joessta
409 771 567 804 creontis
591 769 675 811 filis,
700 778 778 803 cum
804 770 861 803 diu

157 821 310 864 improlis
325 825 430 862 esset,
441 821 615 854 consuluit
628 821 803 854 oraculum
816 819 861 854 de

155 873 342 907 uberomm
361 872 611 914 praetentione.
647 873 860 913 Responsum

157 922 266 957 dente
294 923 435 966 Pythis,
462 923 530 965 ipsi
565 930 634 955 non
665 923 861 955 conducere

154 969 292 1019 prolenis
310 974 451 1016 habere,
466 974 561 1018 (narn
577 974 694 1017 quiex
717 984 760 1007 eo
783 983 861 1016 pro·

158 1024 293 1059 diturus
307 1029 398 1058 esset
416 1024 505 1057 filius
523 1029 653 1067 patrem
672 1025 862 1065 occideret,

158 1081 196 1109 et
216 1076 352 1111 domum
374 1083 506 1109 ornnem
529 1075 724 1108 infortuniis
741 1075 862 1117 imple—

158 1125 244 1169 κῃ)
258 1127 429 1168 neglecto,
445 1127 598 1167 oraculo,
614 1127 731 1169 genuit
744 1127 863 1159 nihilo—

158 1177 268 1210 minus
291 1176 413 1219 fllium,
437 1181 476 1210 et
501 1176 666 1210 infantem
689 1177 862 1219 exposuit,

159 1227 338 1270 injiciens
350 1227 455 1271 pedes
467 1228 544 1270 ejus
557 1228 660 1267 ferro.
702 1228 806 1261 Unde
826 1233 862 1260 et

158 1277 305 1322 OEdipus
340 1283 462 1322 postea
496 1279 759 1321 cognominatus
796 1283 862 1311 est.

157 1328 339 1371 sumptum
368 1338 511 1372 puerum
538 1329 659 1362 famuli
688 1338 862 1372 exponere

158 1379 295 1422 quidem
323 1380 521 1422 uoluerunt,
545 1381 718 1414 dederuut
748 1386 862 1414 autem

156 1429 286 1472 Polybi
308 1430 422 1472 uxori,
444 1440 522 1472 quae
543 1441 612 1464 nou
637 1435 776 1474 poterat
791 1432 862 1474 gig-

158 1480 393 1514 nereliberos.
437 1482 575 1514 Deinde
590 1492 667 1515 cum
693 1491 778 1524 puer
787 1483 862 1524 jam

158 1531 212 1564 vir
222 1530 335 1564 factus
350 1536 456 1574 esset,
471 1533 583 1565 Deum
598 1531 642 1565 de
656 1532 787 1566 infante
804 1542 861 1566 ex·

158 1583 276 1626 posito
291 1584 470 1616 consulere
491 1584 616 1617 statuit
630 1584 747 1617 Laius.
770 1585 864 1618 OEdi-

158 1642 225 1676 pus
239 1642 374 1676 quoque
389 1643 411 1667 a
422 1634 571 1678 quodam
586 1634 631 1667 de
646 1635 863 1677 expositione

159 1683 288 1716 certior
309 1682 437 1725 factus,
460 1689 498 1718 et
521 1685 596 1727 ipse
623 1685 784 1726 Pythiam
804 1687 862 1729 qui

158 1734 233 1768 veri
255 1739 416 1777 parentes
439 1733 568 1776 forent,
583 1741 738 1778 rogatum
763 1737 865 1778 profi-

158 1782 365 1818 ciseebntur.
407 1785 494 1818 Cum
509 1785 611 1818 ambo
627 1786 718 1828 apud
737 1786 870 1820 Phoci-

158 1834 238 1868 den
266 1834 414 1869 invicem
445 1835 585 1869 obviam
617 1835 703 1870 sacti
735 1842 864 1880 essent,

160 1885 331 1928 Iasiusque
355 1884 452 1919 illum
467 1886 523 1918 vis
551 1886 725 1920 decedere
743 1897 863 1931 super-

158 1934 235 1968 bius
257 1935 435 1979 jussisset,
458 1936 607 1980 OEdipus
633 1938 685 1971 iru
710 1940 864 1981 percitus

160 1985 282 2020 latium
293 1986 424 2021 oceidit
436 1987 566 2021 inscius
578 1994 759 2031 parentem
776 1998 864 2022 esse.

158 2036 212 2071 Eo
227 2040 384 2081 tempore
392 2037 591 2072 fabulantur
601 2041 788 2083 Sphingem
805 2042 863 2075 be·

158 2088 251 2122 lnam
265 2089 447 2123 biformem
458 2091 591 2124 venisse
601 2092 738 2125 Thebas
752 2103 761 2125 ε
785 2100 863 2135 pro-

159 2139 382 2183 posui-neque
395 2141 542 2184 nuigma
557 2142 672 2185 siquis
688 2144 863 2177 solveret:

161 2199 203 2224 ac
229 2191 353 2224 multos
375 2191 418 2225 ab
441 2202 484 2226 ea
506 2192 685 2236 imperitos
707 2195 862 2228 solvendi

159 2241 386 2285 interemptos
404 2254 413 2274 ε
444 2242 590 2277 solventi
611 2246 788 2286 praemium
803 2246 864 2280 Jo-

160 2295 268 2326 csstae
301 2292 521 2335 connubium,
551 2298 588 2327 et
621 2294 864 2330 Thebanorum

159 2351 300 2386 reguum
325 2345 537 2387 propositum
559 2353 645 2377 esse.
666 2346 779 2378 nullus
805 2356 863 2380 ex-

159 2399 263 2438 cepto
278 2393 405 2438 OEdipo
421 2396 569 2438 aenigma
589 2397 723 2429 solvere
738 2398 864 2440 potuit.

159 2444 203 2478 ld
227 2450 303 2478 erat
325 2444 491 2489 ejusmodi
505 2446 687 2489 :sphinge
711 2449 865 2491 proposi-

160 2500 259 2529 tum:
286 2497 298 2515 ‘
313 2492 405 2531 Quid
429 2501 524 2530 esset
549 2498 641 2541 idem
667 2499 778 2541 bipes,
803 2499 864 2533 tri-

159 2555 236 2590 pes,
245 2546 437 2590 quadrupes
448 2547 470 2580 ?'
505 2546 651 2582 caeteris
661 2549 864 2584 addubitan-

159 2598 268 2640 tibus,
284 2598 432 2642 OEdipus
447 2599 498 2633 ait
511 2599 683 2633 hominem
700 2610 789 2642 esse,
805 2602 864 2644 qui

160 2649 272 2683 infans
287 2649 481 2693 quadrupes
501 2656 608 2694 esset,
623 2657 744 2686 auctus
759 2658 863 2686 aetate

162 2698 271 2743 bipes.
279 2701 354 2743 jann
367 2701 481 2733 senior
493 2699 608 2734 factus
624 2703 742 2745 tripes,
754 2708 792 2736 ut
806 2703 866 2746 qni

161 2749 284 2784 baculo
298 2749 343 2784 ob
359 2751 631 2786 imbecillitatem
653 2759 864 2788 sustentare-

163 2805 242 2835 tur..
273 2800 363 2836 'rum
392 2803 523 2846 Sphinx
548 2805 652 2846 juxta
687 2807 864 2840 oraculum

1503 211 1618 256 1769

910 316 1057 359 seipsam
1082 326 1127 349 ex
1154 317 1233 350 loco
1255 317 1395 350 excelso
1418 318 1617 360 praecipita-

911 366 972 400 vit.
1017 366 1165 408 OEdipus
1188 372 1333 400 matrem
1357 368 1510 409 ignotam
1534 378 1615 401 uxo-

910 425 982 450 rem
1009 418 1167 460 sumpsit,
1190 422 1408 461 quatuorque
1424 428 1468 450 ex
1493 427 1535 451 ea
1559 427 1618 462 ge-

909 468 983 500 nuit
998 468 1138 510 liberos,
1153 469 1238 502 duos
1253 468 1354 511 filios,
1366 471 1566 502 Etheoclem
1579 475 1617 503 et

911 518 1114 560 Polynicen,
1137 519 1222 551 duas
1247 528 1329 552 vero
1352 520 1454 561 filias,
1470 519 1616 562 Antigo-

909 578 987 601 nem
1003 574 1040 601 et
1054 569 1238 602 Ismenem.
1284 570 1362 602 Filii
1379 580 1456 602 cum
1471 570 1514 602 ad
1532 576 1616 603 seta—

911 624 980 652 tem
1009 620 1196 660 venissent,
1221 620 1407 653 domestica
1436 621 1617 663 impietate

909 670 1062 712 cognita,
1086 669 1248 712 OEdipum
1271 671 1461 713 coe'gerunt
1486 671 1532 704 ob
1556 671 1617 705 de·

910 720 1017 754 decus
1029 729 1095 753 non
1112 722 1231 762 egredi
1245 722 1395 756 domum.
1421 722 1491 764 Ipsi
1503 732 1618 765 sump-

911 776 947 805 to
971 781 1078 814 regno
1102 773 1251 805 invIeem
1278 774 1370 815 pacti
1387 778 1468 805 sunt
1484 777 1522 805 ut
1547 774 1616 806 sin-

910 823 980 864 guli
997 824 1138 855 alternis
1154 824 1248 855 aunis
1264 823 1488 865 imperarent.
1510 823 1616 856 Ethe-

909 874 989 911 ocli‚
1002 873 1082 916 quia
1097 874 1209 916 major
1223 878 1325 914 esset,
1343 874 1470 916 primus
1480 875 1617 916 imperii

911 933 1017 956 annus
1033 925 1186 958 cederet.
1233 925 1268 957 Is
1284 930 1363 957 acto
1386 935 1476 958 anno
1502 925 1618 959 tenuit

910 983 1053 1016 reguum
1077 975 1229 1010 tradere.
1272 975 1456 1018 Polynices
1472 985 1555 1012 vero
1571 985 1615 1008 ex

908 1026 1040 1059 foedere
1055 1028 1089 1059 id
1101 1028 1213 1069 petiit,
1226 1037 1290 1059 nec
1304 1028 1490 1069 impetrato
1504 1027 1616 1069 Argos

910 1077 952 1110 nd
978 1077 1162 1110 Adrastum
1190 1086 1305 1119 regem
1336 1076 1506 1119 confugit.
1538 1077 1617 1110 Hoc

911 1127 1069 1170 tempore
1095 1127 1252 1170 Tydeum
1269 1127 1366 1160 aiunt
1386 1128 1486 1160 OEuei
1507 1127 1617 1160 filium

911 1187 988 1211 cnm
1005 1179 1039 1210 in
1056 1178 1236 1221 Calydone
1252 1177 1441 1220 Alcimum,
1455 1178 1618 1211 Licothe-

911 1237 1035 1271 umque
1051 1233 1196 1271 nepotes
1224 1227 1423 1270 occidisset,
1439 1239 1482 1261 ex
1498 1229 1617 1262 AEtho·

910 1279 958 1312 iia
979 1283 1016 1312 et
1043 1280 1154 1321 ipsum
1179 1278 1357 1321 aufugisse
1382 1274 1525 1322 Argos(
1550 1280 1618 1312 His

911 1329 1044 1362 duobus
1070 1329 1240 1362 Adrastus
1264 1330 1413 1372 benigne
1438 1332 1622 1373 susceptis,

910 1380 1057 1422 quodam
1071 1388 1238 1423 responso
1253 1386 1364 1413 motus
1380 1381 1516 1424 utrique
1531 1382 1619 1414 filias

911 1438 1035 1463 uxores
1044 1430 1176 1473 junxit,
1191 1430 1349 1472 Polynici
1365 1430 1520 1472 Argiam,
1534 1432 1621 1465 Dei·

913 1481 1051 1524 phylem
1082 1481 1214 1524 Tydeo.
1259 1481 1511 1515 Adulescentes
1540 1492 1618 1516 cum

912 1542 933 1564 a
960 1542 1044 1574 rege
1072 1533 1316 1575 probarentur,
1335 1542 1529 1575 magnaque
1560 1542 1619 1566 eo-

912 1593 987 1616 rum
1000 1584 1139 1616 virtutis
1154 1584 1372 1625 exspectatio
1385 1588 1492 1625 esset,
1501 1584 1529 1616 is
1546 1593 1622 1626 gra·

911 1634 1045 1667 tificaus
1061 1634 1178 1666 ambos
1194 1635 1230 1666 iu
1247 1635 1391 1676 patriam
1408 1636 1567 1676 promisit
1581 1644 1620 1668 se

913 1687 1155 1719 reducturum:
1194 1694 1312 1719 verum
1348 1697 1428 1720 eum
1462 1692 1622 1721 censeret

913 1737 1059 1778 primum
1089 1737 1217 1770 debere
1243 1738 1446 1780 Polynicem
1473 1740 1623 1781 restitui,

913 1787 956 1819 ad
973 1787 1172 1820 Etheoclem
1187 1788 1455 1830 misitTydeum,
1469 1789 1513 1821 de
1531 1790 1621 1822 redi—

913 1840 952 1869 tu
967 1842 1146 1870 acturum:
1169 1837 1335 1880 aiuntque
1360 1848 1437 1870 eum
1454 1840 1620 1882 quinqua-

913 1889 1010 1931 ginta
1025 1890 1128 1930 viros‚
1141 1899 1225 1932 quos
1239 1890 1422 1922 Etheocles
1437 1891 1470 1922 in
1487 1890 1621 1924 insidiis

913 1944 1091 1982 posuerat,
1107 1949 1223 1972 munes
1239 1939 1469 1982 interfecisse,
1483 1945 1519 1974 et
1533 1950 1620 1984 prae—

911 1995 965 2024 ter
973 1992 1167 2034 opinionem
1181 1992 1309 2023 salvum
1321 1992 1475 2025 rediisse.
1491 1991 1622 2025 Adras—

913 2046 999 2083 tum,
1022 2050 1099 2074 cum
1125 2043 1198 2074 haec
1221 2042 1386 2083 audisset,
1410 2053 1451 2075 ea
1477 2051 1555 2087 quae
1578 2044 1622 2077 ad

913 2092 1040 2124 bellum
1052 2096 1251 2133 spectarent
1263 2100 1499 2135 praeparasse:
1512 2094 1623 2128 adsci-

913 2143 964 2175 vit
984 2147 1099 2175 autem
1125 2143 1167 2175 ad
1185 2143 1266 2175 belli
1292 2144 1493 2177 societatem
1510 2146 1622 2188 Capa-

913 2202 1027 2230 neum,
1066 2192 1394 2236 Hippomedoutem,
1427 2196 1630 2229 Partheno-f

914 2253 1026 2286 paeum
1050 2243 1223 2277 Atalantae
1251 2245 1476 2279 Schoeueidos
1499 2246 1621 2281 filium.

912 2295 1112 2327 Suadebant
1142 2296 1244 2328 amici
1281 2297 1471 2339 Polynicis,
1509 2303 1549 2331 ut
1576 2299 1621 2332 ad

916 2346 1041 2378 bellum
1058 2346 1287 2389 Amphiaraus
1311 2354 1409 2382 vates
1425 2350 1622 2387 duceretur.

914 2397 962 2429 At
992 2398 1020 2429 is
1053 2404 1131 2430 cum
1158 2408 1203 2430 ex
1234 2399 1380 2432 scientia
1409 2403 1622 2436 vaticinandi

915 2447 1138 2490 praevideret,
1152 2449 1180 2481 si
1191 2449 1224 2481 ei
1237 2449 1327 2482 bello
1341 2450 1465 2485 afforet
1482 2462 1519 2486 se
1542 2462 1621 2496 per-

915 2498 1056 2539 iturum,
1084 2499 1190 2542 idque
1217 2506 1403 2543 propterea
1430 2509 1623 2549 recusaret,

914 2549 1250 2591 feruutvPolynicem
1270 2561 1411 2585 aureum
1427 2559 1584 2599 torquem
1600 2567 1621 2590 a

914 2603 1074 2636 Minerva
1090 2605 1288 2638 Harmonia
1309 2606 1441 2650 datum,
1457 2610 1620 2654 Amphia-

914 2655 964 2686 rai
993 2654 1103 2695 uxori‚
1119 2665 1186 2698 quo
1213 2655 1295 2689 belli
1315 2659 1516 2693 societatem
1546 2663 1621 2696 viro

914 2706 1150 2748 persuaderet,
1180 2706 1335 2742 donasse.
1387 2710 1440 2742 Eo
1466 2716 1621 2755 tempore

917 2755 1146 2798 Amphiaraus
1170 2756 1408 2802 Adrastusque
1443 2761 1487 2795 de
1512 2771 1620 2806 reguo

914 2805 1120 2841 dissidentes
1166 2809 1373 2852 pepigerunt
1403 2813 1445 2845 ad
1474 2812 1620 2857 Eriphy-
