1878 3164
263 248 281 290 1
290 248 375 290 960

601 518 1024 576 THEBAIDOS
1077 517 1221 567 LIB.

310 639 327 668 1
341 633 476 676 Asperat
490 634 609 667 Aonios
619 635 723 668 rabies
732 636 841 668 audita
854 644 963 667 cruen-

262 686 308 728 ti]
331 686 470 727 Tydeus
482 685 699 730 crudelitatis
711 686 876 727 arguitur,
888 684 968 726 quia

266 739 370 776 caput
396 734 502 767 hostis
525 733 747 767 moribundus
773 734 969 776 absumpsit.

266 785 415 819 Laetam.
538 821 541 823 ,

309 836 330 866 4
354 835 420 866 Fas
440 834 522 876 odii]
548 834 649 868 Quod
667 835 758 867 ultra
778 833 831 867 fas
844 838 881 866 et
904 833 969 865 illi-

267 884 339 916 cita
353 884 555 916 crudelitate
572 885 604 916 in
621 885 744 917 mortui
758 884 899 916 hominis
915 892 969 915 ca-

268 934 375 966 daver
389 934 439 967 ira
454 933 573 967 fuerit.
594 935 701 967 Idem-1

310 990 329 1018 5
356 986 462 1019 Coedis
475 987 701 1028 opussurebas]
714 986 874 1019 Furendo
895 995 971 1028 per-

269 1036 407 1078 agebas.
434 1038 474 1070 V.
490 1038 595 1070 Schol.
638 1038 811 1080 Loquutio
832 1037 969 1078 Papini-

269 1096 346 1119 aua.
389 1087 479 1119 Vide
496 1087 539 1119 ad
555 1088 616 1119 lib.
631 1097 690 1121 nr.
703 1098 753 1121 vs.
763 1090 838 1120 669.
876 1088 969 1119 Male

268 1145 436 1169 nonnemo
463 1138 635 1176 codicum,
659 1138 800 1177 serebas.
845 1138 969 1170 Martis

269 1194 355 1227 opus
368 1186 495 1219 bellum
511 1190 547 1218 et
557 1187 680 1219 caedes.
731 1187 830 1228 Virg.
853 1187 863 1205 ‘
878 1187 969 1218 Mili-

268 1235 351 1275 tiam
367 1240 404 1268 et
419 1246 524 1277 grave
539 1237 664 1269 Martis
680 1237 787 1279 opus.'
828 1237 969 1278 Virtute]

270 1285 497 1327 crudelitate,
511 1296 611 1328 quam
628 1287 789 1319 virtutem
805 1287 861 1319 isti
884 1287 969 1319 rnili-

268 1338 322 1366 tes
337 1336 515 1376 putabant.
558 1336 615 1368 Sic
632 1337 846 1378 impietatem
864 1337 970 1378 Capa-

269 1385 325 1417 nei
358 1385 514 1418 Virtutem
535 1387 674 1429 iniquam
699 1391 810 1428 vocat,
837 1387 895 1419 lib.
918 1395 970 1418 xt-

269 1436 390 1468 initio:
424 1438 636 1480 ‘Postquam
661 1439 895 1479 magnanimus
921 1437 971 1469 fu·

270 1485 338 1517 rias
352 1486 489 1518 virtutis
506 1487 631 1528 iniquae
648 1488 842 1520 Consumsit
861 1488 973 1529 Capa-

269 1537 377 1567 neus.’
418 1535 476 1567 Ita
501 1536 741 1568 crudelitatem
771 1546 831 1578 pro
847 1537 972 1568 virtute

269 1585 430 1618 habuisse
463 1586 526 1619 Cn.
558 1587 758 1629 Pompeium
785 1587 906 1619 scribit
933 1587 974 1619 C.

271 1636 421 1677 Cassum,
433 1637 492 1669 lib.
505 1646 569 1669 xv.
583 1638 753 1670 Familiar.
770 1638 884 1679 Epist.
896 1646 975 1670 xlx,

273 1685 461 1718 Ciceronis.
484 1686 604 1719 Barth.

313 1739 335 1768 7
359 1736 460 1768 Retro
475 1738 602 1769 torsisse
609 1737 751 1780 jugales]
771 1738 883 1770 Tanta
897 1747 974 1770 cru·

271 1785 395 1818 delitas
412 1787 444 1818 in
461 1788 591 1819 scelere
608 1787 714 1829 Tydei
727 1787 804 1829 fuit,
816 1793 854 1820 ut
870 1788 973 1820 etiam

271 1842 452 1869 cruentum
490 1847 613 1870 numen
656 1837 753 1870 nefas
791 1839 972 1871 horruerit.

271 1885 363 1918 Lact.

316 1939 357 1968 17
380 1937 505 1970 Solatia
526 1938 618 1980 lethi]
640 1939 819 1980 Ironicws3
845 1939 880 1972 id
906 1944 972 1981 est,

272 1986 419 2027 pulchri,
437 1996 498 2027 pro
515 1987 673 2019 crudelis.
703 1988 804 2029 Idem,

316 2037 358 2067 19
382 2036 452 2067 Nos
462 2036 590 2074 serrum
605 2037 861 2079 mite,facesque]
886 2038 972 2072 Quae

271 2084 353 2117 odia
387 2095 453 2118 non
483 2087 673 2118 extendunt
703 2088 792 2119 ultra
819 2091 974 2119 mortem.

273 2135 307 2168 N
311 2144 347 2179 os
361 2139 515 2169 tenemus
527 2136 653 2169 ferrum
664 2141 700 2169 et
711 2137 819 2178 faces,
830 2138 878 2169 illi
892 2147 975 2179 pug-

272 2190 355 2218 nant
367 2186 468 2218 odiis.
495 2187 565 2219 Vet.
577 2186 679 2220 Schol.

316 2239 358 2268 20
381 2236 454 2268 Illis
467 2238 550 2269 nuda
565 2237 651 2278 odia]
685 2237 791 2269 Olere
816 2237 975 2270 mendum

272 2285 426 2318 videtur:
454 2291 489 2318 ct
512 2287 598 2318 licet
613 2296 678 2318 non
695 2287 827 2318 varient
844 2288 975 2330 scripti,

272 2339 464 2377 praeoptem
489 2346 553 2377 ego
569 2337 618 2368 illi
633 2338 715 2369 nuda
729 2338 811 2369 odia.
834 2338 939 2370 Bern.

317 2388 359 2417 23
385 2385 548 2427 Terraque
566 2386 684 2427 sugam
707 2388 880 2428 mirantur]
903 2387 975 2420 Ad-

274 2435 427 2467 misimus
459 2436 666 2476 scriptorum
695 2437 906 2474 miserentur:
941 2437 974 2469 id

274 2489 342 2526 est,
366 2494 442 2517 cum
459 2485 586 2517 invidia
611 2485 757 2518 fatorum
785 2491 823 2518 et
847 2487 976 2519 miseri-

274 2535 403 2567 cordiae
434 2545 518 2576 erga
545 2546 581 2567 se
610 2536 824 2572 concitandae
859 2536 976 2578 deplo-

276 2588 364 2616 rant.
409 2584 512 2626 Apud
528 2586 684 2618 Tacitum
699 2586 824 2619 Annal.
841 2580 867 2618 1⁴.
889 2587 977 2619 Ger-

274 2633 428 2665 manicus
444 2634 453 2651 ‘
467 2634 575 2675 ipsius
589 2635 708 2667 Planci
721 2645 859 2676 gravem
871 2641 906 2668 et
917 2636 977 2668 im-

275 2683 434 2714 meritum
459 2692 588 2721 casum,
613 2684 709 2716 simul
736 2690 897 2727 quantum
919 2685 977 2717 de-

276 2731 411 2764 decoris
436 2732 560 2764 adierit
586 2733 690 2774 legio,
716 2733 864 2767 facunde
880 2735 977 2767 mise-

277 2781 395 2814 καὶαι-3
419 2781 606 2814 Gronovius.

738 257 880 290 NO‘rAE
911 256 1174 289 VAmonUM
1206 255 1260 288 IN

1276 517 1382 567 IX.

1060 636 1104 666 24
1145 632 1284 675 Hamus]
1324 635 1440 668 Solum
1476 634 1600 677 patriae
1634 643 1719 670 sese.

1021 684 1113 717 Lact.

1064 737 1107 766 28
1130 735 1321 767 Incestarzm
1331 733 1452 776 avium]
1467 733 1628 767 Humano
1643 727 1721 777 ῥω-

1024 783 1125 825 gnine
1138 784 1340 826 pollutarum
1353 793 1363 814 ι
1379 784 1452 816 sive
1462 784 1542 826 quie
1552 782 1723 822 cadavera

1024 833 1155 865 eminus
1171 834 1335 867 sentiunt.
1378 833 1468 866 Aura
1481 833 1652 876 nocentem]
1677 832 1722 867 m

1024 888 1089 923 est,
1109 884 1275 916 mortibus
1291 883 1460 921 vitiatum,
1485 888 1526 918 ut
1540 884 1720 917 menne-t

1025 934 1036 952 ‘
1052 933 1145 966 Aera
1160 944 1226 966 non
1243 943 1374 975 sanum,
1397 939 1595 976 motumque
1619 933 1720 969 cada«

1025 993 1107 1016 vere
1123 983 1251 1016 sentit?
1273 984 1374 1017 Idem.
1667 1018 1669 1021 .

1068 1036 1111 1066 38
1132 1033 1322 1076 Suadetque]
1353 1033 1504 1068 Suadere
1531 1034 1607 1067 vult
1631 1035 1721 1077 quoti

1022 1083 1125 1116 nimia
1141 1083 1249 1115 virtus
1269 1083 1377 1116 faeiat
1392 1093 1528 1126 semper
1540 1084 1696 1119 incautos
1712 1088 1735 1118 ε’

1023 1133 1095 1165 sive
1111 1133 1193 1165 illud
1209 1133 1315 1174 magis
1341 1133 1476 1174 asserit,
1500 1133 1591 1176 quod
1615 1134 1723 1167 inter-

1024 1183 1103 1214 dum
1120 1182 1221 1215 nimis
1234 1183 1342 1215 virtus
1357 1183 1497 1216 consilio
1510 1188 1638 1217 careat.
1656 1185 1713 1221 16.-

1066 1235 1109 1265 64
1130 1233 1285 1264 Mactusti
1303 1233 1339 1264 in
1360 1232 1468 1265 limine
1486 1233 1634 1275 Adrasti]
1647 1234 1724 1275 ΜΘ,

1023 1283 1128 1315 liores
1152 1283 1292 1315 scitius:
1315 1286 1511 1316 mactatum·
1538 1284 1587 1322 Ut
1605 1284 1666 1317 ille
1688 1285 1722 1319 in

1025 1333 1133 1365 veteri
1145 1333 1311 1374 tragoedia
1325 1345 1333 1364 ε
1349 1336 1358 1351 ‘
1369 1334 1473 1366 Mene
1483 1334 1548 1367 hen
1560 1343 1726 1377 servasse,

1024 1387 1063 1414 ut
1078 1387 1207 1423 essent,
1222 1383 1279 1424 qui
1293 1393 1347 1415 me
1361 1385 1543 1425 perderent
1552 1384 1575 1417 ?'
1611 1385 1725 1427 Virgi-

1025 1433 1107 1464 lius:
1144 1434 1268 1465 ‘mene
1294 1433 1434 1475 incepto
1459 1433 1626 1467 desistere
1655 1436 1724 1468 vic-

1027 1483 1119 1514 tam?
1163 1483 1239 1515 Nec
1266 1493 1365 1524 posse
1385 1484 1491 1516 Italis.
1512 1485 1724 1522 Teucrorum

1026 1537 1185 1564 avertere
1202 1534 1349 1574 regem?
1374 1535 1513 1568 Gronov.

1069 1585 1112 1614 68
1138 1583 1339 1625 Thelamouza]
1363 1584 1432 1617 Hic
1447 1586 1661 1626 Meleagrum
1676 1557 1726 1620 di-

1027 1633 1119 1664 citur
1137 1634 1236 1665 unice
1251 1633 1426 1675 dilexisse,
1437 1639 1476 1668 ut
1489 1636 1644 1669 Theseus
1659 1628 1726 1671 Pe·-

1027 1683 1187 1715 rithoum.
1208 1684 1358 1730 Laetam²

1069 1737 1111 1766 70
1145 1734 1225 1770 Quis
1246 1735 1352 1776 cruor]
1386 1736 1557 1778 Quantus,
1586 1737 1666 1779 quia
1690 1742 1727 1771 et

1027 1784 1187 1825 sanguine
1199 1784 1305 1826 Tydei
1319 1784 1431 1819 finerat
1443 1796 1612 1828 aspersus.
1626 1788 1727 1822 Iam.

1027 1834 1143 1875 Hoste]
1170 1834 1249 1866 Non
1266 1845 1343 1876 uno,
1358 1837 1416 1868 sed
1431 1837 1480 1869 ait
1493 1837 1639 1869 hostium
1650 1847 1727 1871 cru.-

1026 1892 1119 1915 orem
1149 1883 1264 1916 delere
1287 1885 1395 1926 Tydei
1422 1887 1608 1928 proprium.-
1629 1888 1728 1920 Imm-

1025 1933 1104 1965 meri
1126 1933 1228 1975 globi]
1249 1933 1326 1967 Nec
1341 1935 1431 1967 enim
1451 1936 1551 1969 unius
1562 1946 1652 1978 ppus
1668 1942 1728 1969 tua

1027 1983 1152 2024 caedes,
1177 1994 1219 2015 ne
1235 1985 1326 2025 globi
1341 1985 1490 2027 quidem.
1530 1987 1649 2028 Pater]
1672 1986 1728 2020 Ad

1026 2044 1131 2075 genus
1142 2036 1230 2068 enim
1243 2037 1366 2069 Martis
1379 2038 1543 2077 originem
1555 2037 1729 2071 referebat

1027 2085 1175 2126 Tydeus·
1213 2087 1394 2120 Etiamnum
1418 2088 1551 2130 lubrica]
1566 2088 1727 2122 Nondum
1754 2095 1756 2098 '

1029 2135 1117 2167 enim
1132 2145 1234 2168 cruor
1245 2144 1429 2171 exaruerat
1440 2145 1499 2171 aut
1510 2139 1725 2172 constiterat·

1071 2240 1114 2270 72
1151 2238 1273 2271 Invidit
1306 2240 1412 2282 pater]
1444 2241 1563 2273 Tantas
1591 2240 1728 2273 virtutis

1030 2287 1102 2319 vult
1118 2289 1299 2321 ostendere
1310 2289 1461 2330 Tydeum
1477 2290 1596 2330 fuisse,
1611 2295 1650 2321 ut
1664 2290 1728 2322 eti-

1029 2348 1082 2369 am
1100 2339 1207 2378 patris
1222 2339 1272 2372 sui
1291 2340 1413 2372 Martis
1429 2343 1627 2382 tangeretur
1641 2339 1727 2372 invi·

1029 2387 1098 2419 dia.
1119 2387 1316 2420 Laclantius.

1073 2439 1114 2469 75
1138 2437 1324 2479 Hucusque]
1340 2438 1457 2480 Usque
1477 2437 1606 2470 adeone
1630 2437 1727 2478 furit,

1031 2490 1070 2518 ut
1086 2486 1240 2520 inimicos
1251 2488 1413 2521 dentibus
1434 2489 1504 2520 suis
1517 2489 1724 2522 assumeret?

1033 2537 1133 2568 Idem.

1073 2588 1115 2617 9⁰
1138 2585 1289 2627 Fixerat]
1307 2586 1505 2620 Inhaeserat.
1527 2587 1628 2622 Idem.
1667 2617 1671 2622 .

1073 2637 1114 2666 95
1143 2635 1284 2667 Validam
1296 2635 1389 2667 simul
1403 2636 1489 2668 elicit
1502 2638 1633 2679 hastam,
1653 2639 1726 2681 ξιτ]

1031 2686 1233 2725 Corruptam
1251 2690 1287 2717 et
1302 2686 1389 2718 banc
1410 2687 1612 2728 scripturam
1638 2689 1727 2720 arbi-

1031 2739 1115 2767 tror.
1159 2734 1257 2767 Libri
1282 2740 1417 2768 veteres
1439 2736 1472 2768 in
1497 2747 1539 2769 eo
1565 2738 1729 2779 adjuvant

1032 2783 1122 2826 quod
1151 2783 1317 2826 referant,
1347 2786 1401 2818 hos
1426 2796 1540 2824 manes,
1563 2788 1628 2820 hoec
1644 2789 1728 2829 ivise-
