1878 3164
310 224 426 268 2032

307 334 439 362 vectus.
469 330 569 363 Unde
577 331 702 364 Boeotii
714 332 898 374 caeterique
911 333 1008 366 Grae-

306 379 351 420 ci,
364 379 517 413 Thraces
529 391 675 423 quoque,
690 381 724 413 in
740 383 935 416 memoriam
949 393 1007 416 ex-

306 430 490 471 peditionis
506 431 638 464 Indicae
652 441 749 464 sacra
764 432 959 466 'l‘rieterica
975 434 1007 466 ei

305 479 539 519 instituerunt,
562 481 653 513 unde
678 482 712 514 iu
729 483 843 516 multis
859 484 1007 516 Graeciae

305 528 446 562 urbibus
462 531 569 563 tertio
594 540 728 573 quoque
743 542 831 564 anuo
845 534 1007 566 mulieres

305 581 526 621 conveniunt,
540 581 632 622 apud
659 591 743 623 quos
763 582 807 614 de
828 592 923 616 more
939 584 1006 615 vir-

305 629 402 670 gines
413 631 568 672 thyrsum
582 630 697 663 ferunt
708 632 743 664 in
757 633 918 665 honorem
934 635 1005 666 Dei

304 680 534 721 Bacchantes,
557 681 657 722 eique
673 691 735 723 per
750 687 861 715 coetus
875 683 1004 716 sacrifi-

303 733 422 762 cantes
445 730 590 772 hymnos
615 735 653 764 et
682 737 802 765 cantus
828 739 1005 767 renovant.

305 779 460 812 Britanni.

347 832 411 862 596
434 829 634 873 Scimmque
645 832 753 874 pecus]
774 834 898 866 Utrum
918 837 1005 876 tym-

303 890 392 922 pana
413 892 491 924 quae
515 890 560 916 ex
583 885 726 925 pellibus
752 885 1004 919 conficiuntur?

303 932 394 964 Nam
406 933 514 975 tibiis,
527 935 711 976 tympanis,
723 936 1004 978 tintinabulisque

301 981 471 1015 sacrificia
499 984 627 1017 Bacchi
653 985 885 1027 celebrantur,
916 987 1003 1018 unde

300 1031 457 1075 inferius,
468 1034 478 1052 ‘
493 1034 728 1078 Bacchoeaque
746 1040 854 1078 terga,
869 1036 1004 1069 mitras-

301 1092 369 1124 que
385 1083 464 1116 Huc
481 1085 628 1126 tuleris,'
649 1085 683 1117 id
699 1091 754 1118 est
770 1092 944 1128 tympana,
959 1097 1004 1119 an

299 1133 462 1166 nebridas
473 1134 655 1177 intelligit:
680 1146 757 1168 nam
775 1137 918 1178 pellibus
930 1146 1003 1169 cer-

301 1192 421 1215 vorum
438 1184 600 1217 incinctae
618 1186 775 1219 mulieres
790 1197 887 1219 sacra
903 1197 1002 1228 pera-

299 1233 440 1274 gebant,
464 1235 555 1277 quod
577 1236 656 1268 ideo
671 1236 858 1277 faciebant,
878 1247 935 1278 ne,
963 1243 1003 1270 ut

299 1284 423 1317 scribit
439 1285 585 1327 Plinius,
602 1286 809 1320 dormientes
826 1297 929 1329 supra
944 1298 1002 1320 eas

299 1335 510 1376 serpentium
523 1345 677 1369 accessus
691 1337 864 1370 timerent.
887 1338 988 1370 Idem.

341 1388 404 1418 597
431 1385 560 1427 Trabes]
590 1386 634 1419 Id
664 1391 718 1419 est
754 1388 882 1425 hastas,
917 1397 1000 1430 quos

299 1436 436 1477 thyrsos
452 1435 586 1469 dixere.
630 1438 690 1469 Eae
705 1442 806 1470 erant
822 1438 1003 1478 aculeatae,

299 1490 336 1518 et
376 1485 504 1518 hedera
530 1486 603 1518 sive
633 1488 802 1528 pampinis
839 1488 1001 1522 obtectae.

299 1536 452 1577 Furores]
476 1537 565 1570 Nam
575 1536 674 1569 furiis
688 1537 829 1579 agitatae
841 1537 1002 1571 fereban-

298 1591 366 1627 tur,
382 1588 473 1620 uude
496 1588 664 1621 Menades
684 1589 788 1621 dictae
803 1594 882 1621 sunt
898 1600 918 1622 a
932 1590 1002 1630 μαί-

297 1648 385 1676 νομαι
410 1637 515 1670 verbo
545 1637 682 1680 Graeco,
713 1639 805 1681 quod,
831 1639 1003 1681 significat

291 1687 381 1727 furo.
406 1688 519 1720 Idem.

339 1739 405 1769 609
428 1736 582 1778 Demisit]
618 1738 791 1769 Deorsum
822 1737 927 1777 misit,
956 1748 1001 1771 ne

297 1787 482 1828 impediret
495 1797 570 1819 eum
581 1787 806 1828 jaculantem.
838 1789 1000 1830 Nebrida]

297 1837 432 1869 Pellem
459 1837 566 1877 cervi,
581 1846 680 1879 quam
702 1837 876 1880 ferebant,
899 1849 1000 1880 quam

297 1887 429 1919 Plinius
441 1887 527 1919 dicit
537 1887 601 1920 hoc
613 1887 765 1928 efficere,
777 1898 820 1921 ne
833 1889 1000 1921 dormien-

297 1941 351 1968 tes
373 1942 477 1978 supra
498 1945 574 1969 eam
605 1942 803 1978 serpentum
827 1948 1000 1971 accessum

297 1987 452 2020 timeant.
475 1986 595 2029 νεβρὸς,
611 1987 788 2029 hinnulum,
797 1988 868 2021 sive
883 1990 1001 2031 pullam

295 2031 397 2077 'cer-vi,
406 2037 586 2079 significat.
608 2038 790 2071 Maturant.

339 2090 404 2120 610
426 2087 539 2129 Sinus]
572 2088 738 2120 Demissae
767 2088 933 2130 nebridis,
961 2093 1001 2122 nt

297 2138 434 2179 quando
463 2140 618 2169 exertam
647 2138 815 2170 manicam
840 2137 999 2172 ludentes

297 2188 370 2229 pila
395 2188 539 2230 cingunt
567 2197 663 2230 zona,
686 2198 730 2221 ne
757 2189 998 2231 impediantur.

299 2238 400 2270 Idem.

338 2290 402 2319 616
429 2287 516 2319 Talis
535 2288 588 2319 ubi
612 2289 652 2320 ad
675 2289 807 2330 Thebas]
829 2287 935 2330 Talis,
946 2289 998 2321 in·

296 2335 383 2377 quit,
397 2341 472 2368 erat
492 2337 658 2378 Achilles,
679 2339 787 2380 qualis
815 2345 894 2380 post
917 2339 997 2371 anni

297 2386 542 2419 relaxationem
567 2387 611 2419 ad
626 2388 760 2420 Thebas
786 2389 998 2430 conspicitur

295 2435 453 2467 Bacchus
479 2445 556 2469 cum
580 2444 731 2470 armatur
754 2439 916 2471 adversus
939 2439 996 2472 Iu-

255 2490 257 2492 “
296 2484 369 2517 dos.
397 2486 529 2518 Britan.
575 2487 664 2519 Nam
680 2492 718 2520 ut
734 2488 887 2521 Bacchus
906 2489 996 2530 apud

295 2535 427 2567 Thebas
465 2536 645 2569 mollitiem
675 2543 826 2579 exercet,
854 2543 893 2570 ut
924 2548 996 2571 mu-

293 2585 369 2622 lier,
386 2587 477 2627 apud
499 2587 604 2619 Indos
631 2598 760 2629 means,
776 2588 877 2620 istam
891 2589 995 2632 depo-

294 2636 360 2676 nit,
397 2646 534 2669 sumeus
572 2638 704 2670 virilem
741 2639 914 2680 habitum3
946 2640 997 2672 ita

294 2683 458 2725 Achilles,
468 2686 547 2717 dum
559 2687 702 2728 puellari
711 2688 827 2721 habitu
840 2690 994 2731 gestiret,

294 2734 422 2767 decora
434 2735 615 2769 videbatur
623 2738 730 2779 virgo,
742 2738 800 2770 sed
815 2744 994 2782 postquam

295 2785 338 2817 ad
357 2786 561 2827 jactandum
585 2792 724 2820 ventum
749 2793 814 2830 est,
837 2794 919 2822 tunc
944 2790 996 2823 vir

767 240 910 272 No‘l'AE
941 241 1165 275 VARIORU
1174 243 1206 274 M

1242 242 1295 276 m

1060 336 1234 377 apparuit.

1101 389 1166 419 616
1185 387 1308 429 Euius]
1346 386 1519 420 Bacchus.
1566 387 1670 420 Νιιίιι1
1685 386 1760 430 plu-=

1059 435 1145 467 rima
1174 437 1206 468 ei
1238 437 1441 479 cognomina
1471 438 1514 470 ab
1545 437 1646 470 rebus
1674 445 1760 480 quas

1057 485 1130 526 egit
1145 491 1223 519 sunt
1238 487 1281 519 ab
1303 487 1493 520 homiuibus
1515 488 1644 521 indita:
1662 487 1761 522 'Bac-

1057 532 1158 567 chum
1187 537 1277 568 enim
1304 537 1361 569 alii
1384 546 1405 569 a
1435 538 1651 578 mulieribus,
1682 546 1760 581 qun

1055 584 1269 618 Bacchahtes
1295 586 1392 619 illum
1415 588 1663 630 sequebantur,
1684 588 1761 621 dix-³

1057 643 1128 670 ere,
1151 635 1208 666 alii
1238 645 1258 667 a
1281 637 1441 669 torculari
1467 647 1535 680 quo
1564 638 1678 672 vinum
1700 647 1761 671 ex·

1056 685 1217 726 primitur
1244 687 1408 720 Leueum.
1453 688 1600 722 Quidam
1624 685 1760 722 Bromi·

1055 744 1111 766 um
1128 746 1147 767 a
1164 737 1308 778 tonitru,
1318 738 1375 779 qni
1389 738 1423 771 in
1438 739 1513 781 ejus
1528 743 1608 772 ortu
1623 740 1759 772 contiu-

1055 783 1117 826 git.
1159 785 1403 828 Triumphator
1428 788 1533 820 etiam
1550 789 1759 830 appellatur,

1054 834 1147 876 quod
1164 836 1289 877 primus
1305 836 1363 879 (ut
1377 837 1506 870 dictum
1522 838 1594 882 est)
1607 839 1758 872 omnium

1055 884 1099 916 de
1128 885 1225 917 ludis
1253 887 1440 929 elephanto
1463 888 1618 922 invectus
1640 890 1759 924 trium-

1055 933 1226 974 phaverit.
1270 937 1376 969 Evius
1412 939 1554 980 iusuper
1588 939 1760 980 cognomi»

1053 988 1154 1016 natus
1169 989 1237 1026 est,
1246 987 1337 1028 quod
1350 997 1428 1019 cum
1438 987 1475 1019 in
1490 987 1580 1020 bello
1595 988 1758 1031 giganteo

1053 1033 1239 1067 dilaniatus
1270 1046 1291 1068 a
1319 1037 1515 1079 gigantibus
1550 1037 1607 1080 (ut
1635 1037 1758 1075 scribit
1818 1047 1819 1050 ’

1055 1082 1234 1126 Orpheus)
1247 1085 1383 1129 fuisset,
1395 1087 1418 1122 J
1421 1088 1560 1130 uppiter
1572 1097 1651 1122 eum
1663 1098 1758 1132 quma

1053 1144 1131 1167 rens
1145 1137 1278 1179 magnis
1300 1139 1504 1172 clamoribus
1527 1142 1567 1172 et
1587 1140 1756 1174 lamenta-¹
1804 1144 1806 1146 ’

1051 1185 1199 1218 tionibus
1214 1186 1265 1220 ita
1277 1188 1478 1230 appellabat
1491 1199 1501 1221 ε
1518 1188 1629 1228 Eme,
1642 1189 1678 1222 id
1690 1195 1758 1233 est,

1052 1234 1140 1267 boue
1159 1236 1220 1270 fili.
1258 1238 1348 1270 Nam
1363 1237 1411 1279 ε’ΰ,
1431 1239 1517 1280 bene,
1536 1238 1601 1272 υἱὸς
1613 1239 1755 1282 (hasce,

1041 1285 1152 1327 filium
1165 1291 1264 1320 sonat
1278 1289 1411 1321 Latine.
1433 1290 1619 1323 Britannic-

1093 1339 1157 1369 617
1191 1337 1386 1379 Mitramque
1411 1339 1511 1381 levat]
1554 1339 1684 1373 Aufert
1718 1340 1756 1374 in

1050 1384 1179 1418 bellum
1204 1387 1412 1428 proditurus.
1443 1388 1596 1430 Min-am]
1617 1389 1707 1422 Nam
1726 1390 1756 1422 sl

1052 1435 1188 1477 quando
1205 1437 1308 1469 Liber
1322 1447 1365 1469 ex
1382 1442 1467 1479 potu
1482 1443 1589 1480 caput
1598 1440 1757 1482 ,agitaret

1051 1486 1152 1517 mitra
1168 1491 1272 1528 caput
1291 1487 1467 1530 alligabat,
1483 1489 1574 1521 unde
1590 1493 1627 1522 et
1648 1501 1755 1531 μιτροι

1050 1535 1144 1576 φόρος
1168 1536 1282 1569 dictus
1307 1542 1374 1575 est,
1402 1547 1500 1578 reges
1513 1548 1594 1571 vero
1620 1540 1754 1581 posteri

1053 1594 1114 1626 pro
1141 1586 1244 1619 mitra
1266 1591 1373 1629 caput
1398 1587 1592 1622 diademate
1620 1588 1753 1622 vincire

1050 1635 1140 1667 soliti
1155 1640 1246 1668 sunt.
1269 1637 1368 1669 Idem.
1745 1666 1750 1669 .

1092 1687 1157 1717 618
1189 1686 1344 1727 Hostiles]
1380 1686 1453 1718 Pro
1481 1687 1598 1719 hostes
1626 1688 1754 1729 posuit.

1051 1735 1160 1776 Indos]
1184 1735 1274 1767 Nam
1302 1736 1493 1768 exercitum
1529 1746 1646 1768 secum
1681 1747 1752 1770 non

1051 1789 1181 1816 tantum
1199 1785 1360 1826 virorum,
1376 1785 1435 1817 sed
1451 1785 1554 1817 etiam
1570 1786 1752 1819 mulierum

1050 1833 1320 1876 circumducens,
1350 1835 1385 1866 in
1414 1834 1549 1867 Indiam
1579 1836 1750 1875 transivit,

1050 1893 1118 1925 qua
1132 1884 1280 1916 triennio
1298 1890 1373 1926 post
1388 1884 1446 1926 (ut
1459 1884 1589 1917 dictum
1605 1885 1676 1925 est)
1691 1885 1751 1918 de-

1050 1933 1182 1966 bellata
1208 1935 1243 1966 in
1271 1935 1443 1967 Groeeiam
1465 1934 1677 1976 triumphans
1698 1944 1751 1967 re·

1050 1993 1169 2016 versus
1186 1989 1250 2017 est.
1274 1984 1373 2017 Idem.
1739 2012 1744 2016 Δ

1091 2036 1156 2066 623
1190 2034 1286 2076 AEra]
1325 2034 1510 2077 Cymbala3
1547 2044 1626 2069 nam
1658 2035 1750 2068 tibiis

1050 2085 1210 2117 cornibus
1222 2085 1416 2127 cymbalum
1432 2089 1469 2117 et
1483 2085 1751 2118 tintinnabulum

1051 2134 1252 2177 agebantur.
1275 2136 1377 2168 Idem.
1743 2147 1746 2161 2

1092 2189 1155 2218 624
1180 2186 1337 2227 Quonam]
1368 2186 1503 2219 Tmesis
1530 2190 1596 2228 est,
1625 2186 1662 2219 id
1685 2191 1750 2228 est,

1050 2237 1327 2279 quonamusque?
1350 2237 1451 2269 Idem.

1091 2290 1156 2319 628
1179 2287 1341 2328 Sperchio]
1364 2286 1505 2318 Fluvius
1529 2289 1584 2318 est
1606 2286 1748 2319 'lhessa-

1048 2337 1165 2374 liae,in
1190 2347 1290 2379 quem
1316 2346 1352 2368 se
1378 2335 1584 2369 demittebat
1601 2335 1750 2378 jubente

1049 2387 1212 2428 Chirone,
1226 2392 1265 2419 ut
1285 2387 1398 2428 aptior
1410 2390 1504 2419 esset
1518 2386 1561 2418 ad
1577 2386 1747 2419 sustinens

1048 2437 1127 2469 dum
1145 2447 1305 2480 aquarum
1319 2437 1502 2479 impetum=
1517 2437 1582 2470 hoc
1595 2437 1747 2470 ostendis

1048 2491 1104 2520 tur
1119 2488 1153 2519 in
1169 2488 1235 2520 fine
1251 2487 1377 2529 operis.
1400 2487 1499 2520 Idem.

1089 2541 1154 2571 629
1177 2538 1411 2579 Promissasqw
1446 2535 1561 2578 comus]
1595 2537 1747 2569 Consue-

1047 2589 1133 2621 tudo
1163 2589 1253 2620 enim
1279 2592 1363 2621 erat*
1386 2587 1478 2630 apud
1511 2587 1682 2629 antiquos,
1707 2590 1748 2620 ut

1047 2638 1135 2680 quis,
1173 2643 1276 2680 prout
1307 2638 1441 2670 libitum
1478 2642 1564 2676 erat,
1600 2636 1747 2669 diversis

1046 2688 1190 2720 Deabus
1213 2688 1267 2720 vel
1302 2686 1497 2719 fluminibus
1531 2687 1660 2719 crinem
1686 2687 1747 2719 aut

1046 2738 1186 2770 barbam
1206 2747 1300 2770 suam
1314 2742 1467 2771 voveret.
1489 2738 1636 2770 Lactant.
1665 2737 1746 2769 Pros-

1045 2789 1174 2831 missas]
1193 2789 1270 2822 Hoc
1285 2794 1352 2831 est,
1363 2798 1405 2822 ex
1425 2789 1580 2831 historia,
1599 2797 1675 2822 nam
1689 2789 1745 2832 (ut
