1878 3164
452 238 495 269 1².
528 235 722 268 PAP1N11
753 227 925 267 STA'ru'
954 234 1103 267 SYLV.
1136 234 1232 266 Lm.
1252 237 1296 266 V·
1325 224 1367 266 1.

173 333 224 375 bi,
235 324 377 366 >tametsi
400 331 472 366 fuit
492 341 626 374 magnae
651 330 876 372 dignationis,

1522 225 1637 269 174⁷

927 329 1137 371 revisissem,
1171 328 1317 362 eandem
1353 327 1429 361 fere
1458 330 1637 371 conjectu-

172 383 234 418 'aed
250 384 397 425 mplius
410 382 583 425 quoddam
606 391 728 414 munus
743 385 780 414 et
794 390 879 414 cura
928 391 1000 413 ram
1023 381 1165 423 utrique
1186 381 1221 412 in
1247 383 1398 412 mentem
1425 380 1560 413 venisse
1576 381 1635 413 de-

172 434 397 475 numerodor,
426 437 466 466 ut
500 432 614 465 verbis
643 431 755 474 poetae
785 438 878 472 utar,

164 484 265 518 hami
278 483 384 517 dubie
403 483 620 525 exprimitur,
638 482 738 524 eujus
752 492 878 515 nomen

172 533 422 577 exquirendum
449 537 514 565 est.
559 533 639 566 Hoc
668 537 784 565 autem
815 533 877 565 du-

169 585 267 628 plex,
280 584 469 628 Antiquom
483 589 522 616 et
535 593 674 624 novum,
690 583 877 626 Antiqunm

170 644 296 669 men
311 635 406 668 Cura
418 634 546 668 annuli.
589 634 723 676 Colligo
739 644 782 666 ex
798 634 877 668 Jus-

172 686 246 719 tino
270 686 307 718 in
330 691 485 718 extremo
497 685 556 718 lib.
579 693 686 718 xmu.
701 684 877 717 scribente

171 737 322 780 Trogum
341 735 450 769 fuisse
465 736 528 768 sub
544 736 586 769 C.
598 732 735 768 Caesare
749 735 877 777 magis-

170 793 264 821 trun
286 787 506 830 epistolarum
535 790 573 819 et
596 786 816 829 legationum,
842 789 879 818 et

170 838 332 871 habuisse
360 838 477 870 annuli
501 847 638 870 curam:
662 846 746 880 quas
766 836 878 878 digni·

174 893 266 921 tate·
276 888 415 921 videtur
426 888 559 920 Statius
569 887 782 920 Abascantio
794 887 877 919 item

172 938 338 972 tribuere.
383 939 519 971 Novum
535 943 651 970 autem
668 938 759 970 illins
774 937 878 970 officii

174 999 299 1022 nomeu
310 994 367 1022 est
378 988 611 1023 cancellarius
622 989 768 1028 Latinis,
778 988 878 1020 Grae-

170 1041 224 1073 eis
238 1041 428 1083 logotheta.
447 1036 525 1072 nam
551 1039 627 1072 haec
647 1039 714 1071 duo
728 1049 795 1071 non
813 1039 879 1071 dis-

172 1090 302 1133 tinguit
325 1091 471 1123 Nicetas
498 1089 558 1122 lib.
595 1099 662 1122 vn.
697 1089 742 1122 de
776 1089 879 1122 rebus

172 1141 271 1182 Man,
296 1142 448 1174 emm.

214 1193 259 1223 80
274 1190 464 1223 “Binemt'nis
478 1189 573 1232 Istri]
598 1190 730 1222 Eodem
745 1190 879 1232 epithe-

171 1246 318 1282 ,tonsus
335 1241 464 1274 Silius:
486 1250 563 1273 nam
588 1240 682 1273 Ister
702 1250 746 1272 ex
762 1245 880 1273 monte

171 1291 316 1325 Amobe
338 1291 373 1324 iu
390 1292 578 1325 Germania
599 1296 694 1324 ortus
715 1291 880 1323 immenso

173 1351 340 1384 aquarum
363 1347 470 1375 auctu
490 1351 555 1385 per
573 1343 697 1375 multas
721 1343 880 1384 regiones

173 1391 344 1434 defertur,
378 1393 639 1435 appellaturque
674 1393 879 1425 Danubius:

175 1451 255 1475 cum
278 1442 420 1475 Istriam
447 1443 601 1484 attingit,
620 1443 713 1476 Ister
741 1444 882 1485 dicitur,

173 1493 357 1535 sexaginta
382 1493 539 1526 amnibus
566 1495 718 1536 receptis
748 1499 880 1536 septem

172 1543 271 1576 ostiis
297 1544 334 1576 in
355 1553 452 1576 mare
475 1544 644 1586 erumpit:
671 1549 709 1577 ut
724 1546 880 1586 Ephorus

176 1591 297 1635 tradit,
309 1593 461 1636 quinque
477 1596 622 1627 tantum.
644 1595 817 1628 Domitius.

219 1645 263 1675 94
298 1642 479 1684 Praeteren]
517 1643 582 1675 Est
609 1646 793 1686 praeterea,
827 1645 880 1676 iu-

172 1693 264 1736 quit,
293 1702 376 1726 cura
403 1692 606 1725 Abascantii
643 1694 809 1736 paudere,
844 1701 882 1726 et

172 1753 316 1777 monere
350 1743 600 1786 Imperatorem
638 1754 716 1777 cum
745 1745 883 1777 ordines

176 1795 344 1828 militares
359 1794 551 1837 distribuit,
575 1795 650 1837 quis
677 1796 723 1827 sit
739 1796 882 1828 idoneus

172 1843 346 1886 centurio,
365 1844 440 1887 quis
464 1844 608 1877 idoneus
627 1845 811 1886 praefectus
825 1856 882 1878 co-

173 1894 282 1928 bonis
296 1899 359 1927 aut
372 1894 529 1928 tribunus
540 1895 701 1934 militum,
711 1901 773 1929 aut
786 1897 882 1968 equi-

177 1949 252 1979 tum
264 1944 442 1987 magister.
464 1945 590 1978 Domie.

218 1999 262 2029 96
284 1996 431 2028 Pandere
457 1997 530 2037 quie
549 1997 687 2039 centum]
711 1997 804 2030 Nihil
831 1998 881 2030 in-

177 2046 292 2088 eptius
318 2046 581 2088 interpretibus,
617 2047 675 2089 qui
711 2049 883 2080 centurio-

177 2106 271 2138 nem,
300 2094 506 2138 prefectum
528 2097 692 2139 cohortis,
710 2099 884 2131 tribunum

176 2150 216 2193 et
241 2146 442 2188 magistrum
470 2146 627 2189 equitum
651 2147 802 2181 describi
823 2159 885 2190 pu-

178 2201 268 2231 tant.
301 2197 389 2231 Quis
400 2197 494 2230 euim
509 2198 747 2232 centurionem
769 2200 886 2242 ‘equi-

178 2247 269 2280 tem’
291 2247 393 2284 dixit,
420 2252 596 2290 utcunque
622 2259 728 2291 equos
758 2250 794 2283 in
825 2261 884 2293 ag-

175 2298 271 2332 nine
293 2298 473 2331 baberent.
516 2299 603 2334 Quis
619 2299 700 2332 dein
716 2302 885 2334 centurio-

180 2347 454 2382 nemductorem
477 2349 487 2367 ‘
501 2349 702 2391 centuplum
728 2352 886 2393 manipu-

175 2398 324 2432 lorum?
365 2399 511 2432 Interim
536 2409 614 2432 cum
644 2400 719 2442 ipse
748 2411 886 2444 quoque

176 2450 360 2492 haererem,
381 2450 538 2484 consului
549 2450 610 2489 τὴν
619 2450 795 2495 ὑπέρμεγαν
811 2453 886 2486 Sal-

179 2501 339 2543 muium,
352 2501 411 2544 qui
423 2511 478 2535 me
491 2511 662 2545 nunquam
677 2504 742 2536 nisi
759 2505 887 2547 aliquid

178 2549 323 2587 doctum
336 2563 358 2586 a
378 2563 416 2586 se
431 2553 571 2587 dimisit.
616 2553 652 2586 Is
673 2560 745 2588 tum
770 2557 887 2589 statim

171 2605 416 2647 ·respondebat
435 2605 518 2638 mibi
545 2605 590 2638 de
611 2606 764 2648 equitum
780 2606 887 2648 legio-

179 2657 354 2689 nariorum
380 2654 550 2698 praefecto
575 2658 733 2699 primum,
759 2657 803 2690 de
818 2659 888 2690 ala-

181 2706 309 2740 riorum
339 2706 495 2739 ultimum
525 2716 662 2740 versum
691 2708 888 2750 intelligen-

183 2756 264 2790 dum
289 2766 376 2789 esse.
420 2756 488 2789 Sed
510 2757 673 2791 manebat
687 2759 723 2790 in
748 2759 889 2791 vocibus

183 2805 381 2843 diffluxuras.
423 2809 572 2843 Postero
587 2809 644 2843 die
658 2820 736 2844 enm
752 2810 889 2844 adeum

927 431 1108 473 prehendi.
1144 430 1290 463 Scribe:
1313 429 1383 472 quis
1393 433 1517 462 centum
1530 432 1635 464 valeat

917 482 1052 521 frenare
1066 481 1215 522 muipla's
1230 480 1434 512 Intermissum
1448 491 1552 522 equos.
1569 482 1638 522 vel,

926 532 1148 566 Intermixt'toe.
1186 533 1328 565 Frenare
1339 537 1463 565 centum
1477 542 1570 575 equos
1583 539 1637 566 est

926 589 1066 618 centum
1083 583 1219 626 equites
1235 584 1375 616 ducere.
1413 585 1503 616 Vide
1514 586 1638 627 Veget.

926 634 985 667 lib.
1010 642 1053 667 ιι.
1079 643 1109 666 c.
1139 636 1168 666 1.
1190 638 1227 665 et
1251 636 1284 665 6.
1329 633 1432 665 Hanc
1454 635 1637 667 militarem

925 684 1132 726 dignitatem
1149 684 1309 724 designat
1319 684 1460 717 Statius.
1485 685 1551 722 Qui
1565 695 1636 717 cen-

925 738 994 767 tum
1014 744 1106 776 equos
1123 734 1279 772 frenabat
1301 734 1513 767 Intermixtus
1537 735 1639 767 neani-

923 785 1000 827 plis,
1022 785 1056 818 h.
1076 794 1108 817 e.
1131 786 1189 826 qui
1206 789 1344 817 centum
1360 785 1535 827 equitibus
1548 795 1637 827 prae·

927 840 1003 867 erat
1018 835 1052 866 in
1069 834 1213 867 cohorte
1234 834 1406 867 milliaria.
1451 835 1558 876 Eques
1584 839 1635 867 ta-

926 895 1006 917 men
1026 893 1163 916 manere
1181 889 1310 926 potest,
1327 890 1366 917 ut
1382 885 1426 917 sit
1441 884 1639 927 hypallage,

918 934 1032 974 frenat
1057 938 1181 967 centum
1201 945 1293 976 eques
1315 945 1378 976 pro
1402 936 1549 977 equites.
1590 936 1639 967 Ut

927 986 1018 1017 euim
1033 984 1221 1027 praefectus
1235 991 1344 1017 uteret
1355 995 1458 1026 equ0,
1472 986 1522 1017 ita
1534 986 1638 1017 etiam

926 1041 1060 1069 turmae.
1082 1036 1175 1069 Vide
1189 1038 1330 1068 Gronov.
1342 1037 1486 1069 Dium-ib.
1501 1047 1569 1078 cap.
1585 1040 1639 1069 47.

969 1091 1010 1120 97
1036 1088 1252 1123 Proestuntior
1281 1088 1371 1129 ordo]
1404 1089 1486 1120 Duo
1512 1098 1640 1129 genera

928 1138 1144 1171 tribunorum
1160 1138 1195 1169 in
1219 1138 1356 1178 legione
1369 1149 1379 1169 ε
1403 1138 1542 1180 quidam
1562 1139 1640 1171 lati·

927 1189 1043 1230 clavii,
1069 1189 1129 1220 alii
1152 1188 1405 1229 angusticlavii.
1449 1189 1507 1221 De
1534 1189 1641 1230 priori

928 1250 1057 1282 genere
1083 1240 1138 1272 hic
1163 1239 1309 1279 Statim,
1323 1244 1362 1270 et
1376 1239 1530 1280 lapidum
1548 1244 1641 1271 vete-

928 1301 1002 1322 rum
1016 1290 1274 1331 inscriptiones.
1298 1289 1354 1321 De
1367 1289 1549 1330 posteriori
1558 1290 1641 1321 Sue-

928 1342 1046 1374 tonius
1071 1342 1105 1372 in
1132 1340 1285 1380 Othone,
1308 1339 1368 1371 ubi
1391 1344 1494 1371 vocat
1515 1339 1641 1371 Sueto-

928 1392 1022 1423 nium
1040 1393 1168 1424 Lenem
1190 1389 1306 1422 tertioe
1335 1389 1479 1421 decimae
1496 1389 1641 1431 legionis

930 1442 1102 1474 tribunum
1142 1439 1439 1482 angusticlavium.
1491 1439 1643 1471 Turneb.

929 1493 1077 1526 Advers.
1105 1493 1167 1525 lib.
1195 1501 1222 1525 ι.
1247 1496 1285 1524 et
1312 1492 1411 1532 Lips.
1441 1491 1486 1523 de
1514 1491 1642 1523 Militia

930 1544 1026 1577 Dial.
1041 1544 1102 1576 lib.
1120 1552 1162 1576 ιι.
1177 1553 1256 1584 cap,
1269 1545 1302 1574 9.
1334 1542 1484 1574 (ἐπει-σιω.

971 1597 1034 1627 101
1061 1594 1137 1626 Non
1148 1594 1242 1635 plura
1257 1592 1441 1634 interprete]
1464 1592 1642 1625 Abascan-

931 1645 1031 1685 tium,
1047 1643 1091 1676 ob
1105 1652 1303 1675 numerosas
1330 1643 1384 1674 vel
1399 1643 1593 1675 innumeras
1609 1643 1644 1675 in

930 1704 1030 1727 sacra
1046 1693 1273 1735 Angustaque
1293 1692 1395 1725 domo
1421 1703 1537 1733 curas,
1562 1703 1646 1725 con·

931 1743 1002 1777 fert
1017 1744 1207 1782 Mercurio,
1228 1743 1286 1785 qui
1309 1743 1354 1775 ab
1381 1743 1536 1776 Homero
1552 1745 1643 1777 cele-

932 1795 1054 1828 bratur
1078 1794 1152 1827 Διὸς
1174 1793 1239 1826 υἱὸς
1264 1792 1435 1836 διάκτορος,
1462 1795 1560 1828 Jovis
1591 1795 1642 1827 in-

932 1848 1133 1881 ternnncius
1159 1846 1399 1887 interpresque
1423 1846 1592 1886 Deorum,
1607 1850 1645 1878 et

931 1899 1149 1942 χρυσόῤῥαπις,
1179 1897 1265 1938 ἔχων
1286 1896 1402 1938 ῥάβδον
1436 1897 1518 1936 μετὰ
1547 1897 1642 1939 χερσὶ

932 1951 1055 1992 Καλὴν,
1076 1947 1246 1991 χρυσείηνς
1269 1949 1280 1966 ⁴
1293 1948 1400 1989 Virga
1420 1948 1531 1980 levem
1548 1947 1645 1979 coe'r-

931 2011 1015 2036 cens
1031 2000 1148 2033 Aurea
1163 1998 1327 2032 turbam!
1349 1998 1478 2030 Mareu.

978 2055 1042 2084 105
1068 2052 1208 2092 Quaeque
1223 2053 1294 2082 tuas
1315 2049 1436 2090 laurus]
1461 2050 1551 2081 Nam
1567 2059 1644 2081 cum

933 2101 1154 2134 Domitianus
1169 2101 1211 2133 L.
1224 2099 1415 2132 Antonium
1431 2099 1558 2131 bellum
1573 2108 1644 2131 mo-

933 2158 1070 2187 ventem
1098 2154 1134 2186 in
1164 2153 1342 2194 superiore
1372 2152 1560 2184 Germania
1585 2162 1647 2193 op-

934 2204 1132 2246 pressisset,
1157 2204 1233 2245 ipso
1263 2213 1332 2246 quo
1361 2203 1561 2235 dimicatum
1591 2206 1649 2234 est

935 2255 992 2287 die
1009 2258 1158 2286 statuam
1174 2253 1404 2295 Imperatoris
1415 2254 1534 2285 Romae
1550 2253 1647 2294 aqui-

934 2304 969 2337 la
983 2304 1218 2346 circumplexa
1242 2304 1365 2346 pennis
1387 2304 1567 2345 clangores
1587 2303 1648 2335 loe-

936 2356 1085 2388 tissimos
1110 2355 1248 2388 edidit:
1282 2355 1453 2397 pauloque
1482 2358 1563 2395 post
1589 2364 1646 2386 ru-

937 2416 1033 2439 more
1063 2405 1212 2448 quodam
1249 2405 1338 2438 adeo
1368 2405 1543 2447 vulgatum
1578 2409 1647 2445 est,

938 2456 1127 2488 Antonium
1154 2456 1307 2488 occisum
1329 2464 1416 2496 esse,
1437 2460 1476 2486 ut
1493 2454 1647 2497 plerique

938 2511 1047 2548 caput
1073 2507 1149 2548 ejus
1176 2510 1399 2547 apportatum
1416 2514 1553 2547 quoque
1570 2514 1650 2537 cou-

939 2557 1137 2589 tenderent.
1180 2556 1270 2588 Haec
1307 2556 1420 2598 iuquit
1456 2555 1647 2597 Papinius:

940 2607 1060 2648 Fama,
1083 2617 1159 2650 quae
1175 2608 1265 2639 solet
1287 2616 1364 2638 esse
1387 2607 1514 2639 nuncia
1534 2614 1650 2638 rerum

939 2658 1145 2698 Domitiani,
1170 2667 1239 2689 non
1264 2657 1416 2689 velocius
1435 2657 1578 2690 nunciat
1594 2664 1649 2688 res

939 2719 1045 2741 novas
1069 2718 1114 2740 ex
1140 2713 1215 2741 toto
1238 2707 1323 2740 orbe
1346 2717 1449 2750 quam
1473 2707 1650 2740 Abascan-

941 2760 1023 2793 tius.
1061 2759 1186 2792 Domit.
1233 2758 1352 2800 Cursu]
1389 2759 1511 2791 Malim
1544 2768 1654 2800 curru,

941 2809 1031 2852 quod
1050 2809 1226 2851 vulgatum
1250 2813 1317 2842 est.
1363 2809 1419 2841 De
1443 2809 1568 2842 ‘curru
1585 2809 1649 2840 Fa-
