1878 3164
266 204 381 248 1920

266 312 396 342 metum
412 308 638 340 dissimulans.
661 307 760 341 Idem.

309 361 373 391 237
397 358 541 400 Tessera]
557 358 736 390 Bellorum
754 357 886 400 signum
902 361 969 390 est.

267 409 317 441 Ut
342 409 569 451 ‘hospitalem
598 408 785 441 tesseram'
813 408 969 441 dicimus.

266 459 413 491 Veteres
427 453 533 499 enim,
549 458 708 500 quoniam
725 467 792 490 non
806 461 971 499 poterant

267 518 384 541 omnes
407 509 560 550 hospites
589 517 667 541 suos
687 517 843 548 noscere,
864 511 971 540 tesse-

266 568 337 591 ram
353 559 420 591 illis
443 558 584 596 dabant,
600 568 702 601 qnam
717 558 766 590 illi
788 558 832 590 ad
856 557 970 598 hospi-

266 608 321 641 tia
345 609 473 642 reversi
517 608 747 641 ostendebant
784 607 972 649 praeposito

265 658 409 701 hospiti:
434 659 525 691 unde
540 659 782 701 intelligebant
807 659 971 699 hospites.

265 708 321 740 hic
345 713 458 741 tamen
492 710 631 751 proprie
659 709 670 727 ⁴
687 714 850 741 tesseram
873 707 882 723 ’
903 708 970 749 sig-

265 769 346 792 num
363 760 444 792 belli
456 761 582 802 posuit.
598 760 697 792 Idem.

307 814 373 844 288
390 812 505 853 Campo
520 813 574 853 qui
585 811 748 853 proximus
764 810 851 852 urbi]
869 811 968 843 Cam-

265 871 346 903 pum
369 862 518 899 subeunt
532 863 590 905 qui
611 866 711 904 patet
732 866 814 893 ante
836 861 970 903 urbem,

265 912 324 954 qui
340 916 394 944 est
415 911 457 944 ad
480 911 631 944 sistenda
656 911 750 943 bella
775 910 971 953 damnatus,

264 962 300 994 id
317 966 384 1003 est,
401 963 604 995 destinatus.
628 963 730 994 Idem.

306 1016 373 1046 240
395 1013 545 1045 Nondum
583 1012 682 1044 hostis
718 1011 842 1052 contra]
877 1010 969 1045 Quid

265 1073 351 1105 opus
365 1062 446 1103 fuit,
461 1073 538 1096 cum
548 1063 583 1095 in
597 1061 737 1103 scriptis
751 1065 861 1094 esset:
879 1061 971 1093 Non-

264 1114 338 1145 dum
361 1113 461 1145 hostis
488 1114 582 1145 circa.
641 1112 771 1144 Urbem
795 1110 969 1152 videlicet,

266 1163 376 1195 autin
392 1163 528 1196 vicinia.
552 1163 689 1194 Gronov.

307 1215 373 1245 243
399 1214 545 1245 Nondum
558 1221 700 1245 concessa
720 1211 837 1252 videri]
862 1209 969 1243 Pudi-

264 1272 382 1295 carum
409 1263 581 1304 virginum
604 1272 731 1294 morem
762 1261 968 1302 descripsit:

263 1312 344 1355 quia
364 1322 534 1355 nunquam
549 1313 696 1353 virgines
721 1311 824 1345 facile
851 1311 969 1344 viden-

264 1367 323 1395 tur
335 1373 355 1394 a
371 1364 511 1404 populo.
533 1364 678 1395 Lactant-

305 1415 371 1445 244
393 1413 566 1454 Antigone]
587 1413 706 1453 OEdipi
729 1412 813 1453 filia,
829 1412 969 1453 Polyni-

262 1462 312 1495 cis
348 1472 456 1495 soror.
508 1462 715 1503 Defenditur]
747 1462 969 1495 occultatur.

264 1515 364 1549 Idem.
621 1509 624 1511 ’

306 1567 371 1597 246
394 1564 578 1607 Armigero]
602 1565 671 1599 Qui
694 1565 768 1597 Laii
794 1568 875 1597 ante
900 1563 968 1597 fuit

263 1614 422 1656 armiger,
441 1624 482 1647 eo
498 1624 588 1647 nunc
613 1614 785 1656 Antigone
802 1615 968 1647 utebatur

263 1664 422 1697 custode.
440 1665 539 1696 Idem.

331 1717 395 1746 247
436 1713 569 1755 Spesne]
608 1714 710 1746 Hanc
746 1715 967 1746 oeeonomiam

262 1763 439 1796 transtulit
449 1764 552 1804 juxta
571 1763 759 1796 Homerum
781 1773 843 1805 per
859 1763 969 1806 inqui-

262 1813 421 1845 sitionem
448 1814 622 1855 catalogi:
658 1813 792 1846 inducit
820 1813 876 1845 hic
904 1823 968 1854 per

262 1861 494 1904 Antigonem;
520 1868 559 1895 ut
586 1863 654 1895 illic
682 1873 744 1904 per
774 1863 967 1905 inquisitio-

261 1921 341 1945 nem
357 1912 500 1954 Priami,
528 1917 566 1945 et
586 1913 787 1945 relationem
809 1913 967 1945 Helenae.

268 1962 368 1995 Idem.

303 2016 369 2045 248
392 2012 474 2044 Hoec
495 2013 627 2054 vexilla]
650 2012 729 2044 Hoc
743 2014 810 2053 est,
834 2012 967 2044 Theba-

262 2072 382 2095 norum
412 2063 558 2094 militum
595 2072 712 2094 manus
743 2062 870 2103 poterit
895 2067 965 2095 tam

260 2113 462 2145 immensum
487 2112 689 2154 Argivorum
713 2113 900 2145 exercitum
912 2123 966 2146 su-

260 2173 396 2205 perare,
428 2168 466 2196 et
504 2172 609 2205 parva
635 2163 822 2195 multitudo
847 2168 967 2196 contra

260 2215 408 2247 hostium
425 2215 542 2256 copias
553 2215 627 2246 haec
644 2213 776 2246 valebit
790 2223 799 2244 τ
824 2214 868 2246 de
885 2225 967 2247 aux-

258 2265 414 2297 iliaribus
439 2265 566 2307 quaerit
589 2264 762 2303 catervis3
786 2273 864 2295 nam
887 2274 965 2297 suos

260 2316 354 2348 cives
380 2315 546 2357 agnoscit.
589 2313 707 2355 Pater]
737 2314 815 2346 Non
832 2319 965 2355 patrem

260 2365 444 2407 genuinum
455 2365 618 2406 OEdipum
635 2364 735 2404 dicit,
749 2364 809 2395 sed
820 2369 858 2396 ut
870 2364 965 2396 blan-

259 2417 394 2449 diretur
404 2417 641 2458 nutritoribus,
655 2417 889 2450 Phorbantem
905 2427 965 2458 pa-

258 2471 348 2499 trem
366 2467 515 2499 vocavit.
539 2467 639 2499 Idem.

301 2519 366 2549 250
389 2517 580 2558 Menoeceus]
607 2517 675 2548 Hic
701 2527 737 2549 se
766 2527 828 2559 pro
851 2516 965 2558 patria

258 2575 302 2598 ex
320 2576 486 2608 responso
501 2567 545 2599 de
562 2576 658 2599 muro
674 2568 891 2609 praecipitem
907 2567 964 2599 de-

259 2616 325 2655 dit,
350 2615 438 2647 filius
463 2616 635 2657 Creontis,
656 2618 714 2659 qui
740 2622 818 2658 post
846 2616 963 2649 fratris

260 2665 435 2697 Etheoclis
461 2665 639 2698 interitum
662 2667 800 2708 accepit
827 2667 962 2708 imperi-

259 2724 329 2746 um.
352 2714 452 2747 Idem.

301 2768 364 2798 251
387 2765 500 2798 Aheno
511 2765 670 2808 Sphinge]
693 2766 850 2809 Casside,
865 2767 960 2810 cujus

732 213 874 247 NOTAE
907 213 1172 245 VARIORUM
1206 213 1259 244 IN

1019 307 1236 340 altitudinem
1274 308 1308 340 in
1349 307 1545 341 summitate
1582 301 1720 350 adiecta

1020 363 1163 391 auxerat
1192 359 1359 401 sphinge:
1391 358 1463 391 sive
1479 359 1578 400 signa
1589 358 1722 398 Theba-

1020 419 1138 441 norum
1160 410 1309 451 sphingas
1331 419 1407 442 esse
1430 410 1654 442 monstravitt
1681 412 1721 443 nt

1020 459 1110 492 enim
1126 460 1216 502 apud
1228 461 1397 493 Romanos
1411 461 1536 503 aquilae
1552 459 1721 493 habeban-

1020 513 1078 541 tur
1092 510 1196 551 signis
1211 511 1390 552 appositae,
1415 511 1464 544 sic
1482 511 1721 544 Thebanorum

1021 561 1180 602 sphingos
1192 563 1307 594 vultus
1320 562 1475 600 ornabat.
1498 563 1598 596 Idem.

1063 614 1130 643 252
1153 612 1368 654 Homoloidas]
1381 612 1594 645 Homoloidae
1609 615 1720 655 portae

1021 666 1102 694 sunt
1123 662 1295 694 Thebana»,
1311 662 1509 704 appellatae,
1529 669 1607 705 quat,
1622 666 1724 696 erant

1021 715 1165 752 septem.
1198 711 1300 744 Unde
1313 711 1608 745 Thebanacivitas
1610 711 1720 756 Hep-

1021 761 1158 802 tapylos
1169 760 1261 793 dicta
1271 765 1334 794 est.
1357 761 1459 794 Idem.

1063 812 1127 843 254
1152 809 1314 852 Tanagra]
1330 811 1459 844 Civitas
1473 810 1628 852 Euboeae,
1641 820 1719 855 quoe

1020 870 1111 893 nnnc
1130 861 1317 894 Penanoria
1331 866 1556 904 nuncupatur.
1578 861 1677 894 Idem.
1719 870 1722 875 ¹

1061 914 1125 944 255
1152 912 1276 954 Dryas]
1310 911 1379 945 Hie
1403 915 1458 944 est
1481 909 1582 954 quern
1608 910 1722 945 Diana

1019 961 1165 1002 sagittis,
1180 966 1324 1003 propter
1337 960 1561 995 interfectum
1577 960 1721 994 Parthe-

1020 1020 1188 1053 nopaeum,
1209 1012 1349 1045 occidit.
1380 1013 1481 1045 Idem.
1523 1011 1721 1054 Mentem]

1020 1061 1133 1094 Causa
1148 1072 1211 1095 cur
1226 1062 1411 1096 tridentem
1423 1063 1458 1095 in
1473 1063 1594 1106 clypeo
1608 1072 1721 1106 gesse-

1019 1112 1067 1144 rit
1089 1112 1219 1154 Dryas,
1243 1117 1319 1145 erat
1341 1112 1432 1156 quod
1455 1112 1593 1146 Orionls
1613 1121 1720 1154 genus

1013 1161 1174 1203 jactabat
1187 1172 1197 1201 3
1219 1163 1308 1204 quod
1322 1162 1416 1195 sidus
1431 1162 1538 1195 fundo
1550 1163 1639 1195 solet
1653 1167 1723 1205 map‘

1019 1213 1070 1245 ria
1096 1213 1262 1251 excitare,
1290 1223 1359 1247 non
1384 1213 1620 1255 aliter,·quam
1642 1222 1720 1245 cnm

1017 1264 1181 1297 Tridente
1197 1274 1257 1296 suo
1277 1265 1474 1306 Neptunus.
1498 1262 1548 1296 sii!
1570 1269 1721 1304 tempes-

1019 1318 1126 1346 tatem
1138 1313 1252 1355 infert,
1263 1314 1353 1355 apud
1361 1313 1556 1356 Virgilium.
1577 1314 1614 1347 V.
1624 1313 1722 1346 Scho-

1018 1365 1103 1397 liast.
1132 1365 1263 1397 Versus
1278 1365 1416 1406 Virgilii
1440 1369 1521 1397 sunt
1541 1364 1675 1399 AE'neid.
1692 1373 1719 1397 ι.

1019 1416 1029 1434 ‘
1047 1415 1132 1447 Cum
1153 1415 1264 1447 subito
1288 1424 1466 1457 assurgens
1488 1413 1609 1455 fluctu,
1633 1415 1720 1447 nim-

1018 1464 1119 1497 bosus
1135 1465 1242 1498 Orion
1257 1464 1300 1497 In
1321 1464 1407 1496 vada
1433 1473 1530 1496 coeea
1553 1463 1647 1504 tulit,
1660 1473 1720 1505 pe·

1018 1515 1177 1557 nixusque
1203 1515 1405 1557 procacibus
1423 1515 1558 1547 Austris
1580 1514 1720 1556 Perque

1018 1565 1139 1606 undas,
1161 1571 1346 1607 superante
1368 1566 1452 1606 salo,
1476 1574 1606 1607 perque
1629 1564 1721 1597 invia

1019 1625 1103 1648 saxa
1117 1615 1292 1657 Dispulit!
1323 1616 1473 1648 Classem
1486 1625 1621 1656 nempe.
1650 1609 1703 1648 Po

1018 1669 1088 1698 test
1113 1670 1151 1697 nt
1178 1675 1259 1697 vera
1287 1665 1334 1697 sit
1360 1665 1436 1697 haec
1458 1665 1720 1706 interpretat303

1017 1719 1135 1756 potest
1157 1716 1262 1747 etiam
1278 1720 1315 1747 nt
1331 1714 1458 1747 tridens
1475 1709 1598 1747 Orioni
1615 1715 1719 1747 aseri-

1017 1765 1119 1797 batur
1144 1770 1285 1807 propter
1310 1770 1381 1797 tres
1401 1765 1528 1804 stellas,
1544 1773 1623 1807 quse
1648 1774 1719 1797 ma-

1015 1824 1095 1847 num
1110 1816 1182 1857 ejus
1199 1815 1436 1857 praecedentes
1457 1815 1538 1848 alibi
1560 1825 1624 1858 pro
1646 1815 1718 1858 gla-

1016 1865 1072 1897 dio
1087 1875 1107 1897 a
1122 1865 1241 1898 Poetis
1257 1866 1435 1898 habentur.
1457 1866 1576 1899 Barth.

1058 1918 1123 1948 256
1148 1916 1278 1948 Orionis
1302 1915 1377 1958 ulti]
1412 1915 1524 1958 Hujus
1552 1915 1636 1949 talis
1663 1919 1718 1949 est

1015 1965 1154 1998 fabula:
1189 1966 1359 2007 Pelasgus
1394 1965 1532 2008 quidam
1561 1965 1717 1998 Deorum

1015 2017 1127 2048 cultor
1150 2016 1286 2056 Jovem,
1313 2017 1526 2057 Neptunum,
1549 2015 1716 2048 Mercuri-

1015 2070 1140 2110 umque
1166 2067 1320 2109 suscepit
1348 2067 1510 2108 hospitio,
1539 2076 1560 2098 a
1592 2066 1715 2108 quibus

1014 2116 1094 2149 huic
1114 2121 1168 2149 est
1186 2116 1334 2149 facultas
1356 2115 1489 2156 oblata,
1504 2120 1556 2155 ut,
1578 2116 1658 2158 qnia
1680 2116 1737 2147 in·

1016 2167 1109 2199 Deos
1123 2167 1301 2208 religiosus
1312 2166 1490 2207 extiterat,
1501 2165 1544 2198 ab
1558 2167 1609 2198 his
1624 2165 1719 2209 qnod

1014 2218 1122 2249 vellet
1138 2222 1285 2258 optaret.
1328 2216 1364 2249 Is
1388 2226 1465 2249 cum
1478 2216 1588 2249 adhuc
1604 2216 1717 2248 aetatis‘

1014 2266 1121 2298 filium
1136 2267 1266 2299 nullum
1289 2267 1507 2308 suscepisset,
1530 2266 1716 2307 postulavit

1014 2322 1055 2349 ut
1071 2317 1237 2349 beneficio
1249 2316 1420 2348 numinum
1431 2316 1545 2358 proles
1558 2315 1623 2348 sibi
1634 2326 1714 2349 con-

1015 2366 1188 2408 tingeret:
1210 2366 1405 2398 minxerunt
1431 2374 1512 2406 ergo
1528 2365 1665 2397 numina
1681 2367 1714 2397 in

1014 2416 1109 2448 bovis
1122 2416 1265 2455 corium,
1277 2425 1377 2457 quem
1394 2415 1562 2457 Pelasgus
1577 2415 1643 2447 diis
1653 2415 1715 2447 im-

1013 2465 1212 2506 molaverat,
1223 2469 1260 2496 et
1271 2465 1334 2496 hoc
1350 2463 1515 2497 defodere
1525 2465 1716 2506 jusserunt,

1013 2515 1211 2556 exactisque
1227 2523 1347 2546 novem
1363 2514 1535 2546 mensibus
1550 2512 1624 2547 tolli
1638 2526 1647 2547 :
1670 2525 1715 2548 ex

1013 2576 1081 2608 quo
1093 2572 1192 2598 natus
1209 2565 1394 2607 estssrion,
1410 2566 1468 2607 qui
1483 2576 1527 2603 ex
1542 2567 1640 2598 urina
1655 2576 1714 2600 no-

1012 2626 1090 2648 men
1103 2616 1261 2657 accepit:
1284 2614 1374 2657 οὖρον
1382 2616 1472 2648 enim
1484 2616 1609 2649 Graece
1620 2617 1716 2650 urina

1011 2666 1149 2699 dicitur.
1194 2665 1263 2698 Hic
1285 2666 1328 2698 de
1353 2670 1472 2707 stupro
1494 2667 1716 2708 compellavit

1012 2717 1170 2758 Dianam,
1195 2716 1256 2748 illa
1281 2717 1370 2749 irata
1399 2717 1514 2750 Terrae
1543 2718 1715 2750 invocavit

1011 2766 1194 2799 auxilium:
1218 2770 1255 2800 at
1269 2767 1326 2800 ille
1338 2766 1411 2801 ictu
1427 2768 1554 2811 scorpii
1570 2766 1713 2810 interiit,
