1878 3164
465 228 509 258 P.
545 223 735 257 PAP1N11
770 220 940 254 STA'ru
971 219 1123 250 THEB.
1157 219 1253 249 [AB.
1277 218 1353 249 ΙΙΙ.

177 338 183 352 ⁹
219 325 285 357 us
308 319 463 362 meon]
491 320 591 352 Bene
625 317 766 358 meritos,
804 319 884 358 post

175 373 343 415 tabum,
363 382 393 405 s.
415 369 595 412 fatigatos.
617 367 768 410 sagula]
792 365 883 408 Equi

174 425 270 459 soli·
291 423 456 457 ‹tte-mm
485 420 645 454 Xanthus
670 423 708 451 et
734 417 882 451 AEthon:

173 483 322 518 quor-,m
342 470 481 507 nonina
506 470 605 513 ponit
624 469 777 502 Martini.
792 467 882 500 libro

173 530 311 567 m.
337 521 460 556 werin.
473 531 556 554 vero
567 520 718 553 omnium
735 523 882 561 quatuor

173 575 340 620 equinum
350 572 441 606 Solis
453 571 590 604 nomina
601 569 796 602 evidentius
806 576 882 600 ver·

172 619 355 665 silius‘suis
362 620 626 661 demonstravit,
638 620 757 652 dicens
772 630 782 651 ε
804 619 813 636 ⁶
826 618 881 650 In·

171 673 450 718 tere-‘svolncres
474 671 622 715 Pyrous,
637 671 742 711 Eous,
764 673 802 701 et
825 669 882 701 AE-

170 719 269 766 tin,
282 723 373 756 Solis
388 723 484 766 equi,
498 726 710 765 quartusque
727 721 881 761 Phlegon

169 773 360 814 hinnitibus
367 783 475 806 *ιω-ιο
487 771 715 805 Flammiferis
724 771 880 813 implent,

171 824 390 869 pedibusque
405 824 572 867 repagula
589 821 762 865 poscunt!
777 822 880 854 Idem.

175 895 178 898 Δ
212 879 286 910 us.
301 875 468 918 muneque
478 873 642 915 ferarum]
662 873 772 913 Scite,
786 871 880 915 quod

170 925 262 960 onim
277 926 312 960 in
326 925 463 970 bomine
477 926 488 944 ‘
499 923 617 966 cnrae‚'
629 927 734 956 motus
749 927 829 956 sunt
845 924 878 955 in

171 976 296 1011 brutis.
332 976 374 1009 ln
389 975 485 1010 libris
506 975 639 1018 optimo
652 973 800 1016 aliisque
813 973 880 1006 alia

171 1037 240 1063 vox
254 1023 323 1069 estss
335 1031 375 1061 ut
389 1034 530 1060 censeas
541 1035 586 1058 ex
599 1024 707 1066 magis
723 1024 878 1066 peregri-

169 1079 217 1111 na
237 1077 344 1111 fuisse
371 1076 591 1118 deturpatam
616 1076 774 1117 mumque
786 1075 876 1114 sera-

168 1136 251 1162 Μ.
295 1128 394 1161 Nihil
407 1134 599 1160 mutamus:
624 1125 664 1158 τὸ
682 1130 783 1158 motus
805 1126 877 1169 qui-

169 1179 250 1214 dem
279 1184 318 1214 et
343 1179 545 1212 Beliottiani
569 1178 649 1210 libri
677 1178 875 1210 sollicitant.

168 1230 302 1268 lterum
317 1229 395 1264 dico
409 1230 492 1262 nihil
508 1228 719 1262 mutandum.
734 1229 854 1261 Bur-tle.

211 1284 278 1315 419
299 1280 461 1323 Imagine]
483 1280 672 1322 Occupaut
687 1289 764 1311 eum
780 1279 877 1311 labo·

169 1335 227 1366 ros
238 1333 380 1376 egregii.
417 1332 469 1364 'ln
485 1331 612 1364 somnis
627 1331 719 1363 euim
734 1330 877 1363 videbat

169 1393 213 1418 ca
225 1384 304 1428 qua
319 1388 486 1426 gesserat.
502 1383 653 1416 unane.

211 1437 278 1468 m
312 1434 516 1476 naman]
554 1433 715 1466 Civitatis
752 1442 875 1465 nomen

169 1489 225 1518 est
246 1485 281 1517 iu
305 1484 426 1527 Lycia,
439 1483 595 1526 Apollini
619 1492 739 1515 sacra:
764 1492 829 1515 nec
857 1492 877 1515 a

170 1535 297 1568 sororis
311 1534 388 1576 ejus
403 1534 570 1576 religione
584 1533 790 1566 dissentiens
804 1543 814 1573 ;
837 1538 877 1566 ut

169 1585 245 1628 ipse
266 1585 360 1633 alibi,
375 1586 527 1618 ‘lassata
546 1583 770 1618 Theramnis.’
792 1585 876 1617 Lac—

170 1639 253 1670 &tnt-

210 1689 276 1723 42⁸
297 1687 471 1720 Amorum
494 1686 618 1719 tonitru
635 1686 736 1728 serit]
760 1686 874 1718 Desu-

168 1747 234 1781 per
259 1737 353 1779 ferit,
374 1744 414 1771 et
435 1737 606 1780 quomodo
629 1735 724 1777 ferit,
740 1741 780 1768 ut
806 1746 875 1768 non

168 1788 283 1822 omnia
307 1788 594 1831 pessumdederit.
638 1788 764 1820 Fateor
789 1797 876 1819 nun-

169 1850 272 1885 quam
285 1841 371 1873 satis
387 1840 470 1873 mihi
493 1839 634 1883 probari
655 1840 745 1872 hanc
767 1840 876 1881 scrip-

97 1886 108 1895 ‘
169 1898 283 1926 turam
297 1891 464 1934 potuisse.
506 1890 555 1923 At
570 1890 700 1932 optime
709 1891 825 1932 placet
842 1894 878 1922 et

169 1952 255 1977 vero
270 1953 352 1976 vera
367 1947 423 1976 est
437 1941 592 1984 Papinii,
605 1951 681 1984 quae
698 1942 732 1974 in
745 1942 877 1983 optimo

168 1993 272 2035 libro,
300 1993 470 2026 Annorum
498 1993 620 2025 tonitru
635 1993 764 2032 fremit.
797 2002 876 2025 cum

168 2050 265 2083 nota.
280 2045 366 2078 allos
380 2045 498 2086 legere
509 2044 611 2083 furit.
653 2044 723 2076 Sed
739 2044 821 2077 illud
838 2049 877 2077 ut

170 2093 247 2129 dixi'
257 2095 363 2130 Statii
373 2100 440 2129 est.
455 2095 573 2128 Barth.

177 2172 179 2174 v
213 2149 278 2180 ⁴8⁰
301 2147 403 2179 Facta
422 2145 543 2186 infectu
565 2147 665 2189 loqui]
686 2146 875 2188 Virgilius:

170 2201 180 2220 ⁴
191 2197 275 2230 'l'am
285 2195 359 2229 ficti
372 2196 537 2238 pravique
545 2201 664 2238 tenax,
677 2206 779 2239 quam
793 2207 878 2229 nnn-

169 2249 224 2282 eis
234 2247 334 2281 veri.'
378 2247 509 2280 Omnes
525 2257 609 2290 ergo
621 2253 772 2281 terrores
784 2249 877 2282 circa

170 2299 296 2332 Martis
307 2308 444 2331 currum
454 2297 560 2333 fuisse
571 2299 676 2341 poeta
687 2299 872 2332 describit:

170 2355 210 2383 ut
219 2350 403 2393 Virgilius:
418 2350 428 2368 ‘
439 2349 578 2391 Imque
590 2349 793 2393 insidiaeque
808 2350 874 2383 Dei

168 2399 348 2434 comitatus
363 2400 536 2442 aguntur)
547 2400 696 2433 Luctum.

119 2475 124 2480 -
211 2454 277 2485 434
315 2451 429 2492 Injieit
459 2450 588 2492 AEgoeo]
622 2451 719 2492 AEgei
747 2450 877 2493 fabula,

169 2503 280 2545 patris
301 2502 439 2543 Thesei,
459 2505 496 2534 et
522 2501 613 2544 apud
640 2502 763 2544 Virgil.
787 2503 875 2535 bene

167 2553 346 2595 comperta
358 2556 423 2585 est.
446 2553 501 2585 Ex
515 2552 614 2594 cnjus
627 2553 875 2596 nornine,quod

170 2613 207 2637 se
219 2609 363 2646 propter
372 2604 542 2646 Theseum
556 2603 590 2635 in
606 2613 699 2636 mare
715 2604 876 2646 praecipi-

169 2658 318 2695 taverat,
339 2654 372 2686 id
397 2655 541 2696 pelagus
562 2654 718 2696 AEgaeum
740 2654 787 2687 sit
814 2664 876 2697 ap-

169 2704 346 2746 peu-tam.
361 2704 462 2737 lde-1.

213 2757 279 2790 488
301 2756 371 2789 Tua
392 2756 529 2799 Myon-e
559 2756 727 2798 Gyaroque
755 2757 878 2799 recelli]

168 2806 226 2840 Sic
241 2805 382 2850 quidem
395 2811 432 2840 et
446 2806 541 2849 apud
550 2807 732 2849 Virgilium
748 2807 877 2843 edunt:

1531 207 1644 250 1831

929 314 940 333 ‘
958 314 1114 357 Mycone
1139 313 1442 359 celsa-Gyaroque
1474 311 1645 344 revinxit!

929 365 1000 398 Sed
1015 365 1072 397 hic
1095 364 1183 397 Mss.
1209 363 1344 405 Mycono
1357 372 1368 394 .·
1389 366 1445 394 est
1467 362 1557 394 enim
1576 361 1642 393 Μύ-

930 427 1023 448 κονυς
1038 415 1186 452 Gumis,
1200 418 1306 456 atque
1322 413 1403 446 inde
1421 412 1642 454 proverbium

929 465 1020 498 πάνθ’
1036 465 1097 497 ὑπὸ
1107 465 1181 506 μίαν
1194 464 1352 497 Μύκονον.
1397 465 1488 505 Nec,
1504 464 1641 506 opinor,

929 519 1034 550 aliter
1049 518 1187 558 scripsit
1202 515 1382 557 Virgilius.
1400 515 1541 547 Gronov.

972 570 1038 600 4³9
1061 567 1240 608 Magniqw
1247 566 1349 608 fidem
1363 565 1495 597 testaris
1508 565 1643 606 alumni]

932 617 1001 651 Hic
1017 618 1106 650 enim
1125 616 1290 659 praestitit
1306 621 1343 647 ut
1355 620 1476 648 ventos
1488 616 1546 648 illa
1562 626 1642 648 con-

931 674 1118 708 temneret,
1133 673 1170 700 et
1196 676 1337 699 munere
1363 666 1480 699 auxilii
1501 670 1538 698 et
1560 665 1642 699 fidei

930 718 1046 751 officio
1077 722 1172 751 esset
1201 717 1333 749 stabilis
1348 727 1357 748 ε
1382 716 1483 758 cujus
1511 715 1642 749 fabulae

929 770 1027 802 notio
1049 768 1141 811 apud
1164 767 1348 809 Virgilium
1373 765 1555 799 manifesta
1577 772 1644 799 est.

929 820 1082 852 Lactant-

973 873 1032 904 441
1061 869 1212 902 Perseius
1227 867 1332 909 heros]
1355 868 1433 900 Mos
1447 868 1569 900 Poetae
1581 868 1642 900 liu-

922 922 981 964 Jus
1005 925 1060 953 est
1084 919 1287 962 frequenter
1312 919 1452 951 easdem
1480 928 1644 960 personas

929 972 1078 1004 nondum
1095 970 1244 1012 cognitis
1267 969 1535 1010 praenominibus
1550 969 1645 1000 inno-

931 1031 1024 1061 vare,
1051 1027 1090 1054 ut
1120 1030 1210 1053 nunc
1239 1019 1430 1052 Adrastum
1460 1018 1641 1061 significat.

929 1072 1078 1105 Perseus
1094 1072 1184 1103 enim
1202 1070 1303 1112 Argis
1325 1071 1493 1112 regnavit,
1507 1075 1548 1103 ut
1567 1070 1643 1112 ipse

930 1123 1011 1155 alibi
1027 1135 1035 1154 z
1060 1124 1070 1141 ‘
1088 1123 1236 1155 Perseos
1252 1123 1341 1154 alter
1356 1122 1390 1154 in
1408 1121 1523 1164 Argos
1546 1122 1641 1154 Scin-

928 1173 1046 1208 ditur!
1064 1174 1164 1206 Idem.
1440 1165 1450 1174 ⁶

970 1228 1034 1258 443
1061 1224 1254 1265 Gener-isque
1289 1222 1483 1256 tumentibus
1517 1223 1642 1264 amens]

928 1277 1033 1310 Liber
1057 1276 1234 1318 optimus:
1259 1273 1380 1313 uniens.
1405 1272 1459 1305 An
1484 1272 1552 1304 suit
1582 1283 1639 1305 an-

923 1328 1028 1370 gens?
1049 1333 1086 1361 et
1101 1327 1191 1360 dixit
1203 1326 1387 1360 intellecto
1400 1326 1447 1366 τῷ
1461 1325 1470 1343 ‘
1485 1323 1548 1365 se,'
1561 1334 1639 1356 cum

927 1385 964 1412 et
981 1381 991 1399 ‘
1008 1388 1114 1420 angor
1130 1376 1255 1410 auimi'
1272 1375 1449 1408 dicamus?
1472 1375 1640 1417 Sequenti

927 1440 1028 1462 versu
1055 1429 1235 1461 meliores:
1259 1428 1350 1459 daret
1375 1426 1474 1458 armis
1489 1426 1569 1466 ,iura
1584 1426 1641 1465 fe-

925 1490 1039 1522 rosque
1053 1479 1209 1512 Gentibus
1222 1478 1375 1510 incuteret
1383 1477 1526 1510 stimulos
1538 1487 1549 1509 .-
1571 1486 1638 1510 non

927 1532 1091 1573 novosque.
1116 1529 1324 1562 Gronovius.

968 1586 1034 1616 452
1054 1582 1250 1623 Amphiarai?
1271 1580 1382 1622 datur]
1403 1580 1503 1613 Unus
1525 1590 1545 1612 e
1560 1591 1638 1623 sep-

926 1639 998 1668 tem
1014 1634 1156 1666 ducibus
1168 1633 1269 1675 liujus
1285 1632 1381 1672 belli,
1396 1631 1512 1664 Oiclei
1524 1631 1635 1672 filium

926 1695 1028 1729 quem
1046 1684 1189 1718 tradunt
1205 1683 1326 1716 rudem
1343 1684 1446 1725 plane
1462 1693 1504 1715 ac
1520 1683 1639 1716 indoc-

926 1744 1099 1780 tum‚cum
1115 1738 1151 1770 in
1166 1737 1268 1769 domo
1281 1734 1440 1776 fatidica,
1454 1744 1532 1777 quae
1544 1735 1637 1777 apud

927 1789 1085 1822 Phliasos
1101 1792 1169 1828 est,
1187 1797 1288 1819 unam
1310 1790 1448 1819 noctem
1469 1785 1639 1818 obdormi-

925 1840 1045 1879 visset,
1059 1838 1176 1871 statim
1193 1837 1352 1870 divinare
1363 1837 1520 1878 coepisse.
1547 1837 1636 1869 Con-

924 1892 998 1923 sule
1013 1890 1220 1922 Pausaniam
1237 1887 1478 1921 Corinthiacis.
1509 1888 1612 1920 Bern-

967 1943 1031 1974 453
1056 1941 1121 1973 Sed
1141 1943 1244 1972 mente
1258 1937 1382 1979 virm]
1417 1938 1486 1970 Hic
1509 1938 1635 1971 Proeti-

927 1992 990 2025 das
1016 1991 1228 2024 insanientes
1245 1990 1379 2022 accitus
1402 1999 1423 2021 a
1445 1990 1566 2022 Proeto
1582 1999 1636 2022 se-

928 2054 996 2077 nex
1012 2043 1187 2086 purgavit.
1232 2043 1372 2074 Proetus
1392 2040 1500 2082 igitur
1520 2039 1635 2072 Aban-

928 2096 971 2127 tis
996 2094 1102 2133 filins,
1125 2103 1188 2125 rex
1211 2092 1434 2134 Argivorum,
1459 2091 1636 2123 inimicam

926 2145 1104 2179 felicitatis
1121 2154 1191 2176 suae
1209 2144 1329 2175 habuit
1340 2143 1497 2185 conjugis
1509 2141 1637 2175 foecun-

927 2197 1082 2230 dilatem.
1126 2197 1211 2227 Tres
1226 2195 1316 2227 enim
1334 2194 1470 2226 sustulit
1485 2193 1586 2233 filias,
1602 2199 1637 2224 et
1653 2206 1655 2208 ·

927 2249 972 2281 ad
988 2253 1123 2290 tempus
1141 2246 1339 2288 nuptiarum
1357 2254 1462 2286 usque
1486 2243 1637 2284 perdux-

912 2302 972 2335 ¹it:
1000 2300 1060 2332 sed
1085 2298 1303 2331 incontinens
1327 2297 1495 2337 virginum
1519 2295 1637 2337 lingua

928 2350 1142 2383 infelicitatis
1160 2348 1270 2381 edidit
1286 2356 1432 2380 causas:
1465 2346 1516 2378 11ae
1544 2347 1636 2378 enim

926 2402 1087 2435 feruntur
1110 2400 1312 2433 solemniter
1338 2398 1502 2439 templum
1527 2398 1636 2431 Juno-

925 2453 980 2485 nis
1005 2453 1165 2490 intrasse,
1187 2455 1222 2482 et
1253 2460 1290 2482 se
1317 2449 1512 2491 praetulisse
1537 2449 1636 2481 Deae.

925 2505 991 2537 His
1018 2503 1120 2535 rebus
1143 2500 1274 2534 offensa
1298 2501 1391 2534 Juno
1412 2499 1447 2530 in
1466 2499 1635 2540 juvencas

926 2555 1031 2587 vertit
1047 2552 1192 2596 puellas,
1206 2556 1242 2583 et
1268 2549 1497 2592 cupiditatem
1514 2549 1637 2590 injecit

926 2606 1040 2647 sylvas
1057 2602 1215 2645 petendi,
1227 2601 1414 2634 credentes
1431 2609 1467 2632 se
1489 2599 1633 2632 fonnem

925 2655 1103 2688 induxisse
1120 2661 1315 2685 vaccarum.
1353 2650 1454 2684 Quod
1468 2660 1509 2682 eo
1527 2660 1634 2693 usque

927 2715 1038 2749 passas
1054 2709 1148 2744 sunt,
1162 2703 1273 2736 donec
1288 2702 1430 2734 Proetus
1444 2701 1541 2744 regni
1557 2711 1636 2743 par-

927 2757 1055 2799 tem,si
1081 2756 1156 2799 quis
1170 2764 1228 2787 eas
1245 2754 1280 2786 in
1304 2753 1484 2795 pristinum
1506 2757 1635 2785 statum

931 2807 1061 2842 mentis
1076 2805 1296 2848 restituisset,
1311 2804 1492 2846 proposuit
1505 2803 1637 2837 habitu-
