1878 3164
513 221 554 252 Ρ.
587 221 779 253 PAPan
812 221 978 254 STA'ru
1011 222 1158 255 THEB.
1191 222 1287 253 [ΑΒ.
1310 223 1378 255 VI.

212 315 284 350 ilia.
307 316 408 350 Idem.

257 368 324 400 892
345 366 523 413 Inprobus]
557 367 722 410 Magnus,
743 368 823 409 quia
840 377 918 399 cum

215 422 310 450 esset
329 423 436 460 parva
458 421 594 462 statura
616 418 730 459 magni
756 417 918 459 ponderis

211 466 284 500 alte
297 467 486 500 sustulerat
506 467 640 507 virum3
664 469 737 499 sive
765 467 854 509 quod
881 477 919 501 se

210 517 374 565 majorem
388 511 534 550 nexibus
548 512 770 560 implicasset.
795 519 895 552 Idem.

253 569 320 601 8⁰⁴
342 568 547 608 rav-ignum
559 570 686 602 sudasse
699 569 819 611 moyn]
845 569 917 601 An-

210 614 330 652 theum
358 618 460 660 dicit,
488 629 590 662 quem
620 620 793 652 Hercules
822 619 914 662 apud

207 664 410 703 Stimentnm
438 668 570 703 Africae
588 670 765 703 civitatem
792 670 916 712 palaes-

208 720 501 754 tricoeertamtne
515 721 706 762 superavit,
722 728 822 763 quem
838 729 915 753 cum

208 770 369 813 nequiret
391 769 536 813 elidere,
551 769 701 803 medium
725 770 916 812 corripiens

165 833 167 835 ·
208 822 425 856 brachiorum
455 831 594 855 suornm
615 832 706 854 nexu
733 820 917 863 confregit,

209 873 288 917 quia
303 879 406 907 terrm
420 871 590 906 beneficio
614 872 740 905 fortior
758 872 915 905 cadendo

205 923 383 966 surgebat.
405 924 506 957 Idem.

249 977 313 1008 9⁰5
338 974 483 1007 Palmam
492 977 598 1007 autem
608 973 738 1016 dextra]
759 973 913 1006 Illustra-

206 1024 261 1059 vit
284 1025 360 1059 boec
382 1024 602 1058 doctissimus
625 1024 751 1066 Faber,
767 1023 913 1066 Agnost.

207 1074 270 1108 lib.
285 1083 327 1109 ιι.
350 1084 431 1117 cap.
455 1077 511 1107 13.
536 1082 575 1108 et
599 1073 661 1107 lib.
677 1083 737 1107 ιιι.
762 1083 841 1116 cap.
857 1077 912 1106 20.

207 1125 312 1169 Cujus
327 1126 419 1159 notis
441 1125 508 1158 etsi
523 1124 658 1158 infinita
670 1124 750 1158 addi
767 1124 912 1166 possint,

205 1186 269 1210 uos
285 1181 400 1210 tamen
417 1175 587 1209 accudere
613 1175 695 1207 nihil
716 1184 808 1207 nunc
823 1184 911 1217 prae-

205 1227 362 1261 stabilius
377 1231 446 1261 est.
486 1225 807 1259 Animadvertenda
829 1235 911 1258 con-

203 1278 358 1312 siderata
371 1277 525 1311 auctoris
545 1276 699 1320 scriptio,
712 1277 861 1318 palmam,
875 1275 911 1307 id

205 1334 261 1363 est
275 1322 439 1373 §iot-iam:
462 1329 555 1369 dono,
567 1328 603 1360 id
623 1331 690 1370 est,
703 1327 912 1360 emolumen-

206 1383 244 1415 to
258 1379 490 1423 preferentis.
511 1379 631 1412 Barth.

247 1434 314 1465 9⁰⁶
347 1431 440 1469 Quod
466 1430 496 1463 si
519 1440 581 1463 non
609 1429 775 1470 sanguinis
802 1427 911 1470 huJus]

203 1481 242 1515 Si
265 1491 335 1514 uon
360 1481 546 1514 exhaustus
571 1479 698 1514 fuisset
722 1478 851 1511 viribus
876 1479 912 1511 in

202 1532 366 1566 Thebano
381 1541 515 1575 campo,
530 1531 566 1564 in
581 1540 649 1574 quo
663 1530 912 1573 quinquaginta

204 1585 408 1628 insidiantes
423 1594 492 1618 uno
516 1583 640 1617 relicto
656 1581 840 1624 superstite
857 1590 911 1613 oc-

205 1637 304 1671 cidit.
327 1636 478 1670 Lecton.

245 1690 312 1721 908
337 1685 525 1728 ΤΙιεὸανυηι]
562 1682 743 1725 Exegesis.
763 1680 856 1724 quod
882 1681 910 1714 si

203 1737 257 1772 hae
272 1738 384 1781 plagae
397 1736 560 1770 Thebana
573 1733 718 1767 foedera.
741 1733 842 1765 Idem.

246 1791 313 1822 909
329 1787 410 1822 Hoee
421 1786 532 1829 simul]
545 1783 824 1819 Subaudiendum
840 1793 909 1816 cum

202 1839 331 1874 diceret.
376 1839 517 1872 Proemia
545 1837 672 1870 landum
699 1835 769 1868 Dat
797 1835 908 1877 sociis]

203 1889 524 1932 Virtutisinsignia.
549 1884 649 1920 Iaem'.

244 1942 311 1974 91⁰
334 1940 509 1981 Neglectae
522 1937 653 1979 thorax]
685 1937 808 1970 Vetus.
831 1936 909 1969 Lac·

203 1995 285 2025 tant.
330 1991 374 2024 In
389 1991 522 2033 optimo
536 1989 627 2022 libro
643 1993 718 2021 est:
743 1988 753 2005 ‘
768 1987 907 2028 Rubigi-

200 2037 303 2076 nonus
319 2046 357 2076 et
373 2041 449 2075 vilis
465 2045 502 2074 et
517 2038 642 2073 vetus!
668 2038 768 2072 Vetus
781 2038 886 2071 schol.

245 2096 311 2127 912
333 2093 488 2127 Iustu-acti
501 2091 615 2133 amuis]
640 2090 748 2123 Modo
763 2091 908 2132 sagitta-

203 2144 332 2176 riorum
346 2143 422 2176 vult
442 2147 632 2174 monstrare
651 2141 854 2183 certamina,
872 2141 908 2173 id

203 2197 270 2235 est,
278 2193 411 2236 jactum
425 2192 593 2225 velocium
607 2191 828 2233 sagittarum:
845 2191 908 2223 sed

195 2244 413 2286 jaculatores
444 2252 511 2275 non
548 2242 699 2275 exhiberi
728 2242 905 2284 permisit:

202 2293 562 2328 commemorationem
587 2293 686 2326 istius
715 2293 909 2335 spectaculi

201 2346 303 2388 dixit,
318 2346 381 2379 sed
397 2345 508 2387 ipsam
523 2353 591 2376 non
617 2343 773 2376 exhibuit
789 2344 906 2386 volup-

202 2402 322 2431 tatem.
369 2395 575 2439 Epidaurius]
608 2395 803 2438 Epidaurus
825 2395 907 2428 civi-

201 2446 256 2481 tas
270 2446 520 2490 Peloponensis
534 2446 630 2488 equis
651 2445 788 2487 nobilis,
801 2450 841 2478 ut
854 2446 906 2487 ip-

202 2508 240 2532 se
255 2498 292 2531 in
314 2497 493 2539 catalogo:
517 2497 528 2515 ‘
543 2495 612 2530 Qui
634 2505 714 2528 rura
736 2492 908 2529 domitant

202 2547 417 2592 Epidauria?
439 2548 541 2580 Idem.

243 2602 308 2633 916
330 2598 507 2640 Sanguinis
521 2598 660 2640 adversi]
685 2597 833 2631 Hostilis
849 2598 906 2631 vel

200 2649 367 2684 Thebani.
389 2649 491 2682 Idem.

243 2703 308 2734 917
344 2701 484 2744 Jugem]
519 2700 552 2734 Ο
582 2700 781 2743 Polynices,
807 2700 906 2743 cujus

203 2752 316 2795 gratia
343 2751 446 2784 urbes
473 2750 621 2792 civibus,
648 2761 747 2794 agros
770 2751 907 2784 rusticis

205 2802 443 2836 desolavimus.
484 2802 555 2836 Vel.
579 2802 681 2835 Senot.
740 2803 909 2845 Desolare,

1564 215 1676 258 1911

969 318 1116 359 spoliare
1132 317 1338 360 frequentia.
1382 318 1506 358 Virgil.
1522 318 1532 336 ‘
1545 319 1608 351 Sat
1624 319 1677 351 fu·

969 378 1054 401 nera
1077 369 1146 401 fusi
1161 369 1332 410 Vidimus,
1348 370 1508 412 ingentes
1523 375 1560 402 et
1579 371 1676 403 deso-

969 419 1115 451 lavimus
1140 419 1265 461 agros.’
1310 420 1474 452 Servius:
1512 421 1565 452 vel
1595 421 1676 453 dum

968 469 1176 502 occiduntur
1191 470 1433 512 agricultores,
1451 472 1506 503 vel
1521 470 1603 503 dum
1619 480 1676 504 co-

968 523 1096 562 guntur
1111 520 1154 552 ad
1179 520 1348 553 militiam.
1394 521 1486 552 Nam
1509 521 1676 562 legimus:

968 571 978 588 ‘
997 574 1032 602 ct
1061 570 1149 603 latos
1169 575 1306 602 vastant
1334 571 1527 603 cultoribus
1552 571 1676 613 agros!

967 619 1086 652 Barth.
1131 621 1194 652 Cui
1208 621 1415 653 desolavimus
1429 621 1538 662 urbes]
1562 622 1674 663 Prop-

968 675 1022 704 ter
1048 681 1149 714 quem
1177 671 1376 715 reliquimus
1402 672 1560 714 patriam.
1591 673 1674 704 Lac-

966 725 1047 755 tant.

1009 775 1075 804 919
1095 772 1239 813 Abigam
1254 772 1311 805 hoc
1325 773 1470 814 numina]
1505 773 1555 806 Ut
1577 777 1674 806 ante-

966 832 1069 865 quam
1086 823 1242 865 praelium
1257 825 1494 857 committatur
1506 824 1672 857 moriaris.

966 873 1067 905 Idem.

1007 926 1071 956 921
1098 924 1167 956 Nec
1180 924 1282 956 laudis
1299 924 1409 966 egens]
1448 925 1504 958 Ne
1529 925 1674 958 inhono-

964 977 1060 1006 ratus
1077 973 1200 1006 abiret.
1220 974 1322 1007 Idem.

1006 1026 1069 1056 931
1093 1024 1193 1057 Leues
1217 1023 1400 1066 pharetras]
1434 1025 1514 1058 Non
1541 1024 1674 1066 inanes,

963 1075 1024 1107 sed
1054 1075 1089 1107 in
1119 1075 1242 1118 quibus
1270 1075 1410 1118 sagittae
1437 1079 1553 1107 essent
1578 1075 1671 1108 haud

963 1124 1129 1167 pinnatae.
1152 1125 1252 1158 Idem.

1005 1178 1071 1208 934
1096 1176 1177 1213 Quis
1192 1176 1310 1218 fluere,
1334 1175 1405 1218 ssa]
1442 1176 1569 1209 Sensus
1595 1180 1669 1210 est:

963 1226 1166 1260 Divinitatis
1181 1227 1282 1260 nobis
1307 1232 1344 1260 et
1370 1228 1535 1260 Fatorum
1557 1228 1672 1260 omnia

962 1277 1158 1318 regentium
1187 1277 1416 1309 Providentia
1439 1277 1557 1310 multis
1581 1277 1670 1310 indi-

962 1327 1039 1368 ciis,
1058 1331 1096 1360 et
1116 1326 1307 1359 manifestis
1331 1326 1501 1359 ominibus
1517 1326 1672 1359 ostendi-

963 1382 1021 1411 tur
1054 1383 1091 1410 et
1128 1383 1276 1411 eventus
1317 1387 1432 1424 rerum
1465 1377 1672 1411 indicantur.

964 1429 1054 1461 'I'am
1069 1426 1166 1462 fatua
1189 1433 1305 1461 autem
1329 1437 1515 1470 socorsque
1538 1432 1592 1460 est
1607 1428 1669 1461 hu·

964 1480 1122 1521 manitas,
1137 1484 1176 1512 ut
1192 1480 1309 1521 pigeat
1323 1479 1508 1512 observare
1523 1479 1670 1521 praedic-

964 1530 1086 1563 tiones.
1119 1531 1241 1563 Placet
1257 1530 1433 1572 plerisque
1448 1529 1603 1562 omnibus
1618 1539 1670 1562 re-

963 1590 1039 1613 rum
1054 1580 1198 1613 arbitria
1214 1579 1316 1612 Casui
1331 1585 1368 1612 et
1390 1580 1551 1612 Fortunae
1568 1580 1670 1612 ascri-

964 1630 1057 1664 bere.
1084 1631 1372 1672 Praetereuntque
1386 1630 1499 1662 omnia
1513 1631 1669 1663 Deorum

961 1682 1092 1714 monita
1106 1680 1203 1713 nobis
1228 1681 1390 1713 Fortuuae
1406 1681 1619 1714 dominatum
1636 1681 1670 1712 in

962 1732 1075 1764 omnia
1091 1730 1335 1764 tribuentibus.
1378 1730 1479 1764 Vidit
1502 1735 1583 1763 ante
1609 1741 1670 1764 nos

961 1782 1072 1816 Janus
1084 1782 1289 1815 Parrhasius
1302 1781 1535 1814 Commentar.
1547 1782 1581 1814 in
1591 1782 1668 1815 libr.

961 1843 1004 1866 11.
1028 1834 1084 1866 De
1118 1833 1235 1875 Raptu
1260 1832 1480 1874 Proserpinae
1509 1831 1670 1864 Claudia-

961 1884 996 1916 ni
1014 1883 1140 1926 pagina
1156 1885 1231 1916 151.
1254 1883 1373 1915 Barth.
1433 1883 1539 1923 Neget
1563 1883 1669 1915 omino

960 1935 1078 1977 causis]
1103 1934 1248 1967 Iucusat
1264 1933 1367 1976 poeta
1392 1942 1450 1964 eos
1474 1932 1532 1974 qui
1549 1932 1669 1965 dicunt

962 1985 1077 2018 futura
1092 1994 1159 2017 non
1176 1984 1339 2027 portendi
1351 1983 1569 2017 mort-libus.
1584 1982 1666 2015 Lac-

958 2041 1042 2070 tant.

1003 2092 1066 2122 935
1084 2087 1264 2129 Inseroare]
1279 2085 1472 2119 Attendere
1488 2081 1643 2128 auspi'cia
1657 2097 1666 2118 :

961 2145 998 2173 et
1012 2144 1066 2172 est
1083 2138 1226 2172 verbum
1241 2147 1408 2180 augurum
1434 2136 1478 2169 de
1494 2138 1581 2169 caelo
1599 2146 1669 2169 ser-

961 2195 1102 2223 vatum:
1123 2189 1208 2222 dicit
1223 2198 1330 2230 ergo:
1361 2188 1466 2228 Piget
1481 2197 1542 2219 nos
1567 2187 1666 2219 insis-

961 2246 1049 2283 tere,
1061 2241 1097 2273 id
1112 2245 1178 2281 est,
1193 2248 1261 2272 non
1276 2238 1459 2281 quaerimus
1474 2237 1591 2270 futura
1605 2248 1615 2279 ;
1631 2242 1669 2271 et

959 2292 1039 2325 ideo
1071 2291 1162 2334 perit
1190 2289 1327 2322 venturi
1362 2287 1450 2321 fides
1489 2290 1667 2331 promissa.

957 2343 1058 2375 Idem.

1001 2395 1066 2425 936
1090 2392 1146 2425 Sic
1158 2391 1263 2424 omina
1284 2389 1406 2432 casum]
1441 2391 1558 2424 Omina
1585 2397 1666 2424 sunt

959 2453 1074 2477 rerum
1101 2442 1298 2475 futurarum
1322 2443 1432 2483 signa,
1457 2442 1530 2474 sive
1560 2442 1667 2475 bona-

958 2504 1047 2535 rum,
1065 2493 1136 2526 sive
1151 2493 1316 2526 malarum
1331 2503 1339 2524 ε
1355 2502 1447 2524 casus
1459 2497 1572 2526 autem
1586 2500 1667 2527 sunt

958 2542 1062 2577 subiti
1078 2549 1234 2576 eventus.
1280 2543 1365 2576 Cum
1383 2544 1472 2576 enim
1490 2554 1554 2577 non
1571 2555 1666 2588 quae-

960 2595 1065 2627 rimus
1081 2604 1158 2637 quae
1175 2593 1293 2627 futura
1309 2599 1402 2636 sunt,
1418 2604 1485 2628 non
1501 2606 1666 2638 procura-

959 2656 1034 2679 mus
1063 2645 1228 2679 adversa:
1263 2655 1340 2678 cum
1366 2647 1528 2687 neglectu
1545 2653 1664 2681 nostro

960 2697 1145 2739 improvisa
1160 2697 1368 2739 proveniunt
1390 2698 1492 2739 mala,
1508 2709 1586 2742 quae
1610 2709 1667 2732 ac-

960 2749 1081 2782 cidunt
1096 2748 1191 2781 casui
1206 2747 1422 2791 deputamus.
1448 2749 1550 2783 Idem.

1002 2802 1067 2833 938
1091 2798 1230 2840 Patalis]
1262 2798 1501 2833 Harundinem
1524 2800 1663 2834 fatalem
