1878 3164
456 253 496 285 Ρ.
527 249 720 284 ΡΑΡΙΝῘΙ
754 248 919 282 STATn
953 247 1103 281 THEB.
1136 247 1234 281 Lm.
1269 247 1323 279 11.

158 350 268 391 faces,
288 348 420 382 festum,
429 346 638 381 nubentibus
654 345 781 387 ignem,
791 343 865 377 Ob-

161 399 259 434 rsit?
281 399 382 432 Idm.
535 439 538 441 μ

175 465 178 467 >
201 453 269 486 “a
281 447 470 490 masas]
485 448 571 482 Qum
588 445 706 479 Pallas
720 453 790 477 non
805 444 867 476 mi·

161 509 226 534 nus
253 498 370 542 diligit
402 498 574 531 Larissam
613 502 715 539 quam
751 494 867 527 Moni-

161 551 286 585 chiun.
328 548 468 583 Larissa
488 544 605 580 aute‘m
629 546 796 588 oppidum
821 545 867 577 A-

163 599 337 641 arnust·
355 606 423 641 quo
434 607 526 631 nuuc
541 597 673 640 nuptiae
688 597 788 636 fiunt,
798 606 867 628 uon

159 651 220 684 illa
233 649 435 690 nossalim,
457 647 551 681 unde
570 647 725 680 Achilles
739 647 868 679 dicitur

160 704 273 734 mus.
294 698 446 732 Lucem.

202 753 266 784 2⁵5
280 749 467 791 Pras-osque
479 747 635 790 solebant]
650 748 716 780 Vel
732 747 767 779 in
783 751 869 780 tem·

161 801 221 844 plo
245 798 414 833 Minerva
443 798 603 831 solebant
616 798 769 839 virgines
782 807 870 839 nup-

160 857 253 885 m
268 850 406 893 placare
422 849 546 890 Deam,
571 858 649 892 qnae
671 849 717 880 sit
740 847 870 880 fautrix

160 899 389 944 virginitatis,
403 904 441 932 et
456 907 634 940 excusare,
648 898 740 941 quod
752 907 871 930 neces-

162 950 269 984 sitate
293 954 332 984 et
350 950 430 993 lege
449 949 598 982 naturali
619 949 750 982 nubere
772 958 871 991 coge-

164 1001 306 1035 bntar.
327 1001 430 1034 Iacn-

172 1064 176 1071 =
207 1050 274 1085 388
287 1051 431 1085 Avonam
448 1049 604 1092 Euhippi]
620 1049 797 1092 Euhippus
810 1058 872 1081 rex

163 1102 372 1146 Argivorum
385 1101 480 1135 mirae
493 1100 674 1134 felicitatis
685 1099 766 1141 fuit,
777 1101 873 1141 cujus

163 1153 324 1196 elypeum
355 1152 414 1195 qui
444 1151 538 1194 apud
568 1151 680 1193 Argos
711 1150 875 1183 nobiliter

162 1211 236 1236 rem
251 1202 416 1246 gessisset
431 1201 642 1243 accipiebat,
663 1205 703 1233 ut
727 1201 787 1233 illo
811 1210 875 1242 per

163 1253 286 1287 urbem
301 1253 466 1287 incedens
482 1253 733 1285 honestaretur.
771 1251 873 1284 Unde

164 1304 386 1348 proverbium
410 1303 504 1346 apud
520 1303 610 1344 illos,
634 1313 712 1335 cum
727 1302 873 1344 alicujus

166 1354 339 1398 ignaviam
363 1354 562 1394 irriderent,
583 1357 624 1385 ut
648 1353 875 1386 Callimachus

164 1406 233 1439 ait:
256 1404 363 1446 Ἀξιοό
377 1404 419 1438 ὣς
441 1403 476 1436 ὃν
496 1403 607 1446 Ἀργει
621 1403 667 1435 ἐπ’
679 1402 807 1436 &avidos
821 1403 875 1435 ἐλ-

166 1451 243 1489 θεῖν.
289 1456 367 1489 Hoc
386 1464 478 1488 nunc
499 1455 647 1497 spolium
673 1454 759 1486 dicit
779 1453 875 1486 faces

165 1507 343 1550 nuptiales
372 1506 578 1547 extinxisse,
617 1515 695 1537 cum
738 1509 876 1537 careret

165 1568 249 1591 vera
282 1557 407 1591 ominis
436 1557 591 1590 ratione:
623 1556 705 1599 quia
735 1556 875 1598 nuptias

167 1608 489 1649 belladirimerent.
514 1608 617 1641 Idem.

208 1661 275 1692 26⁸
306 1659 446 1692 Audisse
473 1659 608 1700 negant]
639 1658 689 1689 Ut
723 1657 877 1689 homines

167 1709 397 1752 suspicionem
412 1707 588 1749 sedarent,
601 1716 698 1739 more
713 1707 803 1748 vulgi
821 1716 879 1748 po-

167 1759 322 1793 tentibus
350 1758 570 1792 blandientes
594 1757 732 1790 audisse
759 1766 796 1789 se
820 1766 879 1788 ne-

169 1813 267 1853 gant,
297 1819 374 1853 quse
409 1808 620 1842 constabant
649 1807 788 1851 gaudiis
817 1807 879 1840 ob·

169 1859 301 1894 suun·
323 1860 426 1892 Im·

212 1913 280 1944 86⁶
294 1911 440 1943 orn-m
453 1909 560 1950 Argia
571 1908 677 1951 geris]
698 1909 797 1942 Dicit
812 1919 881 1942 non

170 1971 248 1995 esse
277 1961 530 2003 admirandam,
568 1960 662 2003 quod
701 1960 882 1993 adversum

174 2020 276 2047 omen
288 2012 484 2046 accideret:
500 2011 668 2055 siquidem
679 2010 788 2053 Argia
799 2021 884 2043 uxor

169 2063 346 2107 Polynicis
369 2061 547 2096 funestam
576 2062 702 2094 monile
741 2071 884 2103 accepe-

171 2115 233 2156 rit,
254 2113 347 2158 qnod
370 2113 498 2147 'ruebit
532 2113 672 2146 veniens
699 2112 745 2145 ad
774 2112 886 2153 Argos

177 2166 374 2201 extuleratz
398 2167 438 2198 et
457 2163 589 2207 repetit
605 2163 773 2205 originem
788 2163 886 2205 hujus

174 2215 343 2257 muneris,
361 2213 455 2258 qnod
477 2223 498 2247 a
513 2214 670 2247 Vulcano
685 2213 814 2246 Veneri
836 2213 887 2245 fa-

173 2268 345 2301 bricatum
375 2264 484 2298 fuisse
514 2263 658 2304 dieitur,
694 2267 731 2296 et
761 2263 886 2296 deinde

173 2316 382 2351 Hermiones
397 2315 477 2357 fuit,
491 2318 667 2357 postremo
684 2314 882 2355 reginarum

174 2368 337 2409 omnium,
357 2375 433 2410 qun
447 2365 577 2399 Thebis
604 2364 780 2405 vixerunt,
802 2375 886 2407 quas

173 2420 273 2452 istius
288 2418 424 2452 monilis
444 2417 558 2450 omine
582 2416 669 2449 dicit
693 2415 884 2449 infeliciter

174 2469 368 2512 deperisse.
395 2468 496 2500 Idem.

218 2522 283 2552 20⁷
307 2518 519 2560 Has-nonies]
547 2517 711 2560 Plerique
728 2518 890 2550 libritnr-

177 2573 264 2605 baut
277 2572 343 2605 hoc
357 2579 497 2612 nomen,
525 2573 565 2602 ut
580 2574 615 2602 et
630 2570 688 2612 qui
704 2570 890 2611 Papinium

178 2622 354 2655 illustrare
371 2620 494 2661 annisi,
510 2624 640 2662 praeter
656 2619 890 2652 doctissimum

179 2673 390 2715 Barclaium.
434 2672 563 2703 Veram
587 2670 796 2713 scripturam
820 2681 892 2703 ser-

179 2729 242 2757 vat
267 2731 413 2766 magnus
442 2725 481 2754 et
511 2721 622 2754 bonus
664 2721 722 2753 ille
762 2727 892 2755 noster.

186 2774 361 2807 unm«
375 2777 442 2814 est,
457 2771 586 2804 Martis
603 2776 639 2804 et
655 2772 802 2804 Veneris
817 2782 895 2814 pro-

182 2823 385 2865 ress-dmi
405 2822 545 2867 conjux,
573 2821 631 2866 qui
655 2822 796 2865 conjugi
822 2833 894 2856 mo.

1507 235 1623 280 1803

918 344 988 376 nile
1011 343 1089 384 hoc,
1114 341 1260 376 Vulcani
1286 350 1384 383 opus,
1408 339 1499 373 dono
1514 340 1625 374 dedit.

961 446 1025 476 27³
1043 443 1157 485 Docti]
1177 443 1379 485 Quanquam
1396 441 1526 483 majora
1541 440 1624 473 doc-

919 494 946 526 ti
963 498 1044 526 sunt
1068 493 1200 534 facere,
1227 498 1342 526 tamen
1368 493 1433 525 hoc
1455 491 1626 524 laboriose

918 543 1091 577 fecerunt.
1114 544 1261 577 Lactant-

962 597 1027 627 2⁷4
1043 595 1183 636 Notique
1197 593 1394 635 Thelchines]
1411 593 1456 625 Hi
1472 596 1542 625 tres
1558 591 1627 625 fra·

920 649 993 677 tres
1007 645 1168 678 dicuntur
1185 645 1291 678 fuisse
1307 645 1437 676 invidia
1448 643 1557 684 lividi,
1569 644 1628 685 qui

920 705 997 728 eum
1021 696 1210 728 vicinorum
1238 705 1339 737 agros
1365 694 1525 726 viderent
1548 703 1628 735 pro-

921 750 1027 778 ventu
1056 745 1202 787 fertiles,
1239 751 1362 778 natura
1403 744 1536 784 felices,
1565 743 1628 775 hos

920 796 1083 838 sparsisse
1113 796 1275 828 dicuntur
1307 795 1403 837 aquis
1426 794 1567 836 Stygiis,
1589 797 1630 826 ut

921 845 1107 878 redderent
1143 845 1378 877 infoecundos:
1415 853 1484 886 qua
1524 843 1630 884 culpa

921 906 1056 938 poenam
1073 900 1280 936 metuentes,
1303 896 1411 927 solum
1438 897 1634 933 verterunt,

922 955 1028 988 seque
1058 945 1101 978 ad
1134 946 1304 987 Cyclopas
1330 945 1572 977 contulerunt:
1594 946 1632 975 et

922 1000 974 1028 est
989 1005 1132 1028 sensus:
1156 995 1198 1027 In
1215 996 1278 1027 hoc
1296 995 1462 1037 plurimus
1477 998 1533 1026 est
1546 993 1631 1025 Vul-

923 1056 1009 1078 cano
1025 1046 1141 1087 sudor,
1165 1046 1321 1088 quamvis
1343 1050 1380 1077 et
1399 1045 1574 1086 Cyclopes
1596 1043 1632 1075 in

922 1097 988 1129 hoc
1000 1096 1256 1137 laboraverunt,
1269 1095 1406 1137 ipsique
1415 1093 1634 1127 Thelcliines.

922 1146 1128 1179 Thelchines
1144 1155 1228 1188 ergo
1251 1145 1385 1178 invidos
1408 1143 1451 1176 ad
1474 1144 1539 1176 hoc
1562 1153 1634 1175 mo·

925 1199 993 1231 nile
1011 1198 1210 1232 faciendum
1237 1196 1467 1231 concordasse
1481 1194 1570 1228 dicit
1593 1198 1634 1227 ut

925 1249 1040 1282 fieret.
1064 1249 1167 1282 Idem.

968 1303 1032 1332 275
1059 1299 1232 1341 Certatim]
1255 1299 1266 1318 ⁶
1285 1299 1391 1332 Nullo
1414 1306 1554 1340 operam
1580 1305 1635 1329 re·

927 1350 1106 1388 mittente,
1132 1349 1290 1382 omnibus
1319 1358 1416 1391 nque
1444 1347 1637 1389 occupatis,

927 1402 1046 1434 demto
1082 1402 1255 1441 Vulcano,
1291 1400 1351 1443 qui
1393 1398 1637 1431 moderabatur

929 1462 1027 1494 opus,
1047 1456 1083 1484 et
1112 1452 1187 1493 ipse
1218 1450 1403 1492 plurimum
1432 1446 1637 1481 laborabat!

929 1503 1119 1535 Enarrator
1130 1501 1285 1542 Priscus,
1300 1504 1337 1533 et
1348 1499 1638 1541 Glossographus.

927 1553 1003 1586 Iste
1019 1562 1121 1594 porro
1132 1563 1143 1584 τ
1627 1577 1631 1580 .

971 1606 1038 1636 276
1061 1602 1183 1644 Sudor]
1206 1602 1217 1620 ‘
1234 1602 1385 1643 Magnus
1406 1600 1506 1632 labor
1522 1598 1638 1632 Affec-

928 1653 1118 1695 tationem,'
1158 1658 1198 1685 ut
1240 1652 1316 1694 ipse
1345 1652 1522 1683 Vulcanus
1551 1659 1639 1692 opus

929 1703 1055 1736 fecisse
1071 1703 1242 1744 videatur,
1268 1703 1428 1744 agnoscit
1439 1701 1580 1735 Servius
1595 1701 1639 1734 ad

929 1755 1100 1788 AEneiden
1118 1764 1190 1788 ιιι.

974 1809 1038 1839 277
1062 1807 1254 1839 Percussum
1279 1803 1466 1845 adamanta]
1502 1802 1544 1836 Id
1575 1807 1641 1844 est,

931 1857 1191 1890 characteribus
1231 1855 1488 1888 nocentissimis
1527 1854 1640 1896 sculp-

933 1912 1019 1940 tum.
1042 1906 1190 1939 Lactant.

977 1961 1042 1990 278
1061 1955 1321 1998 Gorgoneosque]
1338 1955 1395 1988 Ita
1409 1953 1642 1987 execrandum

934 2010 1061 2042 mouile
1084 2007 1265 2049 describit,
1286 2011 1327 2040 ut
1348 2006 1430 2038 huic
1453 2005 1642 2047 pulchritu-

936 2063 1051 2094 dinem
1063 2060 1220 2093 conferat
1231 2065 1336 2103 atque
1347 2054 1526 2091 tetrorem.
1552 2057 1583 2089 N
1589 2066 1644 2088 am

936 2112 1139 2154 Gorgoneos
1155 2110 1254 2143 orbes
1270 2109 1386 2151 posuit
1404 2109 1513 2140 instar
1529 2107 1644 2139 oculo-

937 2170 1024 2203 rum,
1051 2167 1088 2194 ut
1115 2161 1159 2194 ad
1182 2160 1328 2193 monstri
1352 2159 1504 2201 speciem
1526 2162 1644 2198 stupe—

936 2212 1071 2245 faceret
1092 2213 1270 2244 intuentes
1292 2209 1494 2252 magnitudo
1513 2213 1551 2240 et
1571 2206 1645 2249 pul·

936 2264 1095 2296 chritudo
1112 2271 1337 2304 gemmarum.
1362 2261 1463 2292 Idem.

980 2316 1045 2346 279
1069 2313 1224 2345 Fulminis
1238 2310 1389 2352 extremi]
1412 2310 1492 2342 Hoc
1508 2313 1575 2350 est,
1588 2308 1647 2350 qui

937 2363 1097 2406 perfecto
1111 2363 1257 2395 fulmine
1272 2360 1535 2404 superfuissent,
1551 2358 1649 2401 quasi

938 2417 1002 2448 boc
1032 2415 1294 2458 perniciosiores
1318 2416 1447 2446 essent.
1501 2412 1649 2444 Constat

939 2467 1030 2499 enim
1041 2467 1106 2499 hoc
1115 2465 1241 2498 monile
1253 2468 1332 2507 post
1345 2463 1491 2495 fulmina
1501 2461 1649 2493 fabrica·

941 2522 1014 2549 tum
1026 2517 1070 2549 de
1081 2516 1296 2558 fragmentis.
1318 2513 1516 2554 Draconam]
1530 2512 1570 2544 ld
1582 2517 1649 2553 est,

934 2568 1114 2610 juvenum,
1128 2567 1183 2599 vel
1200 2574 1464 2598 venenosorum.
1488 2565 1589 2595 Idem.

984 2622 1051 2651 28⁰
1065 2619 1219 2650 Lat-entes
1232 2627 1252 2647 a
1264 2616 1378 2656 fronte
1390 2613 1502 2655 jubas]
1525 2612 1653 2646 Poetae

943 2669 1039 2702 aiunt
1055 2669 1097 2700 de
1112 2678 1173 2701 sua
1191 2668 1250 2700 illa
1271 2666 1482 2699 nobilissima
1503 2666 1653 2698 liberali»

944 2725 1017 2753 tate
1033 2720 1136 2762 jubas
1161 2719 1352 2760 cristasque
1375 2716 1549 2749 effinxisse
1574 2716 1650 2748 dra·

944 2772 1099 2813 canibus,
1120 2780 1198 2804 cnm
1219 2769 1323 2802 nullae
1347 2768 1390 2801 iis
1411 2769 1480 2801 sint
1497 2768 1652 2810 probata:

946 2821 1144 2857 testimonio
1160 2820 1260 2856 Jubae
1278 2819 1396 2862 Regis.
1443 2819 1519 2852 Hos
1538 2824 1652 2851 tamen
