1878 3164
267 217 384 260 2024

269 317 345 351 dam
372 319 519 353 immisso
539 319 697 363 Pythone
721 324 881 361 serpente
897 329 972 352 eam

270 377 334 409 per
362 379 498 403 omnem
539 374 665 403 terram
693 376 878 411 persecuta
907 374 972 410 est,

270 428 347 460 quae
369 420 506 452 tandem
532 430 608 452 cum
640 419 683 452 ad
710 420 829 453 littora
855 429 974 462 perve-

268 468 376 501 nisset
393 479 414 501 a
435 479 629 503 sororesua
644 474 806 512 suscepta
828 475 893 511 est,
909 470 972 502 ibi-

271 528 338 562 que
349 520 486 561 peperit
508 520 653 552 Dianam
669 525 706 553 et
721 520 917 562 Apollinem
938 521 972 552 in

269 568 406 609 Cyntho
427 574 557 610 monte,
580 570 638 611 qui
664 570 807 602 insulam
834 574 974 602 nantem

270 618 380 650 adhuc
409 618 670 662 instabilemque
695 624 877 652 cernentes
908 631 976 652 am-

269 670 362 711 plius
390 680 507 703 errare
524 672 615 712 passi
643 681 710 704 non
736 675 830 704 sunt.
874 672 975 704 Unde

271 724 327 752 est
342 719 428 751 illud
443 720 593 762 Virgilii,
608 721 618 739 ‘
630 720 679 753 At
695 721 771 763 pius
784 722 976 765 arcitenens

269 768 371 806 oras,'
390 771 460 802 ὕεα.
516 771 580 802 Ait
603 780 686 812 ergo
715 771 799 803 Delo
822 771 977 812 instabili,

269 820 350 861 quia
365 824 445 852 aute
458 820 516 853 diu
530 819 699 853 fluctuata
709 826 774 854 est.
818 822 903 853 Eam
915 822 975 853 So·

268 870 358 902 linus
375 871 495 903 scribit
511 872 718 913 appellatam
741 881 817 903 esse
835 871 976 913 Ortygi-

269 932 338 963 am,
354 924 437 966 quia
457 923 504 955 ibi
520 924 665 965 primum
686 924 766 956 visae
779 923 846 955 sint
863 929 975 956 cotur-

271 974 382 1014 nices,
393 984 476 1017 quas
487 975 605 1008 Graeci
620 979 658 1007 ut
674 975 821 1007 diximus
837 980 975 1016 ortygas

270 1025 460 1066 appellant.
504 1025 710 1058 Aristoteles
730 1026 840 1057 Delon
858 1026 976 1066 appel·

270 1074 375 1106 latam
389 1084 465 1107 esse
479 1075 645 1116 prodidit,
657 1075 815 1116 qnoniam
830 1079 976 1116 repente

273 1126 474 1166 apparuerit
496 1131 608 1158 enata.
652 1123 866 1167 AEglostenes
887 1126 976 1167 Cyn-

270 1173 389 1213 thium,
412 1174 469 1206 alii
485 1173 671 1212 Asteriam,
696 1176 849 1216 Lagnum,
876 1175 975 1207 Cbla-

271 1225 434 1265 mydiam,
456 1224 663 1267 Cynetbum,
679 1226 858 1267 Pyrpilem
895 1226 975 1267 igne

269 1274 315 1306 ibi
327 1275 471 1315 primum
485 1280 636 1317 reperto.
662 1276 812 1308 Britann.

310 1327 377 1356 389
413 1325 460 1357 At
477 1326 579 1358 ventis
600 1329 633 1358 et
668 1336 759 1358 sacra
778 1326 896 1367 fretis]
922 1327 975 1358 Ex

269 1376 456 1416 praeceptis
484 1376 569 1408 artis
593 1377 737 1408 insulam
760 1376 975 1409 commendat

271 1424 316 1456 ab
340 1435 381 1457 ea
397 1435 448 1466 re,
468 1435 568 1468 quam
583 1426 770 1467 impetrare
792 1427 912 1467 cupit:
937 1431 976 1458 ut

269 1475 403 1507 scilicet
426 1476 476 1507 ita
489 1475 598 1516 fugiat
610 1476 791 1517 strepitum
808 1476 975 1508 bellorum

205 1529 215 1534 ”
270 1529 308 1558 et
319 1535 422 1557 naves
431 1526 689 1567 Graecorum‚ut
697 1526 877 1568 tranquilla
888 1535 976 1557 sem-

270 1586 333 1618 per
356 1576 536 1609 consuevit
558 1586 631 1608 esse
653 1580 690 1608 et
721 1576 975 1617 receptaculum

269 1626 438 1659 duntaxat
458 1626 696 1668 nympharum.
741 1627 803 1658 Est
826 1635 906 1666 ergo
923 1636 975 1658 or-

269 1676 314 1708 do
330 1686 339 1708 z
364 1675 410 1708 At
426 1681 462 1708 tu
479 1676 580 1708 tellus
596 1686 695 1708 sacra
719 1676 830 1708 ventis
852 1681 888 1708 et
910 1675 976 1708 fre·

270 1726 328 1766 tis,
358 1730 395 1758 et
419 1726 537 1757 domus
560 1725 749 1767 tranquilla
773 1725 974 1766 Nereidum,

273 1780 310 1807 et
332 1775 444 1808 insula
452 1775 606 1817 juranda
619 1776 731 1807 nautis
745 1776 837 1808 inter
852 1776 975 1817 Cycla·

270 1826 333 1858 das
367 1826 425 1858 nbi
462 1827 622 1867 procellae
654 1827 770 1868 AEgeae
809 1825 975 1869 frangunt

271 1887 368 1918 saxa,
383 1887 426 1909 ne
443 1877 588 1909 admitte
603 1876 738 1909 carinas
750 1877 898 1909 Danaas.
922 1877 974 1909 Id.

313 1930 376 1960 393
407 1926 554 1967 Thiasus]
591 1927 810 1967 Saltationes,
836 1927 974 1959 choreas

271 1978 407 2017 Liberi,
432 1978 466 2010 id
484 1982 549 2016 est,
566 1978 750 2010 Liberalia.
795 1978 973 2019 Originem

272 2029 356 2060 belli
377 2027 533 2061 Thebani
558 2028 675 2060 taliter
697 2028 840 2060 historia
855 2027 975 2070 refert,

273 2078 464 2110 Herculem
478 2087 555 2110 cum
577 2078 723 2110 Colchos
748 2078 816 2110 iret
840 2078 974 2119 perdito

272 2128 367 2170 Hyla
389 2132 469 2169 post
489 2133 705 2169 peragratam
727 2129 865 2160 Misiam
881 2129 974 2160 navi-

271 2178 338 2211 bus
363 2179 497 2220 Trojam
523 2179 670 2219 venisse,
696 2189 717 2210 a
746 2179 843 2220 cujus
873 2182 975 2221 portu

274 2237 351 2260 cum
375 2237 453 2260 eum
468 2228 665 2261 Laomedon
679 2232 823 2269 arceret,
845 2229 976 2260 occisus

273 2283 338 2319 est,
365 2282 401 2310 et
427 2277 501 2319 ejus
525 2277 595 2309 filia
620 2277 775 2309 Hesiona
797 2278 879 2309 belli
895 2278 975 2319 jure

274 2328 412 2361 sublata
434 2329 552 2360 comiti
575 2328 750 2361 Telamoni
765 2329 894 2361 tradita
910 2333 975 2370 est,

274 2379 333 2420 qui
349 2379 478 2420 primus
495 2378 698 2410 ascenderat
720 2388 864 2418 murum,
884 2378 976 2410 unde

273 2433 377 2460 natus
400 2433 453 2460 est
477 2427 623 2459 Teucer.
667 2427 757 2459 Nam
772 2426 916 2468 Ajacem
932 2436 976 2459 ex

275 2477 343 2510 alia
358 2480 495 2510 constat
509 2486 584 2509 esse
599 2482 729 2509 natum.
773 2477 868 2510 Tunc
883 2477 975 2510 Her-

274 2529 368 2562 cules
383 2529 556 2561 Priamum
574 2538 707 2571 quoque
723 2527 939 2570 redemptum
955 2538 976 2560 a

276 2580 399 2612 vicinis
413 2579 568 2611 hostibus
584 2578 619 2611 in
633 2579 747 2621 patrio
762 2588 869 2620 reguo
885 2579 976 2611 loca-

273 2630 337 2670 vit,
359 2630 450 2661 unde
473 2633 528 2661 est
543 2629 701 2662 Priamus
718 2629 828 2661 dictus
846 2628 906 2661 ἀπὸ
920 2629 977 2664 τοῦ

273 2677 430 2719 πρίασθαι,
460 2678 496 2710 id
521 2683 589 2719 est,
618 2688 745 2711 emere.
807 2679 976 2711 Caeterum

274 2739 350 2771 quae
378 2727 422 2760 de
450 2728 596 2760 liberata
628 2729 788 2761 dicuutur
825 2730 977 2762 Hesiona

275 2784 412 2815 constat
439 2789 517 2813 esse
539 2779 705 2813 fabulosa.
749 2780 878 2814 Postea
900 2790 977 2814 cum

733 227 876 259 NOTAE
910 225 1174 259 VARIORUM
1209 227 1262 259 ΙΝ

1025 320 1247 362 excrevisset,
1275 319 1436 354 Priamus
1477 322 1592 356 volens
1622 329 1722 365 repe·

1025 374 1098 401 tere
1140 380 1306 411 sororem,
1335 370 1511 412 profectus
1553 377 1607 404 est
1639 380 1723 405 ‚cum

1023 419 1147 461 legatis
1160 418 1346 462 Salamina,
1363 421 1421 454 ubi
1445 421 1635 458 constabat.
1647 430 1724 458 eam

1022 477 1178 512 regnare,
1215 476 1253 504 et
1282 473 1420 505 minime
1453 482 1528 505 eam
1565 476 1726 514 repetere

1024 518 1217 563 valuerunt,
1253 522 1389 555 Graecis
1423 522 1619 556 dicentibus
1647 532 1724 557 eam

1023 571 1149 604 habere
1166 566 1247 613 jure
1264 573 1448 613 bellorum;
1472 573 1726 607 unde-commo-

1025 625 1080 653 tus
1096 622 1254 653 Priamus
1275 622 1364 654 misit
1389 622 1550 655 Paridem
1571 630 1649 656 cum
1663 631 1725 656 ex·

1025 671 1148 711 ercitu,
1165 675 1204 703 ut
1216 672 1343 713 aliquid
1360 672 1429 704 tale
1444 672 1648 713 abduceret,
1664 675 1726 706 snt

1025 730 1166 752 uxorem
1181 722 1272 762 regls
1288 725 1347 753 aut
1357 720 1473 764 filiam,
1486 723 1546 765 qui
1558 723 1639 756 dum
1653 731 1725 757 m·

1024 769 1176 805 bulasset
1191 771 1390 804 sollicitavit
1407 771 1592 814 Helenam,
1605 771 1725 806 Meno-

1024 820 1071 853 lai
1101 830 1255 861 uxorem,
1276 830 1351 863 quae
1373 831 1452 854 cum
1474 822 1508 854 ei
1525 822 1725 857 commutire

1026 870 1193 903 noluisset
1217 881 1373 913 egressus
1395 876 1448 904 est
1469 872 1528 905 ille
1545 877 1584 906 et
1605 872 1726 906 ciuita-

1027 924 1095 954 tem
1111 921 1259 962 obsedit,
1273 931 1341 964 qua
1355 930 1475 954 eversa
1489 921 1726 957 Helen-msa-

1027 971 1116 1012 puit,
1132 971 1222 1003 unde
1237 976 1274 1004 et
1283 975 1439 1013 posteaa
1453 971 1603 1005 marito-⁸
1617 971 1725 1014 recipi

1026 1022 1160 1054 meruit.
1197 1021 1343 1054 Laetam.
1400 1022 1495 1055 Nihil
1517 1022 1596 1057 utile
1621 1021 1725 1064 bellio]

1023 1069 1148 1117 Ast-ute
1177 1077 1292 1104 monet
1314 1071 1437 1105 bellica
1451 1072 1522 1106 illic
1543 1081 1612 1105 non
1633 1077 1725 1106 trac·

1025 1119 1198 1160 tanda‚‚ne
1212 1131 1279 1163 qua
1296 1131 1376 1163 spes
1392 1121 1528 1155 Graecis
1540 1121 1587 1155 sit
1606 1126 1726 1164 peten-

1025 1173 1058 1205 di
1090 1174 1185 1206 illinc
1211 1174 1339 1216 auxilii,
1365 1178 1404 1206 ut
1427 1174 1475 1206 sic
1503 1173 1656 1207 Achilles
1676 1173 1725 1207 ibi

1025 1223 1132 1255 tutius
1154 1224 1284 1256 lateat:
1308 1229 1362 1256 est
1377 1223 1468 1256 euim
1491 1223 1599 1256 ordo:
1614 1225 1723 1257 Doce

1024 1271 1149 1305 famam
1162 1283 1299 1305 narrare
1310 1275 1386 1313 hoc,
1394 1273 1568 1314 videlicet,
1579 1274 1634 1306 hic
1650 1279 1726 1308 tan*-

1024 1327 1094 1354 tum
1111 1323 1263 1364 'rhyasos
1279 1323 1462 1362 celebrari,
1484 1327 1522 1356 et
1537 1324 1619 1356 nihil
1641 1324 1725 1357 utile

1023 1374 1133 1407 bellis.
1148 1375 1299 1407 Britann.

1067 1427 1131 1456 394
1169 1425 1316 1466 Dumque
1353 1423 1457 1466 unm]
1492 1424 1618 1458 Sensus
1645 1429 1698 1457 est
1713 1436 1724 1457 x

1024 1475 1114 1507 Volo
1127 1474 1295 1507 Achillem
1313 1481 1352 1507 ut
1376 1475 1543 1516 virginem
1557 1475 1726 1518 tantisper

1026 1525 1117 1566 apud
1135 1525 1365 1567 Lycomedem
1379 1535 1456 1558 esse
1469 1525 1550 1558 dum
1567 1525 1658 1558 bella
1679 1525 1724 1558 ad

1024 1576 1162 1616 Trojam
1173 1581 1348 1617 parantur.
1369 1576 1471 1608 Idem.

1067 1629 1130 1659 395
1151 1626 1320 1659 Alternum
1333 1626 1451 1667 orbem]
1479 1625 1594 1658 Asiam
1609 1629 1647 1659 et
1655 1626 1725 1660 Eu·

1025 1685 1156 1716 ropam.
1185 1702 1192 1706 ,
1215 1676 1401 1716 Intersurit]
1437 1676 1725 1718 Praepositiouem

1024 1725 1218 1758 detractam
1233 1726 1360 1758 nomini
1375 1725 1510 1758 addidit
1531 1725 1648 1758 verbo.
1671 1725 1726 1759 ld.

1066 1779 1130 1808 396
1154 1777 1236 1808 Cedo
1264 1776 1419 1817 equidem]
1450 1776 1522 1807 Per
1545 1774 1728 1817 parenthe-

1024 1825 1085 1857 sim
1106 1826 1287 1867 legendum
1302 1830 1377 1858 est:
1399 1826 1497 1867 quasi
1517 1825 1622 1866 dicat,
1643 1834 1725 1858 con-

1024 1875 1110 1908 cedo
1127 1875 1276 1917 quidem,
1300 1880 1336 1908 et
1356 1876 1469 1917 patior
1496 1883 1664 1910 eumesse
1685 1878 1725 1907 ut

1024 1925 1189 1966 virginem
1201 1925 1292 1967 apud
1304 1924 1545 1966 Lycomedem.
1567 1924 1669 1957 Idm

1067 1977 1130 2011 397
1153 1975 1295 2018 Europa]
1318 1974 1456 2014 Graec13
1479 1983 1559 2007 nam
1585 1973 1725 2007 Groecia

1024 2026 1083 2058 illa
1098 2026 1131 2057 in
1144 2026 1283 2066 Europa
1297 2029 1362 2057 est.
1383 2025 1565 2057 Maturus.

1067 2079 1131 2108 398
1152 2076 1307 2108 Dulcibus
1322 2075 1425 2114 furiis
1446 2073 1621 2115 armorum]
1643 2071 1727 2109 Om-

1024 2136 1085 2159 nes
1108 2127 1198 2159 euim
1225 2126 1378 2168 prompti
1403 2125 1447 2158 ad
1473 2125 1599 2157 bellum
1613 2123 1725 2166 rapie-

1024 2178 1150 2210 bantur
1178 2187 1240 2219 pro
1271 2176 1425 2209 vindicta
1450 2174 1622 2215 facienda,
1648 2183 1725 2216 quat

1026 2228 1135 2259 dulcis
1152 2228 1240 2259 solet
1255 2236 1330 2258 esse
1344 2237 1352 2257 ε
1376 2226 1431 2258 vel
1458 2224 1597 2257 dulcibus
1610 2223 1726 2263 furiis.

1025 2279 1184 2320 quoniam
1211 2277 1255 2310 ob
1276 2277 1442 2309 violatum
1461 2275 1608 2314 Menelai
1632 2284 1724 2307 amo-

1026 2339 1097 2361 rem
1129 2329 1253 2361 bellum
1274 2326 1534 2368 suscipiebatur,
1557 2325 1610 2357 vel
1631 2324 1725 2367 quod

1025 2379 1126 2412 dulce
1142 2378 1331 2411 hominibus
1351 2375 1529 2408 cousuevit
1540 2383 1616 2407 esse
1631 2382 1726 2406 arma

1027 2434 1179 2461 tractare
1194 2434 1230 2460 et
1252 2427 1380 2459 bellum
1393 2430 1537 2467 gerere.
1567 2423 1725 2465 Appara-

1026 2483 1082 2512 tus
1107 2484 1222 2510 autem
1241 2477 1322 2509 belli
1347 2480 1468 2509 contra
1481 2473 1649 2515 Trojauos
1665 2473 1727 2507 de·

1026 2528 1198 2560 scribitur.
1221 2527 1321 2559 Idem·

1031 2600 1044 2606 —
1071 2578 1207 2620 Regum]
1236 2574 1501 2618 Agamemnonis
1535 2578 1573 2606 et
1605 2574 1725 2607 Mene-

1025 2630 1083 2671 lai,
1097 2630 1154 2672 qui
1179 2629 1223 2660 de
1249 2626 1373 2669 injuria
1398 2624 1489 2667 apud
1513 2634 1628 2658 omnes
1644 2633 1725 2657 con·

1027 2680 1269 2722 querebantur,
1309 2681 1346 2710 et
1373 2675 1529 2708 omnibus
1557 2673 1726 2716 supplica·

1027 2730 1110 2763 bant
1120 2729 1279 2761 auxilium
1297 2726 1524 2769 postulantes.
1547 2725 1648 2757 Idem.

1069 2782 1132 2812 399
1154 2777 1301 2819 Atrides]
1327 2776 1517 2809 Menelaus.
1540 2775 1640 2810 Idem.
