1878 3164
293 219 407 262 1848
705 252 708 254 .
747 229 888 261 NOTAE

295 325 446 362 teritum,
470 329 580 356 mater
606 326 676 357 sola
705 325 847 366 negligit
863 325 986 365 luctus,

294 376 373 417 quia
385 375 473 407 filius
491 381 673 407 coronatur
687 375 871 406 extinctus.
889 375 987 411 Idem.

336 429 399 458 236
421 427 489 458 Aut
513 436 587 457 cono
601 425 746 466 Ledoeus]
769 424 841 457 Aut
867 426 988 457 Casto-

294 478 338 509 ris
356 479 478 519 pileus,
494 481 552 508 aut
568 476 713 508 Ledaeus
737 475 897 516 olorinus,
910 476 990 518 quia

293 528 329 559 in
348 528 474 560 olorem
492 530 639 558 mutatus
652 526 812 567 Juppiter
822 535 904 557 cum
929 527 990 557 Le-

292 576 337 608 da
358 576 552 609 concubuit.
577 577 666 608 Nam
688 577 722 607 hi
737 586 869 618 quoque
885 577 990 609 Laco-

292 636 353 658 nes
369 627 523 659 fuerunt.
544 627 644 659 Idem.

334 680 398 709 237
438 677 580 717 Mer-ent]
618 676 783 709 Militant.
828 676 990 716 Virgilius

293 727 302 744 ‘
315 726 424 758 merui
438 726 446 739 ’
468 736 603 768 quoque
617 726 707 758 dixit
725 737 735 766 ;
756 726 845 758 unde
872 727 990 758 missos

292 777 414 808 militia
437 776 619 808 ‘emeritos
634 775 644 790 '
665 776 821 809 dicimus.
844 777 991 809 Lactant.

291 826 399 867 Auget
414 826 557 867 resupina
571 826 720 868 maniplo]
742 827 812 859 Cur
825 837 892 859 non
913 836 989 858 cum

291 877 511 917 membranis,
531 875 709 918 maniplos?
739 878 785 909 Et
801 887 900 909 mox:
926 877 991 913 Qui

291 926 440 967 te,flave,
454 929 577 958 natant.
622 927 658 957 Si
674 926 883 958 describeret
894 926 990 958 Sicu-

291 977 354 1013 los,
369 976 477 1008 ferres
500 975 589 1008 forte
605 979 726 1015 notant,
746 976 871 1017 quippe
887 985 989 1016 penes

290 1036 374 1068 quos
387 1027 444 1058 ille
460 1036 496 1058 se
511 1026 762 1067 impermixtum
785 1026 868 1057 mari
890 1035 988 1066 spec-

291 1077 432 1108 tandum
455 1076 537 1107 dare
558 1075 774 1108 credebatur.
821 1075 865 1107 Et
888 1076 990 1107 decet

292 1127 422 1158 Pisaeos
445 1126 566 1157 sudore
583 1130 618 1157 et
635 1126 774 1166 pulvere
790 1135 808 1157 e
830 1127 990 1166 palaestra

290 1181 471 1208 contracto
496 1175 661 1217 Alpheum
685 1185 778 1207 suum
803 1181 935 1216 natare,
953 1180 990 1207 ut

290 1226 475 1267 Spartanos
493 1226 657 1257 Eurotan.
683 1225 819 1256 Gronov.

333 1279 397 1308 238
420 1276 600 1317 Depressae]
623 1276 713 1309 Quia
730 1276 870 1307 vallibus
893 1276 988 1307 undi-

291 1337 355 1369 que
387 1327 476 1358 Pisae
522 1327 717 1368 cinguntur,
754 1331 791 1358 et
827 1326 988 1358 Crotonio

292 1381 406 1411 monte
425 1381 637 1417 premuntur.
658 1377 805 1408 Laetam.

332 1429 398 1458 239
425 1426 570 1467 Alphoee]
598 1426 740 1458 Sicanis.
786 1426 930 1459 Constat
955 1436 989 1458 e-

290 1477 358 1508 nim
390 1477 478 1507 hunc
503 1474 640 1507 fluvium
667 1486 782 1508 amore
806 1476 988 1508 Arethusae

292 1526 461 1567 Nymphae
477 1526 628 1557 occultas
645 1527 756 1567 egisse
774 1527 844 1558 vias
871 1527 989 1558 subter

290 1586 397 1617 mare,
411 1582 446 1608 et
461 1577 494 1607 in
518 1576 666 1608 Siciliam
687 1575 845 1609 fluctibus
868 1582 989 1608 amatae

291 1627 438 1659 misceri.
465 1627 562 1658 Idem.

331 1679 395 1708 240
418 1675 562 1716 advena]
584 1675 712 1708 Merito
727 1676 858 1709 scilicet
886 1677 987 1709 adve-

289 1735 381 1766 nam,
396 1725 474 1767 quia
497 1726 541 1757 ab
563 1726 663 1758 Elide
680 1726 714 1758 in
741 1727 892 1759 Siciliam
907 1728 989 1759 labi·

289 1780 347 1807 tur
363 1785 425 1817 per
451 1785 559 1815 mare,
573 1785 637 1808 nec
662 1780 777 1808 tamen
799 1787 895 1819 aqnae
913 1779 988 1809 ‘ma-

289 1826 373 1858 rinae
389 1826 563 1858 miscetur.
588 1827 685 1859 Idem.

334 1879 392 1908 241
416 1875 584 1916 Curribus]
600 1877 751 1917 Propter
767 1877 988 1919 Olympicum

288 1930 479 1966 certamen,
494 1926 584 1968 quod
612 1926 728 1958 lustris
750 1927 891 1968 singulis
914 1927 988 1959 Cir-

290 1976 449 2008 censibus
484 1975 564 2008 Jovi
599 1976 778 2008 exhibetur
815 1976 987 2020 Olympio.

290 2026 388 2057 Idem·

331 2078 395 2107 242
418 2076 462 2107 Et
472 2074 574 2115 bellis]
597 2074 669 2108 Aut
684 2076 716 2108 in
727 2076 826 2109 bellis
838 2077 987 2111 domant.

288 2126 392 2158 Idem.

330 2179 395 2208 244
416 2176 539 2208 Axibus
573 2177 734 2218 OEnomai]
756 2178 809 2209 Ex
838 2188 905 2220 quo
930 2178 987 2211 (Ε-

287 2236 428 2260 nomaus
453 2226 539 2258 hanc
563 2226 672 2268 legem
696 2228 806 2268 procis
826 2227 904 2260 filiae
929 2238 987 2270 po-

288 2278 371 2317 suit,
397 2282 435 2309 ut
470 2277 579 2308 victus
607 2277 874 2318 interimeretur,
904 2288 986 2310 uso-

288 2338 359 2359 rem
381 2328 491 2359 victor
508 2327 694 2368 acciperet,
708 2328 763 2369 qui
779 2328 913 2369 Myrtili
929 2338 986 2360 au-

287 2381 371 2421 rigae
399 2379 451 2410 sui
476 2378 596 2410 fraude
620 2378 785 2420 deceptus
811 2380 884 2420 ipse
907 2389 986 2421 sup-

288 2430 391 2471 plicia
424 2438 499 2469 quae
546 2429 761 2469 proponebat
797 2430 983 2470 expendit:

288 2480 367 2521 quia
390 2478 509 2510 fractis
526 2478 659 2518 axibus,
683 2479 818 2519 ingenio
836 2484 871 2511 ut
898 2480 983 2511 dixi-

288 2539 361 2560 mus
389 2528 537 2570 Myrtili,
575 2529 632 2570 qui
667 2534 845 2570 corruptus
876 2534 984 2561 rotam

288 2588 366 2611 cera
390 2579 626 2620 conjunxerat,
648 2578 754 2610 victus
776 2583 844 2611 est.
886 2579 986 2612 Dixit

288 2634 402 2661 autern
416 2629 459 2660 de
475 2629 524 2661 his
541 2629 598 2671 qui
615 2638 658 2660 ex
668 2629 750 2661 Pisa
765 2633 844 2662 sunt
859 2629 986 2671 ingeni-

288 2684 360 2712 tum
377 2688 463 2718 esse,
487 2683 526 2711 ut
547 2679 643 2720 equis
672 2679 845 2720 gaudeant
867 2689 911 2711 ex
926 2680 984 2713 illo

287 2729 414 2770 studio,
438 2729 528 2771 quod
554 2738 615 2761 rex
630 2730 814 2763 OEuomaus
841 2740 882 2763 ea
909 2736 984 2765 arte

288 2779 469 2822 praecellit.
491 2779 590 2811 Idem.

925 227 1183 260 VARIORUM
1219 230 1270 260 IN

1081 327 1143 357 247
1165 324 1349 366 Armorum]
1374 323 1468 364 Bene
1485 324 1583 356 multi
1598 323 1735 357 libri'au'

1039 374 1164 406 nostris
1199 384 1358 406 annorum.
1394 379 1433 406 ut
1467 374 1511 406 de
1539 374 1612 406 aliis
1639 378 1739 408 notat

1040 424 1160 457 Justus
1176 425 1410 464 Zinzerlingus
1423 423 1645 456 Promulsidis
1659 432 1736 466 cap.

1039 477 1092 506 42.
1135 474 1207 506 Nos
1223 474 1342 515 optimi
1359 475 1465 506 nostri
1479 475 1566 506 lianc
1591 473 1738 515 scriptu·

1041 534 1112 555 ram
1148 523 1284 555 minime
1321 524 1515 556 mutandam
1550 533 1737 557 censemus.

1040 574 1207 606 Armorum
1233 584 1315 606 sane
1336 574 1527 606 Martiarum
1548 572 1642 616 (quai
1670 582 1739 607 nna

1040 624 1096 656 liic
1122 625 1156 655 in
1178 624 1483 657 considerationem
1497 622 1655 666 veniunt)
1668 633 1738 656 om-
1795 633 1803 642 ’

1041 674 1120 706 nino
1146 673 1239 705 rudis
1261 679 1337 706 erat
1364 674 1646 716 Parthenopaeus,
1667 678 1739 708 tan-

1041 727 1111 756 tum
1125 723 1254 756 facinus
1266 734 1458 766 aggressus.
1486 724 1586 766 Quod
1598 724 1627 756 si
1641 733 1738 756 amo*

1039 785 1109 807 rum
1123 776 1227 817 legas,
1242 776 1327 808 hanc
1341 776 1391 808 illi
1407 775 1542 809 minime
1560 774 1736 815 demntia,

1040 834 1116 857 cum
1133 830 1214 857 ante
1230 825 1360 858 obitum
1386 826 1492 858 multa
1505 823 1644 858 fortiter
1657 825 1738 859 ado·

1039 876 1183 907 lescenti
1209 880 1313 908 aetate
1338 875 1572 908 fecerit.(31.
1594 874 1736 908 ‘An-no·

1040 934 1126 965 rum,
1139 925 1329 958 bellorum
1351 926 1470 958 Barth.

1081 978 1146 1007 248
1168 976 1392 1016 Parthenopaee
1416 975 1518 1028 rapis]
1550 976 1658 1017 Cujus
1682 975 1738 1008 hic

1042 1023 1148 1057 fuerit
1167 1025 1255 1058 filius
1278 1035 1343 1057 non
1373 1031 1441 1058 tam
1465 1027 1499 1058 in
1510 1026 1669 1066 proclivi
1682 1030 1739 1058 est

1039 1085 1139 1116 quam
1160 1076 1267 1107 imber
1291 1085 1368 1108 cum
1392 1076 1490 1117 pluit.
1533 1076 1619 1108 Duae
1634 1075 1736 1118 siqui-

1039 1124 1116 1156 dem
1144 1125 1233 1165 apnd
1262 1125 1386 1158 Poetae
1411 1125 1626 1158 celebrantur
1650 1125 1736 1158 Ata-

1039 1175 1156 1214 lantae,
1173 1175 1344 1207 Arcadica
1366 1185 1446 1216 uria,
1459 1175 1560 1215 Iasii;
1583 1175 1736 1207 Boeotica

1039 1226 1160 1265 altera,
1188 1225 1344 1258 Schoenei
1369 1225 1451 1258 filia.
1495 1226 1623 1258 Noster
1651 1225 1739 1258 Par·

1039 1277 1212 1317 thenopaei
1238 1281 1380 1308 matrem
1409 1275 1606 1308 Atalantam
1632 1274 1739 1317 Arca·

1039 1327 1148 1357 dicam
1176 1327 1280 1358 fuisse
1306 1327 1434 1359 diserte
1449 1326 1565 1358 tradit.
1609 1325 1737 1358 Diodo-

1040 1385 1097 1407 rus
1114 1376 1310 1408 Atalantam
1326 1377 1524 1413 Boeoticam,
1540 1386 1600 1408 seu
1621 1375 1735 1408 schue-

1039 1427 1093 1459 nei
1116 1419 1239 1459 filia-m:
1265 1437 1325 1468 pro
1350 1428 1478 1459 Nostro
1492 1433 1564 1458 stat
1587 1426 1734 1459 AElianus

1039 1479 1082 1510 de
1097 1478 1189 1510 varia
1206 1478 1371 1518 Historia,
1381 1482 1418 1510 et
1431 1477 1640 1509 scholiastes
1649 1477 1736 1510 Tbe-

1039 1527 1138 1559 ocriti
1158 1538 1167 1566 ;
1191 1537 1253 1569 pro
1267 1527 1422 1559 Diodoro
1437 1527 1626 1569 Oppianus.
1657 1527 1736 1560 Ser·

1039 1578 1380 1610 viusGrammaticus
1397 1587 1478 1610 vero
1494 1577 1536 1610 ad
1561 1577 1644 1610 illud
1658 1577 1735 1610 Vir-

1040 1628 1126 1669 gilii,
1147 1628 1156 1645 ‘
1174 1627 1444 1669 Parthenopaeus
1459 1632 1496 1661 et
1509 1627 1645 1662 Adrasti
1664 1629 1736 1670 pal-

1039 1678 1141 1709 lentis
1171 1677 1307 1719 imago?
1349 1688 1416 1709 non
1450 1677 1638 1718 Atalante,
1674 1679 1736 1713 sed
1756 1693 1758 1695 ·

1038 1728 1249 1769 Menalippae
1265 1726 1368 1759 filium
1386 1725 1669 1769 Parthenopaeum
1682 1727 1736 1760 fu-

1038 1778 1105 1809 isse
1151 1778 1341 1809 contendit.
1396 1777 1464 1810 Adi
1495 1778 1734 1818 elegantissimi

1039 1827 1089 1860 M.
1115 1826 1255 1858 Antonii
1279 1828 1408 1860 Mureti
1438 1828 1471 1859 in
1513 1828 1736 1870 Propertium

1037 1876 1183 1909 Scholia.
1209 1876 1359 1908 Bernarl.

1080 1929 1143 1957 250
1165 1926 1304 1958 Ραοιιὸαι
1330 1927 1438 1968 cornu]
1475 1927 1516 1959 Id
1541 1932 1608 1967 est,
1637 1937 1736 1960 vena-

1038 1975 1190 2008 tionibus
1204 1980 1327 2017 pacata
1339 1975 1485 2008 ferarum
1502 1977 1671 2010 reddebat
1683 1978 1734 2010 in-

1038 2025 1155 2065 teritu,
1181 2030 1220 2057 ut
1242 2026 1364 2067 Virgil.
1409 2029 1419 2044 ⁴
1438 2026 1507 2059 Aut
1535 2027 1733 2069 Erymanthi

1037 2077 1180 2108 Pacarit
1194 2086 1344 2117 nemora,
1359 2085 1395 2110 et
1411 2079 1554 2111 Lernam
1575 2077 1734 2111 tremefe-

1038 2127 1126 2159 cerit
1140 2128 1242 2160 arcu?
1263 2128 1410 2160 Luceant.

1081 2181 1143 2210 251
1170 2178 1349 2219 Pulchrior]
1385 2179 1427 2211 Id
1457 2184 1522 2220 est,
1546 2180 1734 2212 Partheno·
1768 2209 1772 2214 .

1038 2238 1114 2270 paeo
1129 2228 1298 2269 pulchrior
1314 2229 1425 2261 nullus
1437 2228 1515 2262 fuit.
1536 2230 1634 2262 Idm,

1079 2281 1142 2309 253
1169 2278 1238 2309 Nec
1251 2277 1377 2318 desunt]
1397 2278 1438 2310 Id
1451 2283 1517 2318 est,
1533 2281 1566 2310 in
1589 2279 1733 2311 Parthe-

1037 2337 1158 2369 nopaeo
1171 2328 1352 2359 animarum
1370 2328 1508 2368 vigebat
1531 2328 1682 2369 insigne:
1705 2329 1732 2361 si

1035 2377 1134 2409 modo
1157 2378 1199 2409 ad
1216 2377 1249 2408 id
1270 2378 1384 2408 aetatis
1401 2377 1504 2409 robur
1518 2378 1620 2410 etiam
1635 2388 1732 2411 acce-

1035 2429 1145 2460 deret.
1169 2428 1267 2459 Idem.

1076 2481 1138 2510 255
1165 2477 1266 2518 Quas]
1294 2477 1370 2509 Non
1387 2478 1414 2509 is
1431 2478 1594 2520 nymphas
1610 2483 1670 2511 aut
1683 2478 1732 2511 Ο-

1035 2528 1168 2568 readas,
1184 2532 1243 2559 aut
1270 2527 1479 2568 Potamidas,
1493 2532 1552 2559 aut
1567 2528 1732 2570 Dryades,

1035 2583 1095 2612 ant
1111 2579 1260 2619 Napaeas
1287 2578 1383 2611 dicit.
1424 2580 1434 2596 ⁴
1447 2579 1605 2620 Dryades
1618 2578 1628 2593 ’
1652 2585 1732 2612 sunt

1034 2639 1110 2672 qnae
1126 2627 1318 2670 quercubus
1340 2627 1558 2661 delectantur
1573 2640 1584 2669 ;
1605 2629 1615 2647 ‘
1627 2629 1735 2662 Orea-

1034 2680 1094 2712 des
1107 2678 1118 2693 ’
1151 2679 1320 2710 montibus
1336 2689 1346 2718 3
1383 2681 1392 2697 ⁸
1410 2678 1607 2711 Potamides
1621 2679 1631 2694 '
1668 2679 1730 2711 flu—

1033 2729 1176 2762 minibus
1189 2739 1198 2767 ;
1222 2729 1231 2746 ‘
1245 2729 1403 2771 Napaeae'
1418 2729 1571 2771 virgultis
1589 2734 1623 2763 et
1636 2728 1726 2764 flori-

1035 2783 1108 2815 bus.
1133 2780 1233 2812 Idem.
1264 2796 1269 2798 —
