1878 3164
299 209 414 252 2046

301 323 368 355 que
396 313 511 346 levant
538 313 650 345 securi
682 313 833 345 vulneris
864 312 999 345 armos!

302 365 441 397 Gruteri
463 369 532 396 tres
556 364 705 406 codices,
730 365 877 397 tendisse.
910 364 999 397 Gro-

300 424 379 447 nov.

343 466 408 496 379
443 464 543 500 Quem
567 463 676 504 pigeat
703 473 760 495 sua
786 463 878 503 facta
901 463 998 505 loqui]

300 513 550 555 Autupophora
571 518 636 550 est,
659 514 756 555 quasi
779 514 837 545 ille
858 513 998 552 dixerit,

299 567 402 605 turpe
427 568 482 595 est
503 563 629 594 homini
649 573 711 595 sua
733 562 828 595 facta
849 572 998 599 narrare,

301 614 406 646 ethic
428 613 646 654 respondeat,
671 613 838 644 neminem
864 613 999 653 gravari

301 663 428 698 debere
449 672 509 694 sua
537 667 633 703 gesta
649 672 923 694 commemorare.
949 663 998 694 le-

301 712 448 752 gendum
461 717 512 744 est
521 722 596 744 cum
609 713 887 752 interrogatione.
914 713 999 744 Tunc

299 762 354 794 ille
382 762 531 802 modeste]
560 763 657 794 Bene
686 762 797 803 inquit
823 763 1001 802 modeste;

301 822 380 844 nam
388 816 584 853 arroganter
597 812 640 844 de
655 822 691 843 se
707 812 782 853 ipso
795 811 999 853 praedicare,

301 862 462 894 viciosum
481 867 544 894 est.
568 862 719 894 Britann.

344 914 408 944 880
430 911 621 953 Propiorque
643 911 764 952 coacto]
786 911 892 945 Quasi
908 912 998 943 simi·

301 961 342 994 lis
365 962 491 994 homini
512 966 643 1002 coacto,
666 965 703 993 et
724 962 782 1003 qui
803 962 928 994 invitus
950 962 998 994 lo-

303 1016 438 1054 quatur.
461 1012 561 1043 Idem·

317 1083 325 1090 .
344 1063 406 1093 881
443 1062 489 1092 Et
524 1061 623 1092 adhuc
655 1060 859 1092 crescentibus
893 1061 997 1102 annis]

302 1111 407 1144 Quasi
433 1120 499 1142 non
524 1119 614 1142 nunc
639 1119 772 1151 quoque
795 1115 999 1143 crescerent.

302 1161 508 1193 Scholiastes
531 1164 568 1191 et
591 1160 657 1191 duo
682 1160 765 1190 Mss.
781 1160 936 1200 Gruteri,
950 1169 999 1191 re-

299 1210 469 1242 stantibus.
513 1209 613 1240 Unde
635 1209 694 1239 ille
716 1208 806 1239 haud
827 1208 947 1248 invita,
962 1212 1000 1240 ut

301 1259 452 1298 videtur,
475 1258 652 1289 Minerva:
675 1260 707 1289 et
727 1258 827 1289 adhuc
847 1258 999 1298 reptanti-

302 1308 358 1341 bus
371 1310 472 1340 annis.
501 1307 705 1339 Claudianus
723 1316 764 1338 11.
780 1307 814 1338 in
830 1306 910 1339 Ruf.
926 1309 936 1325 ‘
950 1311 1000 1339 te-

301 1367 453 1399 neroque
474 1357 579 1388 amnis
595 1361 752 1397 reptatus
767 1356 915 1389 Achilli?
957 1357 998 1389 In

301 1412 459 1449 quartum
487 1406 632 1439 Honorii
657 1407 758 1438 Cous.
800 1407 998 1448 “Cretaque

302 1467 339 1489 se
359 1458 472 1498 jactat
509 1460 798 1497 teneroreptata
831 1456 998 1488 Tonanti.’

304 1507 453 1539 Gronov..

345 1560 409 1590 382
434 1555 611 1596 Thessalus]
628 1555 669 1587 Id
686 1559 751 1596 est,
768 1555 903 1589 Chiron.
921 1556 1000 1587 Bri·

305 1611 393 1639 tann.

344 1659 408 1689 384
430 1656 492 1688 Sed
505 1656 605 1697 spissa
619 1656 737 1686 leonum
751 1654 885 1694 viscera]
911 1655 1000 1686 Pue-

302 1707 398 1747 ritia,
424 1706 545 1747 iuquit,
570 1714 645 1736 mea
673 1704 830 1735 carnibus
859 1704 1001 1735 leoninis

303 1755 519 1798 pascebatur,
545 1764 622 1786 nam
643 1755 781 1785 viscera*
800 1763 918 1785 carues
934 1753 1001 1794 sig-

302 1807 442 1839 nificare
458 1805 616 1838 ostendit.
629 1804 749 1844 Virgil.
782 1805 791 1821 ‘
809 1804 854 1835 Et
870 1804 1001 1835 viscera

301 1855 455 1888 nudant!
499 1854 623 1896 Spissa]
648 1854 814 1885 Naturam
827 1854 936 1887 carnis
949 1863 1000 1884 re·

304 1906 429 1949 spexit,
461 1915 536 1947 quae
566 1904 652 1935 dura
679 1908 733 1935 est
767 1907 803 1934 et
832 1903 940 1944 spissa
965 1904 999 1935 in

303 1957 414 1988 leone.
438 1955 537 1987 Idem.

346 2009 408 2038 896
432 2006 624 2037 Praevertere
634 2003 754 2044 cervos]
764 2003 1000 2034 Maronianum

302 2057 467 2098 hoc,AEn.
485 2064 553 2087 xu.
587 2055 597 2073 ‘
610 2055 675 2087 Vel
690 2053 841 2086 conferre
865 2054 999 2094 pedem,

303 2108 359 2139 vel
387 2116 476 2149 equo
506 2110 714 2147 praevertere
753 2102 892 2135 ventos-²
939 2104 1000 2135 Sil.

302 2156 418 2188 Italic.
426 2153 490 2188 lib.
507 2164 587 2187 vm.
632 2155 642 2172 ‘
659 2154 779 2194 Campi
802 2163 865 2194 per
880 2158 1000 2194 aperta

303 2207 475 2238 volantem
506 2205 584 2246 Ipse
615 2204 720 2246 pedes
753 2204 930 2244 praevertit
964 2214 998 2235 e-

305 2256 429 2298 quum?
452 2257 569 2288 Barth.

347 2308 412 2337 398
435 2305 548 2336 Gradu
560 2303 711 2346 praepete]
739 2303 781 2335 Id
805 2308 857 2336 est
879 2303 997 2336 veloci.

305 2356 460 2388 Britann-

346 2408 410 2436 399
429 2404 610 2445 Admissus]
644 2403 699 2436 Ad
725 2413 858 2436 cursum
886 2404 999 2436 conci-

303 2459 378 2494 tus3
415 2464 491 2486 nam
526 2455 689 2486 admissos
725 2464 828 2495 equos
856 2454 999 2486 dicimus

302 2509 490 2537 currentes.
520 2504 685 2536 Ovidius:
708 2505 718 2522 ‘
735 2504 803 2536 Hic
827 2504 918 2535 lacer
940 2505 998 2536 ad-

302 2555 421 2585 missos
440 2554 560 2585 terruit
576 2553 709 2585 Hector
724 2552 864 2594 equos&
878 2553 977 2585 Idem.

344 2603 484 2644 Agebat]
508 2603 760 2645 Insequebatur
779 2613 843 2635 me.
867 2603 967 2635 Idem.-

345 2656 408 2686 400
435 2653 584 2684 Omnibus
611 2652 741 2693 campis]
778 2653 846 2684 Per
882 2661 997 2684 omnes

303 2713 455 2746 campOS,
479 2709 516 2736 ut
538 2704 581 2736 ad
606 2704 737 2737 labores
758 2714 812 2736 me
835 2703 997 2763 firmaret.

306 2754 404 2787 Idem.

760 220 904 252 No'rAE
938 220 1203 252 VAmoRUM
1237 221 1289 252 ΙΝ

1089 316 1151 346 401
1176 314 1330 357 Εεῡαὺαε]
1370 315 1542 358 Tanquam
1578 315 1745 357 bajularet

1049 373 1126 395 eum
1148 363 1288 406 fessum,
1317 364 1427 398 donec
1448 365 1537 399 vires
1558 366 1743 408 reciperet.

1047 413 1229 446 Maturant.

1089 466 1152 495 402
1175 464 1285 496 Primo
1301 465 1438 506 torpore]
1460 465 1502 497 Id
1520 467 1586 506 est,
1599 464 1679 497 dum
1690 463 1744 497 iu·

1047 512 1374 555 ciperetcongelari,
1381 525 1447 547 non
1458 514 1743 558 expectansquod

1046 562 1145 594 nimis
1162 564 1343 597 duraretur
1359 566 1494 606 glacies.
1517 566 1616 598 Idem.

1088 615 1151 645 405
1180 614 1315 655 Vacuus]
1338 615 1428 648 Quia
1442 615 1533 648 feras
1545 625 1662 648 omnes
1677 623 1744 656 ego

1046 662 1290 702 interfecerim,
1319 674 1396 706 quoe
1426 665 1614 707 asperiores
1641 669 1743 697 sunt:

1047 713 1125 745 ideo
1136 732 1137 735 =
1148 714 1246 754 dicit,
1259 724 1339 746 soevo
1354 725 1521 756 murmure,
1535 719 1574 748 ut
1595 716 1743 749 leonum.

1047 763 1136 794 Nam
1159 772 1329 796 murmura
1350 774 1530 805 parvorum
1550 765 1745 830 annualium

1048 811 1236 844 restabant.
1265 813 1364 845 Idem.

1089 863 1153 893 406
1176 861 1347 902 Nunquam
1373 863 1428 895 ine
1454 863 1605 905 imbelles]
1647 863 1746 897 Nun·

1049 918 1161 951 quam,
1175 910 1299 951 inquit,
1313 911 1421 943 voluit
1443 921 1498 944 me
1519 911 1611 945 feras
1626 912 1746 946 imbel-

1047 958 1097 989 les
1127 963 1163 990 et
1190 959 1325 991 timidas
1354 962 1523 1004 persequi,
1547 962 1607 994 sed
1634 972 1743 996 sanas

1049 1014 1086 1040 et
1101 1007 1262 1041 immanes
1276 1014 1418 1042 tantum.
1458 1011 1546 1044 Avia
1561 1012 1687 1054 Ome]
1698 1013 1745 1046 'ld

1049 1062 1103 1089 est
1139 1057 1227 1090 Avia
1264 1059 1362 1092 Ossae
1396 1061 1522 1093 montis
1549 1062 1745 1096 Thessalia.

1050 1107 1187 1148 Lynces]
1210 1107 1344 1140 Animal
1366 1114 1420 1141 est
1441 1110 1593 1143 timidum
1609 1111 1746 1144 Baccho

1049 1157 1213 1199 dicatum,
1227 1159 1290 1190 hoc
1305 1159 1404 1191 India
1418 1160 1534 1193 mittit.
1577 1161 1659 1203 Ejus
1675 1162 1746 1194 aui-

1049 1207 1145 1239 malis
1175 1209 1305 1240 urinam
1335 1209 1504 1242 redditam
1531 1210 1671 1244 Plinius
1695 1211 1745 1244 ait

1050 1257 1191 1296 glaciari
1206 1258 1239 1288 in
1256 1267 1403 1299 gemmas
1426 1259 1641 1293 carbunculis
1655 1261 1746 1294 simi.-

1050 1305 1110 1346 les,
1137 1306 1226 1338 unde
1250 1307 1419 1339 Ovidius:
1452 1309 1462 1326 ‘
1480 1309 1584 1341 Victa
1603 1311 1745 1351 racemi-

1046 1354 1122 1387 fero
1144 1356 1259 1397 lyncas
1286 1357 1383 1390 dedit
1410 1356 1511 1390 India
1536 1359 1686 1402 Baccho,
1715 1361 1746 1393 E

1049 1405 1169 1446 quibus
1191 1406 1248 1448 (ut
1273 1407 1478 1450 memorant)
1499 1409 1659 1451 quicquid
1687 1419 1745 1443 ve-

1048 1454 1119 1485 sica
1146 1455 1285 1492 remisit,
1307 1457 1462 1489 Vertitur
1490 1457 1526 1489 in
1551 1459 1683 1500 lapidea
1707 1464 1746 1492 et

1049 1506 1205 1544 congelat
1218 1506 1296 1538 aere
1312 1506 1428 1538 tacto!
1454 1507 1619 1540 Britanna-
1732 1528 1734 1530 -

1092 1557 1157 1586 409
1177 1554 1255 1586 Sues
1260 1555 1444 1597 fulmineos]
1466 1556 1745 1600 Appellantpoii-

1050 1607 1094 1635 tae
1108 1603 1286 1637 fulmineos
1303 1615 1393 1646 sues,
1414 1607 1504 1649 quod
1525 1616 1620 1640 more
1632 1607 1746 1641 fulmi-

1050 1655 1101 1685 nis
1116 1655 1233 1686 obvios
1248 1655 1325 1686 irati
1343 1660 1570 1696 prosternant.
1593 1657 1744 1690 Martial.

1049 1703 1059 1721 ‘
1075 1705 1249 1736 Fulmineo
1265 1705 1451 1746 spumantis
1465 1706 1538 1746 apri
1554 1715 1626 1738 sum
1641 1706 1744 1741 dente

1050 1753 1249 1794 perempta!
1296 1753 1418 1794 Rgris]
1440 1753 1576 1786 Animal
1597 1760 1652 1790 est
1673 1761 1744 1788 tru-

1050 1804 1220 1835 culentum
1254 1807 1290 1835 et
1319 1803 1580 1843 velocissimum,
1614 1814 1680 1846 quo
1708 1808 1746 1836 et

1048 1853 1148 1886 India
1163 1858 1198 1884 et
1215 1853 1386 1894 Hyrcania
1401 1852 1571 1885 abundat:
1591 1854 1743 1895 ejusdem

1048 1903 1192 1934 nominis
1218 1906 1271 1934 est
1290 1902 1394 1934 etiam
1414 1900 1537 1934 fluvius
1557 1901 1741 1935 Armeniae.

1049 1952 1148 1984 Idem.

1090 2004 1153 2034 415
1178 2002 1247 2034 Nec
1261 2011 1308 2033 me
1322 2001 1458 2040 ullaseri
1471 2001 1651 2034 Mavortis
1637 2011 1742 2042 unago

1040 2051 1149 2091 fugit]
1184 2051 1452 2083 Tractandorum
1487 2051 1598 2093 inquit
1633 2061 1743 2083 armo-

1049 2110 1120 2132 rum
1136 2101 1226 2131 nulla
1242 2110 1294 2132 me
1309 2100 1486 2132 meditatio
1508 2099 1610 2142 fugit.
1645 2101 1744 2132 Nulla

1046 2150 1166 2191 imago]
1196 2150 1335 2182 Nullum
1364 2159 1486 2193 puguae
1514 2151 1742 2183 simulacrum

1048 2201 1145 2232 Idem.

1090 2254 1154 2283 416
1175 2250 1318 2291 Paeones]
1341 2250 1467 2291 Populi
1488 2229 1568 2282 sunt
1578 2251 1742 2284 Macedo-

1048 2301 1127 2341 niae,
1138 2302 1194 2343 qui
1204 2311 1311 2343 usque
1322 2301 1364 2332 ad
1375 2301 1587 2341 Strymonem
1603 2300 1741 2333 fluvium

988 2380 991 2384 ,
1047 2352 1201 2384 Thraciae
1216 2351 1458 2384 extenduntur.
1482 2352 1581 2383 Idem.

1089 2404 1152 2433 417
1178 2402 1247 2437 Quo
1268 2400 1424 2442 Macedoe]
1448 2401 1610 2432 Macedas
1624 2402 1742 2443 appel·

1046 2452 1097 2483 lat
1111 2451 1332 2492 Macedones,
1349 2451 1628 2492 quemadmodum
1638 2456 1674 2485 et
1688 2461 1741 2484 su-

1047 2502 1173 2543 perius,
1201 2503 1211 2519 ‘
1234 2511 1297 2533 nec
1325 2501 1508 2533 Macedum
1543 2510 1626 2542 gens
1655 2501 1740 2533 dura

1047 2554 1186 2596 placet‚’
1200 2564 1263 2596 pro
1277 2553 1516 2593 Macedonum,
1544 2557 1580 2584 et
1604 2553 1667 2585 hoc
1683 2562 1742 2585 ne-

1047 2605 1208 2637 cessitate
1234 2603 1404 2643 carminis,
1434 2612 1510 2634 uam
1532 2602 1740 2635 Macedones

1048 2664 1183 2687 carmen
1198 2663 1264 2685 non
1278 2653 1400 2694 recipit
1415 2652 1583 2684 heroicum
1600 2657 1741 2693 propter

1046 2709 1116 2736 tres
1129 2704 1271 2744 syllabas
1285 2703 1419 2735 breves.
1441 2703 1540 2734 Idem.
1586 2703 1656 2739 Quo
1667 2702 1740 2734 Mu-

1046 2758 1118 2795 gete
1132 2763 1188 2786 sua
1201 2754 1300 2796 goesa]
1316 2753 1423 2785 Vetus
1435 2751 1577 2791 quetae.
1607 2752 1741 2785 Praesto
