1878 3164
0 1549 37 1675 ξ

470 237 513 268 Ρ.
545 233 738 267 ΡΛΡΙΝΠ
768 233 935 266 8ΤΑΊῚῙ
968 234 1117 266 ΤΗΕΒ.
1150 235 1336 266 LiB.1v.

158 333 231 365 *aut
253 329 320 374 ipsi
342 329 534 369 discordes,
557 329 656 370 quus
674 337 782 361 eausa
799 327 872 360 fue-

167 387 247 419 mt
263 383 476 425 interempti.
496 382 665 415 lactant.
774 399 777 402 -

157 446 163 453 ·
208 435 276 467 5⁹0
299 433 426 465 Ham
449 431 552 472 zaro]
575 432 748 463 Maeonem
776 406 871 463 illurn

158 486 281 519 satem
296 485 405 518 dicit·
420 483 508 516 ideo
531 483 739 525 praesignem
764 483 872 523 lauro,

154 536 326 580 -qnouinm
348 533 417 574 fnit
441 533 602 567 sacerdos
626 534 811 575 Apollinis,
833 538 870 566 et

156 586 382 620 -disinstione,
398 585 563 626 pollebat.
606 585 718 619 Quem
732 585 870 628 Tydeus

163 646 185 670 ι
197 635 447 680 qninquaginta
462 636 612 668 virorum
637 635 732 668 caede
753 645 869 667 serva.-

103 717 106 719 .
154 687 529 726 2um‘remisit'l'i1ebas
546 681 766 720 incolumem.
799 687 869 721 Qui

123 736 146 756 ⁴
161 736 250 779 cosin
264 743 451 780 conspeetu
467 738 573 780 regis,
585 739 745 770 donatam
763 738 867 771 vitam

155 797 342 832 respuens,
351 789 565 822 conscientia
577 789 716 821 virtutis
730 789 867 822 occidit.

161 838 266 873 Iden.

150 912 154 915 -
200 890 344 924 sos-Ne
369 891 479 923 maile
506 865 616 933 duces]
640 891 748 925 Quasi
775 891 865 933 apud

159 940 378 983 indignantes
397 951 458 974 eos
472 942 637 984 loquitur,
653 942 711 984 qui
725 941 867 974 fuerunt

112 998 118 1002 ·
158 991 358 1037 interempti
374 1002 395 1024 a
408 992 541 1034 Tydeo,
554 997 591 1025 et
606 1002 723 1025 casum
747 993 865 1024 huma-

158 1051 214 1075 na
242 1042 347 1076 sortis
375 1047 520 1075 excusat
550 1042 699 1076 fatorum
729 1043 865 1084 legibus

150 1092 324 1126 ‹evenis-e.
377 1093 507 1125 Omnia
535 1103 700 1136 prospera
731 1093 867 1126 viderat

150 1141 316 1185 ,de‘parte
339 1143 517 1183 Thebana,
531 1148 569 1176 et
596 1143 777 1185 Argolicos
803 1143 865 1175 du·

150 1188 217 1229 ees·
230 1194 328 1226 vultu
352 1194 598 1236 pronunciasse
614 1195 657 1226 de
681 1194 754 1226 fato
772 1194 864 1227 belli.

148 1239 229 1277 sed
242 1243 329 1277 vidit
342 1244 420 1277 illos
427 1244 612 1277 Thebanos
627 1255 713 1287 quos
727 1244 865 1286 Tydeus

157 1295 319 1337 peremit,
344 1305 429 1340 quos
454 1295 511 1328 hic
536 1296 707 1328 minantes
733 1294 864 1327 civibus

157 1346 228 1378 onis
254 1342 394 1388 placati
432 1346 552 1379 dicens
579 1346 726 1379 fatorum
758 1344 864 1377 fuisse

154 1395 279 1438 legem-
294 1400 334 1428 nt
359 1401 413 1430 tot
437 1397 617 1437 caderent,
636 1407 702 1429 non
726 1397 865 1429 virtutis

155 1444 298 1480 alienoe..
317 1447 410 1480 Dein
425 1448 668 1488 superstitibus
680 1447 864 1488 Thebanis,

151 1497 215 1538 :qni
229 1497 388 1540 'Pydeum
405 1498 568 1531 viderent
584 1508 658 1530 esse
673 1507 862 1539 passurum.

150 1547 243 1581 Hoc
251 1553 366 1581 autem
380 1549 465 1581 milii
483 1549 622 1582 videtur
643 1550 770 1581 dixisse
784 1549 862 1581 Sta-

157 1599 239 1640 tius,
251 1598 362 1632 fretus
387 1599 541 1641 historia}
558 1601 728 1641 exemplo,
739 1604 777 1632 ut
791 1599 862 1631 aui-

154 1649 230 1682 mfis
252 1642 312 1682 sen
341 1659 470 1682 manes*
484 1650 587 1683 irasci
609 1650 759 1691 diceret,
779 1655 816 1682 et
841 1659 861 1681 a

153 1701 299 1742 Tyresia
322 1701 491 1743 placatos.
535 1699 735 1732 Alexander
754 1700 862 1741 igitur

153 1761 231 1784 cum
247 1751 282 1784 in
300 1750 417 1784 Asiam
444 1751 642 1784 traduceret
658 1750 862 1793 exercitum,

148 1803 336 1845 conspexit
366 1802 556 1845 proximam
585 1802 696 1834 littori
723 1811 861 1834 manum

154 1859 374 1895 armatorum,
397 1855 500 1888 armis
515 1853 666 1897 Achivis,
683 1854 861 1893 candenti-

153 1905 232 1948 bus,
246 1910 436 1949 propterea
462 1905 580 1938 tubam
606 1914 730 1938 canere
745 1905 861 1947 jussit,

151 1958 191 1990 e(
204 1956 527 1990 1milites'navibus
555 1956 676 1998 egredi
701 1960 861 1989 armatos.

151 2007 225 2042 Sed
252 2018 331 2041 cnm
356 2008 470 2041 abiret
489 2017 511 2040 a
531 2013 720 2049 conspectu
743 2008 861 2040 Mace-

148 2059 278 2093 ·donnm
309 2069 354 2092 ea
378 2059 515 2102 species
543 2057 753 2094 umbrarum,
779 2063 860 2090 ante

151 2110 288 2143 euneti-
314 2111 512 2152 perspecta,
533 2113 714 2151 postquam
741 2109 860 2150 attigit

151 2159 332 2193 'l'hrneian
343 2162 472 2192 terram
487 2159 617 2191 certior
629 2169 649 2191 a
663 2159 782 2191 vicinis
790 2158 861 2192 fac-

151 2215 224 2251 tus,
243 2209 334 2254 quod
358 2209 529 2251 ejusmodi
545 2209 695 2241 visiones
720 2209 767 2242 ibi
790 2209 859 2242 fre-

153 2255 380 2305 quentissime
406 2259 543 2301 fierent,
563 2260 760 2301 suspicatus
786 2261 859 2293 ani-

150 2318 233 2345 mas
247 2321 325 2345 esse
350 2311 572 2352 Achivorum,
588 2312 646 2353 qni
671 2312 859 2346 consociati

144 2361 284 2396 findere
320 2362 489 2395 Thessalis
527 2361 667 2395 fuerant
703 2362 858 2395 Hernico

151 2413 256 2453 hello,
270 2412 412 2446 inferias
434 2412 526 2455 apud
544 2413 692 2445 tumulos
710 2413 858 2446 Achivo-

149 2473 227 2498 rntn
238 2460 351 2501 dedit,
365 2468 529 2506 precatus
552 2463 719 2496 adversus
736 2465 857 2496 barba.

149 2520 396 2557 rnmtgentem
417 2514 627 2547 auxiliarios
660 2515 727 2546 sibi
757 2514 855 2547 fieri:

149 2566 310 2610 opinatus
342 2565 481 2598 eosdem
519 2569 556 2597 et
586 2566 621 2597 in
657 2565 856 2598 excessione

149 2615 270 2650 elusis
284 2616 375 2660 apud
397 2616 498 2648 littus
524 2616 588 2648 sibi
608 2616 709 2648 visos.
753 2616 856 2658 Isque

149 2667 255 2701 ineu
281 2676 410 2710 pugna,
439 2676 516 2699 cum
545 2667 636 2709 apud
667 2667 854 2700 Granicum

148 2717 353 2762 confligeret
376 2718 563 2759 exercitus,
576 2719 704 2750 multas
726 2718 855 2751 ibidem

148 2768 284 2810 speeies
298 2768 338 2800 in
346 2768 467 2810 praelia
479 2773 718 2810 conspectans.
731 2773 856 2810 putans

149 2818 383 2853 Macedonum
416 2819 622 2860 exercitum,
650 2829 715 2854 nee
744 2820 856 2854 minus

1520 226 1634 270 1861

923 328 1006 360 alias
1021 329 1152 361 animas
1168 329 1369 372 apparuisse
1382 328 1564 364 barbarico
1572 333 1632 366 hn-

856 392 859 394 ·
923 377 1011 416 bitu,
1038 389 1082 411 ex
1113 379 1261 412 adverso
1287 380 1527 413 existimantes
1559 382 1633 414 lios-

912 429 1008 462 ,ῑίυηι
1034 439 1224 467 numerum,
1251 441 1293 463 eo
1314 431 1434 472 praeiio
1455 432 1570 464 multis
1587 443 1634 469 ex

921 484 1069 523 utraque
1095 486 1196 522 parte
1219 483 1330 515 caesis.
1375 483 1486 515 Locus
1510 483 1545 515 in
1562 494 1631 526 quo

912 530 1122 563 'ceciderunt
1147 530 1230 564 faba
1245 533 1356 574 primo
1372 532 1542 576 floresque
1558 535 1631 567 nati

920 580 1024 614 fidem
1039 583 1214 615 veteribus
1241 583 1405 625 praebuit,
1421 585 1501 626 quia
1523 585 1631 619 absti-

920 633 1068 666 nendum
1086 644 1149 666 usu
1165 633 1255 666 fabae
1271 634 1430 667 suadent.
1454 635 1555 668 Idem.
1612 659 1616 666 .

961 687 1026 717 607
1051 685 1127 717 Non
1155 685 1209 718 ille
1235 689 1291 718 orit
1317 686 1498 727 sanguinis]
1530 687 1632 720 Obli-

919 745 1005 777 quus
1022 736 1065 768 ob
1088 736 1309 777 parricidium
1337 738 1497 779 posteris,
1515 739 1631 773 horret

918 790 1079 828 nepotem
1109 787 1212 820 Laius
1236 788 1368 819 scelere
1393 793 1629 830 procreatum,

917 846 981 869 nec
996 836 1156 870 sacrificii
1169 839 1342 871 oblatione
1354 839 1505 871 mitescit
1517 850 1527 879 3
1547 850 1629 873 nam

918 897 995 920 cum
1016 888 1213 930 importune
1229 890 1396 922 instantes
1413 890 1534 932 abigit,
1552 891 1629 924 illos

908 939 1168 981 qninquaginta
1193 940 1251 981 qui
1282 950 1386 973 manu
1414 941 1522 983 Tydei
1552 941 1629 975 fue-

909 990 1224 1032 rantjnterempti,
1239 1001 1323 1033 quos
1334 992 1432 1023 vittis
1448 992 1628 1027 redimitos

917 1039 1003 1072 dicit
1028 1045 1150 1081 utpote
1178 1050 1287 1082 reges,
1312 1051 1441 1084 eosque
1468 1042 1629 1086 sacrificii

915 1091 1079 1133 sanguine
1106 1092 1221 1134 placat
1249 1097 1398 1126 ostenso.
1443 1094 1545 1127 Illum
1576 1099 1627 1127 ta-

915 1152 993 1174 men
1009 1152 1077 1175 non
1102 1143 1240 1184 sanguis
1267 1154 1377 1185 sacer,
1393 1154 1463 1176 non
1487 1145 1572 1177 alius
1588 1145 1627 1178 li-

916 1203 1014 1234 quor,
1031 1193 1089 1235 qui
1107 1193 1287 1226 sacrificiis
1299 1195 1485 1229 ,consuevit
1510 1194 1627 1228 offerri

914 1244 1072 1286 mitigat3
1095 1244 1129 1276 id
1155 1250 1224 1283 est,
1239 1245 1322 1284 vini,
1339 1249 1400 1277 aut
1426 1245 1548 1286 mellis,
1565 1251 1627 1279 aut

914 1294 1031 1336 lactis,
1047 1295 1106 1327 sed
1123 1294 1317 1326 immortale
1344 1295 1460 1337 odium
1478 1297 1626 1336 posteris

914 1346 1171 1386 servans,nulla
1186 1346 1361 1378 oblatione
1375 1345 1534 1378 sacrificii
1552 1348 1625 1390 pla-

913 1401 1025 1431 catur.
1047 1397 1148 1429 Idem.

954 1450 1020 1479 609
1049 1446 1113 1479 Sed
1146 1447 1270 1489 prosilit
1299 1448 1399 1489 ultro]
1437 1449 1623 1483 Lindenbr.

913 1502 1012 1531 notat
1027 1508 1046 1530 e
1062 1498 1480 1540 scriptiszproligit.1n
1497 1502 1623 1534 nostris

912 1548 987 1581 fere
1015 1549 1172 1581 omnibus
1199 1550 1313 1581 clare:
1336 1550 1476 1591 prolicit.
1505 1551 1623 1583 Veris-

912 1600 1018 1631 sime:
1042 1599 1085 1631 ad
1114 1609 1304 1632 sermonem
1335 1600 1472 1633 invitat.
1518 1601 1623 1634 Plau-

913 1653 969 1681 tus
986 1649 1212 1682 Curculione:
1237 1650 1248 1668 ‘
1262 1650 1345 1692 Ejus
1358 1660 1453 1683 amor
1462 1652 1623 1693 cupidam

914 1710 968 1733 me
988 1701 1053 1733 huc
1078 1701 1217 1743 prolicit
1241 1710 1304 1743 per
1327 1701 1512 1734 tenebras!
1538 1703 1622 1736 Gro-

913 1761 984 1784 nov.
1605 1767 1611 1771 ¹

955 1805 1020 1836 612
1048 1803 1137 1836 Vidit
1159 1804 1260 1837 amica
1273 1805 1357 1847 dies]
1380 1806 1571 1848 Prospera,
1586 1807 1620 1841 id

912 1858 978 1891 est,
991 1864 1067 1897 quae
1084 1854 1128 1886 ab
1143 1855 1398 1888 execrabilibus
1410 1856 1622 1889 facinoribus

913 1910 967 1937 est
995 1905 1130 1938 aliena:
1153 1915 1230 1938 nam
1269 1911 1350 1948 post
1385 1907 1459 1949 ejus
1487 1908 1621 1940 obitum

913 1965 999 1989 uxor
1026 1955 1088 1988 filii
1117 1957 1168 1989 sui
1199 1957 1378 1998 OEdipodis
1409 1963 1463 1991 est
1496 1959 1622 1991 sortita

912 2006 1120 2048 conjugium.
1166 2007 1234 2041 Qui
1261 2007 1434 2040 funestam
1459 2019 1530 2041 rem
1554 2019 1620 2042 sae-

912 2057 1052 2099 pissime
1086 2056 1315 2090 foecunditate
1345 2063 1465 2100 partus
1496 2059 1621 2092 incerti

910 2107 1129 2149 significavit.
1173 2108 1337 2141 Secutum
1365 2114 1419 2141 est
1449 2109 1620 2142 nihilomi-

911 2168 987 2196 nuS‚
1004 2163 1042 2191 ut
1059 2168 1096 2190 re
1120 2159 1258 2200 cognita
1276 2158 1365 2191 filius
1392 2161 1541 2202 conjunx
1559 2170 1618 2192 vo-

911 2210 1062 2242 luntaria
1078 2220 1114 2242 se
1131 2211 1298 2243 caecitatis
1314 2221 1415 2252 poena
1430 2213 1620 2254 damnaret,

910 2260 1038 2293 deinde
1063 2261 1293 2293 voluntarium
1317 2261 1494 2304 Polynicis
1522 2264 1621 2296 exili·-

909 2321 980 2351 um,
994 2315 1031 2343 et
1047 2315 1124 2352 post
1147 2311 1262 2344 omnia
1284 2311 1461 2344 imminens
1478 2313 1618 2347 bellum.

908 2362 1057 2396 Laetam.

951 2417 1016 2447 613
1039 2414 1175 2447 Plocata
1187 2416 1361 2449 minoribus
1369 2417 1496 2459 umbro]
1519 2419 1618 2451 Cala-

909 2465 1088 2498 mitatibus
1114 2471 1354 2508 posterorum;
1377 2478 1455 2500 nam
1479 2473 1516 2501 et
1539 2479 1617 2511 par-

910 2515 1121 2548 ricida‘filius
1148 2522 1319 2559 perpetua
1342 2524 1438 2551 errat
1454 2520 1617 2553 caecitate

909 2566 1111 2599 damnatus:
1136 2573 1172 2599 et
1188 2568 1223 2599 in
1236 2578 1341 2609 regno
1357 2575 1503 2611 nepotes
1515 2576 1619 2605 erant

909 2616 1085 2649 discordes
1102 2617 1294 2660 cupiditate
1311 2620 1490 2661 regnandi.
1514 2621 1615 2655 Idem.

951 2671 1016 2701 621
1041 2670 1153 2702 Pande
1164 2671 1213 2702 vel
1222 2670 1366 2710 infensus
1379 2673 1427 2704 vel
1435 2671 1502 2713 res]
1523 2673 1615 2707 Quin

902 2719 975 2761 jam
992 2719 1021 2751 si
1037 2720 1196 2759 iratus'es
1210 2730 1311 2753 narra
1335 2722 1427 2764 quod
1449 2722 1590 2756 doleant
1604 2735 1614 2764 ;

910 2770 938 2801 si
954 2770 1111 2812 placatus
1127 2779 1176 2807 es,
1192 2771 1340 2813 posteris
1351 2772 1429 2812 ede,
1445 2773 1535 2814 quod
1559 2783 1617 2809 ca·-

909 2825 1035 2868 ‚veantz
1059 2825 1098 2867 ut
1115 2820 1152 2854 in
1165 2820 1351 2855 inferorum
1367 2824 1523 2865 squalore
1538 2833 1615 2866 per·
