1878 3164
224 640 228 642 ,
289 582 759 646 ΝΟΤΙΤΙΑ
846 581 1475 643 LITERARIA

478 837 547 928 13.
593 858 936 928 PAPINI'O
982 877 1274 933 STATm

749 1007 890 1052 ΡΟΕ
905 1007 1012 1051 ΤΑ.

284 1198 302 1204 „
369 1159 430 1191 Ex
449 1158 514 1192 so,
535 1158 634 1190 ALB.
656 1157 862 1193 momen
881 1139 1391 1209 Bn1BL10'14HECA-LAT1NRA.

266 1224 299 1256 A
319 1223 383 1257 J0.
406 1223 514 1257 Avo.
535 1222 729 1256 ERNESTI
750 1223 944 1257 Aucms
966 1224 1117 1263 EDITA,
1139 1225 1227 1258 Lm.
1249 1225 1297 1257 11.
1319 1225 1420 1258 cAP.
1444 1229 1496 1259 m.

740 1411 868 1452 Statii
896 1411 1027 1452 AEtas.

152 1482 230 1541 P,
251 1500 476 1540 Paruum
508 1501 699 1540 Sumus
734 1499 1038 1551 Neapolitanus,
1063 1505 1173 1550 patre
1203 1505 1335 1545 natus,
1369 1507 1613 1553 praeoeptore

151 1565 382 1612 Domitiani,
397 1565 466 1617 qui
480 1564 605 1604 multa
624 1563 796 1602 carmine
811 1569 852 1601 et
870 1562 1046 1601 Oratione
1067 1563 1292 1613 scripserat,
1314 1570 1357 1602 ut
1370 1564 1474 1604 filius
1492 1573 1619 1604 testa-

152 1638 216 1670 tur
227 1628 416 1682 Epicedio
434 1628 474 1667 in
491 1635 644 1682 patrem
658 1626 838 1678 lethargo
858 1625 1070 1672 sublatum,
1091 1626 1201 1679 Sylv,
1226 1641 1265 1666 v,
1287 1629 1346 1666 3.¹
1406 1628 1620 1683 Extempo-

116 1710 119 1713 ’
153 1690 226 1733 r'ali
242 1694 429 1746 poemata
445 1690 708 1744 componendi
727 1689 917 1729 facilitate
935 1690 1166 1741 Imperatori
1186 1690 1414 1730 Domitiano
1439 1694 1619 1745 gratissi-

153 1770 240 1797 mus
254 1757 344 1805 fuit,
363 1763 404 1796 et
422 1769 448 1796 a
461 1755 670 1809 majestate
685 1754 869 1793 carminis
886 1753 1103 1807 Aquilium
1117 1755 1283 1794 librariis
1303 1754 1452 1795 dictus:
1482 1763 1618 1797 tamen

152 1821 280 1861 vietus
299 1820 340 1859 in
360 1832 489 1873 agone
508 1817 792 1872 quinquennali
822 1817 1052 1866 Domitiani,
1072 1818 1159 1858 aliis
1177 1820 1304 1870 poetis
1324 1827 1462 1860 contra
1490 1822 1620 1874 ipsum

153 1884 368 1932 coronatis,
384 1884 536 1936 utipse
556 1882 685 1927 innuit
698 1882 872 1921 carmine
886 1881 936 1920 ad
958 1881 1167 1920 Claudiam
1185 1895 1347 1922 uxorem
1363 1891 1403 1923 et
1420 1885 1459 1924 in
1471 1893 1622 1937 patrem

155 1948 360 2002 EpicediO.
416 1947 535 1994 Quod
567 1959 660 1987 vero
690 1946 811 2000 aliqui
841 1954 1017 1994 narrant,
1037 1960 1126 1986 eum
1144 1955 1345 2000 praeacuto
1366 1949 1471 2000 stylo
1492 1950 1540 1990 ab
1560 1950 1621 1988 in,-

156 2012 347 2066 dignante
365 2013 606 2064 Imperatore
631 2024 720 2050 esse
740 2010 985 2057 confossum,
1012 2010 1054 2048 id
1087 2010 1214 2062 magis
1245 2011 1400 2051 videtur
1418 2012 1620 2059 credibile,

157 2089 276 2131 quam
293 2075 403 2130 quod
419 2075 616 2129 Aliger-ius
644 2074 798 2114 Dantes
818 2073 1008 2126 prodidit,
1033 2087 1137 2123 eum,
1158 2074 1384 2115 Christiano
1416 2075 1621 2116 addictum

203 2206 214 2224 ¹
237 2206 404 2249 Perpersm
438 2205 582 2248 quidam,
626 2210 662 2237 nt
704 2205 866 2238 Domitius
917 2216 979 2247 quo
995 2204 1118 2237 Gellius
1133 2215 1182 2238 xv.
1198 2205 1269 2248 19.)
1295 2210 1328 2236 et
1342 2205 1438 2248 poe'ta
1463 2212 1567 2238 noster
1585 2207 1624 2238 P.

160 2250 357 2286 Cnlderinus,
372 2248 633 2292 Lindenbrogius,
647 2247 699 2280 Fr.
714 2249 867 2280 Metellus
916 2249 1069 2290 Papinius
1105 2248 1234 2280 Statius.
1274 2248 1358 2280 Vide
1398 2248 1451 2281 Jo.
1482 2250 1623 2282 Marium

160 2293 334 2336 Papiuinm
345 2291 514 2324 Surculum
530 2291 671 2324 Statium
695 2291 869 2333 appellant.
916 2291 1070 2322 Mattium
1100 2290 1138 2322 L.
1168 2301 1209 2322 υ.
1241 2291 1437 2332 Opinionum
1466 2303 1538 2334 cap.
1569 2296 1624 2325 13.

158 2336 280 2369 snum
300 2335 395 2366 modo
414 2344 596 2376 prenomen
612 2335 709 2366 fuisse
724 2336 868 2366 observa·
917 2335 981 2366 Sed
1001 2336 1060 2365 ista
1071 2334 1116 2365 ita
1129 2338 1202 2365 sunt
1218 2345 1257 2366 ex
1272 2339 1380 2367 vetere
1389 2335 1510 2367 ratione
1524 2336 1626 2366 nomi-

156 2386 223 2422 tur,
235 2384 273 2410 nt
284 2377 319 2410 in
336 2377 446 2419 priscis
469 2376 726 2419 inoeriptionibus
750 2372 869 2409 Statiu‘s
917 2388 1015 2408 num:
1043 2378 1100 2409 sub
1123 2377 1361 2418 imperatoribus
1390 2383 1507 2415 autem,
1528 2379 1628 2420 inpri-

159 2421 323 2457 AEbutius.
335 2421 455 2453 Statius
469 2419 651 2457 Marcellus,
666 2425 700 2451 et
714 2420 800 2461 apud
818 2420 867 2452 Li-
917 2421 975 2452 mis
991 2421 1065 2451 inde
1080 2422 1120 2452 ab
1136 2420 1251 2452 saeculo
1266 2420 1366 2461 primo
1381 2426 1530 2459 extremo,
1546 2421 1625 2452 ratio

160 2466 247 2497 vium
273 2463 392 2498 Statius
414 2462 532 2495 Caelius
555 2463 730 2504 Imperator
744 2463 868 2495 Samni·
918 2463 1081 2494 nominum
1106 2464 1154 2495 vel
1176 2463 1436 2505 imponendorum
1464 2463 1514 2494 vel
1540 2475 1628 2496 assu-

161 2508 262 2540 tium:
285 2506 379 2538 modo
414 2515 537 2542 nomen,
565 2511 600 2536 ut
623 2505 658 2537 in
687 2506 797 2537 iisdem
822 2507 869 2536 in·
920 2507 1103 2539 mendorum
1124 2506 1217 2538 valde
1247 2511 1365 2537 mutata
1380 2511 1438 2542 est,
1453 2507 1627 2549 habuitque

162 2549 384 2592 scriptionibus
421 2548 460 2580 C.
490 2548 609 2580 Statius
646 2547 791 2588 Faustus,
829 2548 870 2581 C.
918 2549 1003 2582 idem
1018 2559 1103 2590 saepe
1117 2549 1206 2593 plura
1222 2549 1360 2586 nomina,
1375 2560 1405 2579 v.
1420 2559 1449 2580 c.
1464 2549 1594 2581 alterum
1609 2561 1630 2581 a.

162 2593 280 2625 satius
302 2591 521 2630 Primigenius,
544 2591 583 2624 C.
608 2590 735 2623 Statius·
749 2591 871 2623 Neure-
921 2598 1019 2634 patre,
1042 2592 1173 2625 alterum
1196 2603 1216 2622 a
1238 2597 1346 2628 matre,
1369 2590 1430 2623 &c.
1460 2592 1546 2624 unde
1568 2603 1629 2624 nec

163 2633 228 2673 tus,
251 2634 369 2667 statius
397 2634 593 2674 Saturninus,
623 2639 656 2666 et
684 2634 722 2666 L.
753 2634 871 2665 Statius
919 2635 1113 2677 praenomina
1127 2645 1186 2668 nec
1200 2635 1391 2676 cognomina
1402 2633 1468 2665 fieri
1485 2635 1623 2666 debent:

165 2677 311 2718 Ursulus,
324 2677 504 2709 Tolosensis
531 2678 634 2708 rhetor
657 2678 714 2709 sub
731 2676 870 2720 Nerone,
920 2678 962 2713 de
987 2688 1050 2719 qua
1063 2689 1095 2711 re
1108 2682 1252 2710 accurate
1275 2688 1375 2718 nuper
1399 2676 1522 2718 scripsit
1544 2677 1628 2712 Can·

164 2721 207 2752 de
221 2730 285 2762 qno
310 2719 468 2752 Pontscus
482 2720 522 2750 ad
550 2720 682 2751 Eusebii
706 2720 822 2752 chron.
840 2731 871 2762 p.
921 2721 1097 2762 negieterns
1123 2721 1225 2753 JCtus
1247 2720 1280 2751 in
1301 2721 1378 2752 libro
1403 2721 1450 2752 de'
1469 2721 1630 2753 nominum

165 2765 244 2796 ⁶⁶9.
257 2767 291 2794 et
304 2761 422 2795 statius
437 2763 573 2795 Sebosus
589 2762 694 2794 Plinio
716 2768 749 2794 et
762 2763 872 2794 Solino
922 2764 1094 2795 mutatione
1106 2765 1163 2795 sub
1171 2764 1364 2805 principibus
1373 2762 1541 2794 Romanis:
1554 2764 1629 2798 add.

165 2805 311 2837 laudatus
330 2815 447 2846 supra:
470 2806 564 2836 modo
589 2815 758 2847 cognomen
784 2806 872 2838 deni·
922 2806 1020 2837 filium
1040 2807 1073 2837 in
1090 2807 1213 2839 Comm.
1230 2807 1269 2838 ad
1294 2807 1404 2847 fragm.
1419 2806 1440 2838 J
1445 2806 1504 2836 uris
1520 2811 1582 2837 vet.
1599 2807 1631 2837 in

167 2859 242 2891 que,
268 2853 303 2879 ut
331 2847 476 2880 Caecilius
500 2848 616 2880 Statius
642 2849 791 2883 Comicus
816 2849 874 2891 (de
924 2849 1040 2882 conat.
1055 2850 1137 2893 legg.
1152 2849 1288 2882 Mosaic·
1302 2855 1334 2881 et
1350 2849 1446 2882 Rom.
1463 2860 1494 2891 p.
1511 2852 1587 2882 240.
