1878 3164
323 210 438 255 2034

644 529 1127 583 ACHILLEIDOS
1180 529 1322 579 LIB.

370 686 503 727 Jamque
521 695 576 726 per
588 685 731 726 AEgaeos]
758 685 835 717 Hoc
863 684 948 716 libro
962 683 1021 716 de-

326 735 445 768 scribit
461 735 562 776 poeta
575 734 823 776 navigationem
839 734 971 775 Ulyssis
987 738 1023 766 et

329 785 508 817 Diomedis
545 785 587 816 ad
620 785 749 825 Scyron
783 783 935 823 insulam,
962 783 1022 815 ubi

328 834 495 867 Achillem
521 835 639 867 habitu
662 833 804 865 femineo
819 833 1022 865 delitescen-

328 888 398 915 tem
420 884 624 915 invenerunt
639 884 730 915 inter
757 884 884 924 puellas
901 883 1021 923 regias.

328 934 477 974 Laertia]
500 934 541 965 Id
558 939 612 966 est
638 933 783 974 Ulyssis,
798 942 873 964 nam
890 932 1022 965 Lafirtae

328 981 415 1013 filius
430 982 496 1014 fuit
511 992 554 1014 ex
570 981 740 1014 Anticlea.
764 983 916 1014 Britann.

370 1034 392 1064 2
406 1032 429 1062 I
427 1041 582 1063 nnumeroe
591 1031 751 1063 mutabant
765 1032 915 1072 Cycladas
923 1030 1024 1072 αυτ-ιε]

329 1082 454 1122 Celeri,
470 1082 592 1123 inquit,
607 1086 782 1113 ventorum
797 1080 882 1112 flatu
904 1081 1024 1122 Cycla-

328 1132 410 1163 dum
444 1133 560 1163 multae
598 1131 876 1172 praeteribantur,
910 1131 1024 1172 sicque

329 1181 540 1213 transeundo
556 1181 784 1212 mutabantur.
812 1180 913 1212 Idem.

371 1234 390 1262 3
416 1232 516 1262 Paros
533 1229 735 1271 Olearosque]
754 1230 808 1260 Ex
820 1228 1024 1270 Cycladibus

329 1285 422 1321 sunt,
435 1290 511 1322 quae
526 1284 565 1311 ut
576 1280 721 1311 diximus
734 1279 829 1311 initio
844 1278 1024 1310 duodecim

329 1329 435 1361 fuisse
451 1330 641 1370 produntur
654 1330 688 1360 in
704 1329 818 1370 AEgaeo
834 1329 924 1361 sitae.
957 1329 1024 1360 Pa-

329 1389 385 1411 ros
420 1382 534 1410 autem
563 1378 712 1419 lapidem
742 1379 901 1419 producit
924 1387 1024 1419 quem

329 1428 469 1460 Parium
511 1429 690 1469 appellant
728 1428 780 1459 ad·
821 1436 1024 1460 marmoreas

328 1479 517 1518 sculpturas
544 1478 763 1518 aptissimum.
789 1476 919 1517 Latent]
955 1477 1024 1508 Na-

328 1527 440 1559 turale
464 1527 552 1559 enim
568 1530 633 1567 est,
647 1530 687 1558 ut
713 1531 840 1568 quanto
862 1526 968 1567 magis
985 1526 1028 1559 ab

330 1586 396 1609 uno
405 1578 479 1609 loco
492 1576 711 1618 digredimur,
722 1586 740 1608 e
751 1580 939 1617 conspectu
952 1586 1030 1611 nos-

330 1631 385 1658 tro
401 1627 429 1657 is
445 1626 673 1667 subtrahatur,
688 1630 724 1658 et
739 1630 859 1658 contra
874 1635 915 1657 ea
929 1626 1026 1658 nobis

328 1675 436 1716 magis
469 1679 670 1716 appareant,
695 1674 814 1717 quibus
843 1676 1026 1717 appropin-

331 1734 486 1766 quamus,
500 1724 589 1756 unde
612 1723 729 1764 infert,
743 1724 753 1742 ‘
770 1723 862 1755 Ante
888 1724 1026 1767 oculos:

329 1775 396 1806 &c.
414 1773 514 1805 Idem.

371 1827 393 1856 4
417 1823 572 1856 Bacchica
586 1823 712 1864 Naxos]
742 1824 795 1855 Ex
819 1823 1025 1864 Cycladibus

330 1883 398 1905 una
434 1879 499 1914 est,
524 1873 660 1905 Baccho
694 1878 919 1913 consecrata;
946 1883 1025 1906 nam

330 1923 436 1955 Naxii
464 1922 580 1955 ferunt
608 1923 697 1954 hunc
730 1923 840 1955 Deum
865 1924 956 1963 apud
987 1934 1025 1956 se

330 1974 511 2014 nutritum,
539 1973 584 2005 ob
612 1982 754 2014 eamque
783 1982 852 2004 rem
882 1973 1025 2006 insulam

330 2024 394 2055 sibi
423 2023 692 2064 acceptissimam
719 2032 804 2063 esse,
825 2024 1027 2064 Nysiadam-

329 2083 397 2114 que
420 2083 440 2105 a
461 2073 628 2105 nonnullis
650 2073 729 2113 dici,
748 2073 826 2105 vina
846 2073 1027 2106 habentem

329 2124 516 2165 praecipua.
537 2124 635 2164 Virg.
661 2122 671 2140 ‘
688 2123 960 2165 Bacchatamque
969 2124 1027 2166 ju-

330 2172 381 2213 gis
399 2171 543 2204 Naxon.'
557 2171 656 2203 Idem.

372 2225 391 2252 6
417 2222 580 2253 Crescente
615 2221 726 2262 Samo]
768 2221 856 2254 Quia
897 2227 1026 2263 quanto

330 2271 437 2311 magis
455 2270 498 2302 ad
513 2279 585 2303 eam
601 2270 936 2312 appropinquabant,
951 2275 1025 2303 tan-

330 2325 366 2351 to
381 2319 499 2351 melius
524 2320 727 2360 cernebant,
744 2321 833 2352 unde
856 2322 961 2361 maior
977 2322 1026 2354 vi-

330 2369 492 2410 debatur3
523 2369 602 2401 ideo
637 2376 792 2402 crescere
833 2370 1022 2404 videbatur.

333 2420 469 2461 Opacat]
504 2420 668 2453 Umbrat:
699 2425 798 2452 erant
836 2421 925 2453 enim
950 2421 1024 2462 jam

330 2469 419 2510 apud
445 2479 521 2501 eum
547 2470 648 2501 maris
674 2470 798 2509 locum,
823 2480 889 2511 quo
914 2470 1023 2503 Delos

328 2518 481 2551 umbram
494 2519 689 2561 exporrigit.
715 2520 895 2552 Maturant.

371 2571 391 2599 8
422 2568 625 2609 Arcitenens]
655 2568 793 2610 Apollo,
819 2570 875 2601 cui
904 2570 1025 2611 peritia

329 2617 514 2658 sagittandi
536 2618 697 2650 tribuitur
721 2623 757 2651 et
773 2619 891 2660 gloria.
923 2620 1023 2652 Unde

329 2671 382 2697 est
407 2666 491 2698 illud
520 2666 662 2700 Ovidii:
684 2669 694 2686 ‘
710 2669 785 2700 Ista
811 2668 937 2701 decent
963 2670 1023 2701 hu-

328 2724 441 2749 meros
463 2717 651 2759 gestamina
670 2723 818 2756 nostros,
847 2719 916 2752 Qui
942 2719 1024 2752 dare

785 218 926 251 NOTAE
959 216 1223 250 VARIORUM
1254 216 1308 247 IN

1379 530 1453 578 11.

1076 687 1172 716 certa
1197 683 1293 724 ferae,
1318 683 1400 716 dare
1428 683 1570 715 vulnera
1593 690 1769 723 possumus

1075 732 1189 764 hosti!
1222 729 1356 775 Cynthi]
1385 733 1485 764 Mons
1501 737 1555 764 est
1568 732 1649 764 Deli
1663 730 1770 772 Apol·

1075 783 1153 814 linis
1177 783 1276 814 simul
1302 788 1338 815 et
1368 782 1489 814 Dianae
1519 787 1594 813 ortu
1618 779 1772 822 iusignia.

1076 832 1229 864 Britann.
1568 866 1571 870 ,

1117 884 1138 913 9
1160 880 1309 923 Impulit]
1345 881 1492 913 Immisit
1517 884 1556 913 nt
1581 879 1769 922 propitium

1077 935 1112 963 et
1133 931 1330 963 secundum.
1374 931 1474 963 Dedit
1491 930 1609 971 omnia]
1638 927 1771 962 Confir-

1076 982 1184 1014 mavit
1198 982 1308 1014 omina
1322 982 1415 1013 venti
1430 981 1672 1023 prosperitate.
1685 979 1739 1012 Id.

1121 1033 1159 1062 ll
1184 1031 1337 1063 Fatorum
1347 1034 1483 1062 evertere
1493 1029 1590 1070 leges]
1613 1028 1705 1062 Audi
1715 1037 1772 1061 ve·

1079 1084 1190 1113 teres:
1209 1080 1352 1119 satorum
1364 1083 1480 1111 vertere
1493 1079 1585 1119 leges.
1609 1078 1772 1114 Bernart.

1120 1132 1160 1161 15
1178 1130 1370 1171 Frangebat]
1382 1129 1447 1160 Vel
1459 1128 1538 1170 quia
1553 1127 1616 1167 sol,
1630 1135 1708 1160 cum
1718 1132 1772 1161 est

1077 1178 1111 1210 in
1125 1179 1274 1220 Occasu,
1288 1179 1461 1212 breviores
1474 1177 1584 1210 radios
1593 1177 1694 1220 Jacit,
1710 1186 1771 1210 un-

1077 1228 1121 1260 de
1132 1229 1231 1261 fracti
1243 1229 1412 1268 videntur,
1430 1232 1588 1269 respectu
1601 1226 1771 1260 radiorum

1077 1278 1243 1318 meridiei,
1273 1289 1349 1310 cum
1377 1283 1429 1310 est
1454 1287 1558 1319 supra
1578 1281 1681 1319 caput
1694 1286 1772 1310 uos-

1078 1332 1178 1366 trum,
1194 1330 1248 1360 vel
1258 1329 1335 1370 quia
1348 1338 1424 1360 cum
1434 1327 1528 1359 vadit
1536 1327 1577 1358 ad
1591 1327 1774 1367 occasum,

1078 1386 1156 1417 pars
1179 1377 1259 1409 solis
1285 1377 1346 1409 sub
1372 1377 1536 1415 orizonte,
1564 1385 1643 1416 pars
1669 1385 1773 1417 supra

1078 1431 1154 1458 est:
1181 1427 1271 1459 unde
1287 1426 1421 1458 videtur
1445 1431 1576 1467 partem
1601 1425 1773 1458 radiorum

1079 1475 1122 1506 ad
1138 1485 1214 1516 nos,
1230 1480 1363 1517 partem
1379 1475 1420 1507 ad
1444 1474 1623 1516 antipodes
1634 1474 1707 1515 jam
1717 1474 1772 1516 ja-

1081 1533 1184 1557 cere:
1221 1525 1300 1558 ideo
1321 1524 1495 1566 frangebat
1531 1524 1630 1558 dixit.
1663 1525 1773 1558 Matu-

1081 1577 1166 1606 rant.

1122 1626 1164 1655 19
1185 1622 1368 1664 Resumere]
1397 1623 1613 1656 Recedeutes
1637 1634 1656 1656 a
1672 1618 1771 1666 portu

1077 1680 1182 1704 naves
1197 1672 1298 1704 remis
1308 1671 1535 1711 deducuntur,
1548 1674 1654 1706 donec
1665 1675 1771 1707 altum

1080 1731 1187 1764 mare,
1202 1723 1261 1755 ubi
1276 1723 1387 1755 ventis
1403 1724 1478 1756 vela
1489 1725 1682 1758 concedunt
1690 1736 1772 1759 nau-

1081 1775 1147 1813 τως
1177 1783 1253 1806 cum
1283 1780 1405 1806 autem·
1426 1777 1699 1818 appropinquant
1726 1778 1770 1810 ad

1077 1827 1313 1865 portum‚tunc
1328 1825 1430 1856 etiam
1440 1825 1652 1866 malignitate
1667 1835 1771 1869 aquae

1078 1883 1151 1906 rum
1165 1874 1257 1906 venti
1273 1874 1380 1906 minus
1403 1880 1561 1915 potentes
1575 1880 1667 1917 sunt,
1680 1875 1770 1908 unde

1078 1924 1180 1956 remis
1209 1924 1370 1965 adjuvant
1396 1929 1528 1964 ventos,
1556 1924 1634 1956 ideo
1662 1924 1768 1957 dicit:

1077 1983 1229 2006 resumere
1240 1977 1376 2015 portum,
1389 1978 1419 2006 et
1432 1973 1581 2016 zephiros,
1590 1975 1643 2015 &a
1657 1974 1692 2006 id
1702 1979 1770 2014 est,

1073 2023 1147 2064 jam
1181 2022 1376 2055 deficientes
1404 2030 1548 2066 propter
1575 2024 1665 2058 vada
1695 2024 1769 2066 Jam

1078 2072 1173 2104 inita.
1198 2073 1296 2104 Idem.

1119 2127 1158 2157 21
1183 2125 1294 2165 Magis
1307 2125 1499 2167 indubitata]
1520 2125 1563 2157 Id
1585 2130 1650 2166 est,
1663 2125 1769 2168 magis

1078 2178 1173 2206 certa
1189 2179 1225 2206 et
1239 2174 1420 2207 manifesta
1434 2179 1522 2207 erat.
1547 2174 1698 2207 Britann.

1119 2227 1162 2266 22
1185 2225 1369 2266 Plaeidique
1386 2226 1490 2267 super]
1516 2220 1668 2256 Subaudiv
1681 2233 1701 2256 a
1715 2233 1770 2256 sa-

1077 2274 1223 2314 periore,
1251 2279 1337 2306 erat.
1378 2275 1442 2307 Est
1465 2279 1577 2307 autem
1605 2274 1768 2314 templum

1076 2323 1229 2354 Palladis
1245 2324 1287 2355 de
1311 2333 1378 2365 quo
1399 2323 1577 2365 superius:
1607 2323 1617 2341 ‘
1633 2323 1768 2355 Palladi

1076 2373 1224 2405 littoreae
1247 2373 1443 2406 celebrabat
1461 2374 1585 2414 Scyros
1605 2373 1768 2406 bonorum

1077 2423 1180 2454 Forte
1196 2423 1310 2454 diem.'
1338 2424 1438 2455 Idem.

1117 2475 1159 2505 23
1179 2473 1300 2505 Amicoe
1311 2473 1391 2514 deoe]
1415 2473 1501 2505 Nam
1512 2472 1627 2504 Pallas
1637 2472 1768 2505 Graecis

1077 2531 1211 2563 semper
1224 2521 1310 2554 favit
1322 2522 1358 2553 in
1373 2522 1464 2554 bello
1477 2521 1641 2562 Trojano.
1669 2522 1768 2554 Idem.

1119 2574 1162 2603 28
1183 2571 1351 2612 Littoreoe]
1385 2572 1471 2606 Quae
1494 2575 1570 2602 erat
1593 2571 1628 2602 in
1653 2571 1768 2603 littore

1077 2625 1173 2652 extra
1196 2620 1330 2660 urbem,
1355 2630 1422 2661 qua
1446 2619 1686 2662 speculabatur
1710 2630 1768 2653 ve-

1075 2669 1218 2702 nientes.
1240 2670 1420 2701 Maturant.

1118 2722 1162 2752 29
1183 2719 1352 2761 Ediderat]
1369 2718 1598 2752 Nuntiaverat
1609 2719 1768 2762 regisac-
