1878 3164
277 221 391 264 2068
450 233 655 265 comens
691 233 740 264 IN
776 232 1024 263 memorii.
1058 232 1218 265 murr.
1250 231 1541 265 AssERVArr.

276 329 392 379 bros,
423 332 465 370 et
490 333 705 383 praeterea
733 327 1037 381 unusquisque
1066 328 1175 369 liber
1209 328 1295 369 sibi
1329 329 1554 383 proprium
1586 327 1719 371 habet

278 398 580 449 argumentum
598 396 643 437 in'
663 407 793 437 versu
812 394 1002 435 heroico.

334 461 462 504 Alios
485 467 654 517 septem
673 461 849 504 codices
864 461 995 502 Statii
1010 460 1265 503 Thebaidos
1284 462 1441 504 retinet
1456 462 1720 506 bibliotheca

279 529 539 571 Harleiana.

335 597 452 638 Inter
472 595 662 638 Codices
684 594 955 645 Burneianus,
975 594 1036 636 N.
1062 595 1161 637 257.
1181 598 1251 636 est
1281 595 1382 637 cod.
1409 597 1649 639 membran.
1669 597 1722 639 li-

277 664 380 705 bros
421 674 515 704 xn.
559 663 814 705 Thebaidos
855 663 1097 713 continens,
1151 662 1414 716 quibusdam
1453 664 1627 717 paginis
1664 663 1722 706 ad

280 731 521 774 editionem
558 729 588 772 J
593 742 694 771 oan.
732 728 996 770 Veenhusen
1044 728 1233 779 collatis,
1285 729 1533 771 charactere
1581 743 1721 784 parvo

278 799 410 840 Goth.
431 797 573 839 lucide
591 797 796 850 scriptus,
817 799 862 837 et
890 796 996 837 mire
1024 796 1307 847 illuminatus,
1330 809 1432 838 cum
1459 797 1610 850 figuris
1632 798 1723 840 ele-

278 869 431 919 ganter
450 865 600 918 pictis,
622 876 774 905 omnes
794 876 921 916 paene
940 863 1196 905 Thebaidos
1219 869 1366 917 partes
1385 864 1723 907 illustrantibus.
1774 865 1777 868 ’

278 931 526 985 Praefigitur
584 930 908 984 Compendium
948 931 1081 971 totius
1123 930 1378 973 Thebaidos
1425 932 1647 985 prosaice,
1695 945 1725 975 a

277 1000 516 1042 Lactantio
537 997 811 1052 Campanum
828 1001 872 1039 et
893 997 1211 1051 subjunguntur
1233 998 1497 1052 singulorum
1516 999 1724 1042 librorum

278 1070 545 1120 argumenta.
607 1065 771 1107 Nullas
784 1065 916 1107 habet
929 1066 1260 1116 'annotationeS‚
1280 1067 1468 1119 glossas,
1486 1069 1562 1108 aut
1578 1067 1724 1110 varias

278 1134 522 1175 lectiones:
560 1133 815 1174 Thebaidos
854 1145 960 1174 vero
996 1123 1217 1183 codicum,
1252 1145 1365 1187 quos
1395 1133 1603 1185 vidimus,
1632 1147 1724 1176 om—

276 1201 397 1242 nium
418 1200 547 1254 longe
569 1203 636 1241 est
653 1199 986 1253 pulcherrimus.

336 1267 397 1309 N.
425 1267 526 1309 258.
554 1267 806 1309 Thebaidos
829 1266 951 1308 Libri
973 1277 1065 1308 xil.
1087 1266 1187 1308 cod.
1209 1266 1297 1308 Ms.
1318 1267 1555 1310 membran.
1577 1269 1724 1311 collat.

279 1335 336 1378 ad
366 1334 581 1390 quasdam
613 1346 743 1388 pagg.
777 1333 981 1376 editionis
1009 1333 1142 1376 Joan.
1171 1332 1454 1386 Veenhusen‚
1475 1347 1575 1377 cum
1605 1335 1724 1378 notis

277 1403 592 1457 marginalibus
614 1406 660 1442 et
678 1402 814 1454 gloss.
831 1413 936 1442 saec.
959 1412 1033 1441 xi.
1052 1401 1126 1442 vel
1147 1411 1239 1442 xu.
1260 1401 1368 1442 nihil
1387 1391 1623 1444 mutilatus.

335 1470 389 1511 In
411 1468 687 1511 Bibliotheca
718 1467 868 1508 Musei
899 1468 1142 1511 Britannici
1177 1471 1244 1510 est
1274 1469 1409 1510 etiam
1428 1469 1566 1511 editio
1587 1469 1728 1524 Lugd-

280 1532 394 1581 Bat.x
404 1536 531 1578 1616.
553 1548 654 1577 cum
673 1534 788 1577 notis
807 1534 921 1576 Mss.
939 1530 1125 1576 Ricardi
1141 1530 1347 1588 Bentleii,
1367 1540 1413 1577 et
1433 1536 1576 1578 Paris,
1597 1535 1727 1579 1618.

281 1618 381 1647 cum
410 1604 527 1646 notis
560 1603 675 1644 Mss.
702 1601 900 1657 ejusdem
935 1602 1137 1643 Bentleii.
1200 1599 1290 1644 Hi's
1322 1602 1462 1646 addas
1492 1603 1727 1658 Sylvarum

278 1673 441 1715 Libros
482 1672 676 1725 quinque
713 1669 977 1725 (secundum
1012 1670 1159 1712 varias
1198 1668 1434 1725 editiones)
1471 1684 1569 1713 cum
1608 1671 1722 1714 notis

279 1739 395 1782 Mss.
413 1738 506 1781 Jer.
528 1736 795 1780 Marklandi.

726 1835 891 1897 Codices
915 1835 1285 1894 cantabrigienses.

292 1967 295 1970 .
341 1935 390 1977 [n
413 1934 614 1978 Biblioth.
636 1934 764 1978 Publ.
787 1935 933 1978 codex
965 1939 1032 1977 est
1060 1935 1330 1988 Thebaidos,
1358 1936 1594 1978 membran.
1621 1948 1725 1978 saec.

278 2014 388 2046 xlv.
410 2004 661 2045 charactere
693 2002 823 2045 Goth.
845 2015 944 2043 cum
965 2003 1077 2044 notis
1096 2008 1140 2044 et
1170 2003 1306 2056 gloss.
1334 2002 1551 2046 Manceus
1580 2007 1663 2055 est,
1682 2006 1727 2045 et

279 2071 430 2113 deficit
447 2075 551 2125 post
570 2083 750 2113 versum
769 2070 867 2112 664.
885 2069 988 2111 libri
1007 2081 1099 2113 ΧΠ.

447 2137 586 2193 Cujus
602 2139 648 2180 in
670 2138 840 2192 Ogygio
862 2141 948 2180 stet
966 2138 1175 2192 princeps
1195 2139 1356 2180 lancea
1372 2151 1514 2180 muro.

336 2205 391 2248 In
412 2203 554 2247 Domu
575 2204 764 2246 Petrensz·
784 2204 931 2246 codex
953 2209 1026 2246 est
1045 2206 1117 2246 cui
1138 2206 1203 2248 tit.

786 2271 964 2313 Stacius

785 2339 1004 2394 Papinius
1032 2339 1309 2394 Thebaydos.

787 2405 939 2447 Oracii
960 2406 1168 2448 Carmina

957 2473 1189 2516 Sermones

954 2541 1184 2596 Epistolae.

278 2609 371 2652 Hic
393 2608 483 2650 Ms.
502 2608 685 2663 incipit:

393 2678 624 2719 Fraternas
645 2676 767 2718 acies
788 2676 1043 2731 alternaque
1062 2688 1193 2729 regna
1211 2673 1453 2729 prophanis

389 2744 640 2788 Discertata
659 2743 805 2788 hodiis
826 2746 975 2787 sontes
996 2757 1080 2798 que
1099 2743 1277 2786 volvere
1298 2741 1494 2784 Thebas.
