1878 3164
244 231 360 275 1922

251 332 430 370 Hor-mium
445 333 584 367 fluvium
608 332 707 366 multi
732 336 810 364 sunt
826 330 950 373 cygni3

251 390 288 419 ot
314 385 349 418 hi
371 385 429 427 qui
453 384 496 417 ab
525 384 591 416 hoc
620 382 723 414 fluvio
754 381 949 421 veniebam,

250 444 437 478 cygnorum
454 443 545 467 more
559 432 758 465 cantabant.
780 432 928 464 Laetam.

294 487 359 518 296
381 484 456 516 AEvi
474 483 650 522 Confudere
673 481 794 522 modos]
828 480 950 512 AEtatis

253 545 335 575 suae,
355 533 434 566 dum
458 541 557 574 paene
583 533 733 574 aequales
758 535 848 571 sunt,
874 539 952 572 spa-

251 585 303 617 tia
323 582 553 616 confuderunt
569 582 747 624 Nymphae.
775 580 831 613 Ad
853 589 951 612 orna-

252 639 404 667 mentum
421 632 578 665 carminis
591 632 642 663 sui
656 632 814 663 Graecum
831 638 952 661 nomen

252 683 400 725 accepit.
434 683 559 714 Graece
573 680 678 722 νύμφη
692 680 818 714 dicitur
831 690 952 722 sponsa.

254 734 364 766 Idem.

296 785 361 815 298
383 781 516 813 Mar-itis
543 780 683 822 ignibus]
717 780 843 813 Viriles
864 789 954 811 amo-

252 844 322 875 res,
362 833 563 866 concubitus
604 833 814 874 voluptatem
857 831 954 864 dicit.

254 885 402 918 Luctant-

299 938 362 967 300
387 934 455 966 Nec
477 935 618 976 longum]
654 933 696 965 Id
724 937 790 973 est,
821 936 955 973 tempus

256 985 402 1017 transiit.
437 985 482 1016 Et
494 984 619 1026 pulcher
632 983 818 1024 Alathreus]
845 982 957 1014 Natus

255 1040 308 1068 est
323 1035 412 1067 filius
435 1035 493 1077 qni
520 1035 612 1075 patri
637 1033 815 1065 crescendi
838 1032 957 1065 celeri-

253 1091 328 1118 tate
345 1093 444 1126 paene
459 1093 627 1126 aeqnoevus
642 1087 708 1116 est.
732 1083 829 1115 Idem.

299 1138 364 1167 304
389 1135 467 1166 Plus
493 1132 601 1175 pater]
633 1133 710 1165 Hoc
739 1138 805 1173 est,
830 1131 959 1173 gaudet

257 1189 359 1218 aetate
384 1183 603 1216 antecedenti
631 1182 815 1215 desiderio.
858 1183 958 1213 Juvat

254 1240 288 1268 et
308 1238 438 1267 ventura
458 1233 613 1274 senectus]
634 1234 712 1265 Uno
736 1238 892 1274 tempore
906 1242 958 1264 se·

259 1286 472 1317 nescentium
489 1285 597 1325 patris
611 1288 647 1315 et
662 1283 733 1315 filii.
758 1284 856 1316 Idem.

300 1338 363 1367 307
390 1335 561 1376 Coroniam]
586 1335 719 1367 Nomen
735 1345 754 1365 a
769 1336 858 1366 Coro
871 1334 957 1366 Cen-

258 1391 358 1418 tauro
375 1389 536 1426 tractum,
552 1395 572 1416 a
586 1394 654 1427 quo
669 1390 706 1421 et
722 1384 842 1415 civitas
855 1384 959 1423 dicta,

256 1445 356 1478 quem
383 1435 504 1477 reliqui
535 1435 700 1466 Centauri
727 1434 821 1467 velut
843 1433 959 1474 palum

258 1485 434 1518 caedentes
450 1490 551 1517 terrae
565 1484 760 1517 affixerunt.
781 1484 879 1516 Idem.

303 1538 366 1568 308
389 1535 513 1567 Baccho
550 1535 714 1576 Glisanta]
751 1536 841 1567 Duae
880 1534 961 1567 civi-

258 1592 350 1620 tates
370 1586 515 1618 duorum
531 1586 705 1618 numinum
722 1586 796 1628 pari
812 1585 960 1627 gaudent

260 1647 414 1677 munere,
429 1637 577 1669 Coronia
591 1637 729 1669 Baccho
750 1635 874 1668 fertilis
894 1641 960 1676 est,

258 1688 360 1720 simul
392 1687 574 1720 Glisanta:
611 1688 738 1719 Cerere
767 1686 961 1719 infoecunda

259 1739 467 1771 tristantur:
500 1747 563 1770 nec
585 1738 702 1770 evenit
724 1741 764 1769 ut
790 1742 960 1779 proventu

260 1798 322 1820 suo
348 1792 491 1829 utraque
506 1787 628 1824 civitas
643 1786 806 1819 frumenti
829 1793 865 1819 et
891 1786 962 1819 vini

261 1839 352 1873 bono
366 1838 544 1880 gauderet.
566 1838 664 1870 Idem.

305 1892 370 1922 310
395 1890 527 1931 Hypsea
552 1888 767 1931 quadriiugos]
803 1888 962 1921 Fratrem

264 1940 361 1974 AEaci
377 1939 475 1978 dicit,
491 1939 589 1980 cujus
605 1939 770 1980 juppiter
784 1948 827 1970 ex
847 1937 962 1970 formi-

262 1990 312 2023 cis
335 1989 446 2021 socios
471 1988 556 2020 fecit
581 1993 728 2020 armatos
743 1989 905 2028 existere,
914 1998 963 2020 ex

261 2048 305 2071 eo
320 2038 448 2071 Peleus
462 2042 562 2070 natus
577 2044 642 2078 est,
657 2047 701 2070 ex
722 2039 830 2070 Peleo
846 2037 964 2070 Achil·-

263 2089 329 2131 les,
355 2089 453 2130 cujus
476 2088 602 2120 milites
624 2087 857 2130 Myrmidones
879 2097 964 2119 nun-

262 2139 384 2181 cupati
409 2142 500 2178 sunt,
531 2148 552 2170 a
580 2137 795 2170 formicarum
821 2138 963 2179 origine.

259 2187 418 2231 μύρμηκες
433 2188 521 2220 enim
546 2188 669 2221 Graece
684 2188 831 2225 formicoe
847 2187 963 2220 dicun-

263 2243 341 2271 tur:
364 2240 454 2270 hunc
471 2238 649 2280 Hypseum
674 2237 709 2269 in
733 2237 793 2270 lib.
817 2247 871 2270 rx.
901 2238 965 2271 Ca—

262 2298 392 2332 pauens
408 2288 545 2321 occidit.
568 2288 665 2320 Idem.

307 2342 370 2371 311
396 2339 456 2371 Ter
469 2340 573 2371 insuto
587 2341 711 2370 servant
725 2338 883 2379 ingentia]
897 2338 965 2371 Qui

267 2390 321 2422 vel
357 2399 512 2431 quaenam
547 2392 690 2421 servant?
727 2389 808 2430 Ipse
847 2389 964 2431 utique

265 2434 429 2479 Hypseus
446 2438 570 2470 dicitur
593 2439 662 2470 late
683 2438 841 2470 umbrare
856 2439 964 2470 celsos

266 2488 499 2530 quadrijugos,
524 2487 596 2529 ipse
628 2489 707 2520 leva
730 2488 801 2520 sive
827 2488 966 2520 sinistra

264 2539 420 2580 corporis
436 2539 572 2580 clypeo,
593 2539 667 2579 ipse
689 2542 810 2580 pectus
837 2542 890 2570 ter
914 2538 964 2570 in-

264 2593 345 2621 suto
367 2588 460 2620 ferro
482 2597 541 2619 seu
566 2588 672 2620 lorica
692 2588 796 2620 trilici
817 2598 965 2621 servare.

260 2640 359 2679 Ergo
379 2643 438 2670 ant
460 2642 564 2670 servat
578 2642 630 2670 est
654 2637 881 2679 scribendum,
896 2642 967 2680 aut,

266 2689 298 2721 si
310 2689 374 2721 hoc
387 2698 527 2721 caesurae
543 2698 661 2730 negas,
675 2691 857 2721 servantem.
879 2689 966 2722 Gro-

265 2748 347 2772 nov.

310 2790 376 2821 312
408 2788 497 2821 Nam
535 2792 623 2830 tergo
657 2798 817 2832 nunquam
851 2788 966 2830 metm]

714 238 856 270 1⁸01*AE
889 233 1154 285 VARIQRUM
1188 234 1239 265 IN

1000 330 1080 361 Sive
1094 329 1175 370 quia
1191 329 1245 359 liic
1273 327 1409 360 virtutis
1431 334 1501 359 suae
1527 327 1708 370 praerogas!

1001 380 1069 411 tiva
1082 388 1254 421 nunquam
1270 378 1444 419 fugiebat:
1470 378 1542 410 sive
1551 377 1630 420 quia
1642 384 1707 410 ved

1001 435 1055 462 tus
1069 429 1278 461 consuetudo
1294 428 1423 468 fuerat,
1440 433 1477 460 ut
1494 427 1602 460 lorica
1615 436 1709 459 nnn·-

1002 488 1102 521 quam
1130 479 1196 510 nisi
1225 483 1344 520 pectus
1369 482 1518 520 tegeret,
1544 482 1582 510 nt
1603 487 1704 520 spem

1000 528 1092 570 fugae
1114 528 1266 569 eriperet
1287 528 1508 570 pugnaturis:
1530 527 1621 570 quod
1643 527 1708 560 Sa·

1000 580 1083 611 lust.
1100 578 1311 620 apertissime
1325 579 1526 611 monstravit
1544 577 1704 618 dicendo,

1002 634 1012 648 ‘
1028 629 1075 662 Et
1090 629 1125 661 in
1143 628 1290 660 maximo
1305 629 1452 661 omniurn
1468 633 1505 660 et
1524 628 1651 661 nudum
1665 632 1711 661 et!

1003 689 1132 712 caecum
1158 689 1280 720 corpus
1306 679 1348 711 ad
1370 680 1500 711 hostem
1521 678 1713 718 vertere;'³

1002 729 1036 761 id
1052 733 1118 770 est,
1134 729 1222 771 qnod
1240 738 1302 761 nec
1316 729 1418 771 oculi,
1432 739 1496 763 nec
1508 730 1616 763 lorica
1630 738 1705 762 um-

1003 780 1132 812 niebat.
1153 780 1300 812 Luceant.

1047 833 1111 863 314
1133 831 1235 862 Irrita
1250 831 1335 873 voto]
1357 831 1468 865 Quae'
1460 840 1494 863 m
1509 831 1706 873 percutien-

1004 881 1048 914 do
1063 891 1244 923 numquam
1266 882 1415 914 auctoris
1436 882 1489 914 sui
1513 885 1593 943 vota
1613 881 1714 915 deci·

1005 932 1069 974 pit.
1097 932 1195 964 Idem.

1048 986 1110 1015 315
1132 983 1269 1024 Asopos]
1317 982 1468 1015 Flavius.
1521 982 1590 1015 Hic
1627 990 1714 1016 cum

1006 1037 1139 1075 raptam
1163 1043 1183 1065 a
1206 1033 1295 1066 Jove
1318 1032 1421 1065 filiam
1438 1032 1592 1075 AEginam
1607 1041 1715 1075 aeqno¹

1007 1083 1120 1116 auimo
1141 1082 1233 1115 ferre
1248 1092 1315 1114 non
1338 1087 1467 1124 posset,
1491 1082 1582 1114 omni
1606 1087 1708 1124 aqua-

1007 1143 1082 1166 rum
1106 1134 1238 1176 agmine
1261 1133 1453 1166 concitatus
1474 1133 1596 1166 caelum
1610 1137 1713 1175 pete·

1007 1184 1065 1217 bat
1079 1183 1242 1217 infestus:
1264 1184 1354 1216 hunc
1375 1184 1540 1225 Juppiter
1551 1182 1708 1215 fulmina-

1008 1235 1069 1268 vit.
1099 1235 1226 1266 verum
1241 1234 1412 1276 hodieque
1425 1234 1552 1266 dicitur
1565 1243 1608 1266 eo
1622 1237 1709 1266 tem·

1006 1294 1091 1326 pore
1105 1294 1170 1326 quo
1184 1284 1311 1317 fulmen
1324 1284 1463 1325 excepit
1475 1284 1602 1326 primus
1610 1284 1710 1316 uren-

1008 1336 1099 1368 tibus
1114 1336 1198 1378 ripis
1213 1335 1333 1368 fluere.
1357 1334 1442 1367 Ideo
1457 1335 1560 1375 dixit,
1574 1335 1585 1354 ‘
1597 1328 1720 1368 adhuc—

1009 1387 1091 1427 ripis
1106 1387 1275 1419 animosus
1286 1396 1408 1428 gurges
1421 1385 1584 1419 anhelat!
1605 1385 1710 1418 Hunc

1008 1437 1160 1478 Asopum
1175 1436 1328 1469 breviter
1342 1436 1447 1468 etiam
1463 1435 1629 1469 describit
1643 1435 1716 1468 Lu-

1010 1495 1114 1519 canus
1130 1486 1266 1518 diceus:
1292 1490 1302 1505 ¹
1314 1486 1445 1528 Asopos
1457 1485 1587 1528 aquas!
1611 1485 1710 1519 mem.

1010 1535 1133 1576 Datur]
1170 1536 1248 1568 Hoc
1281 1540 1347 1576 est,
1371 1537 1531 1577 genuisse
1558 1535 1711 1569 dicitur:

1011 1589 1020 1603 ⁴
1038 1586 1141 1618 dare’
1163 1596 1225 1628 pro
1251 1587 1262 1605 ⁴
1279 1585 1418 1619 dicere.’
1455 1587 1617 1629 Virgilius
1640 1587 1712 1619 Bu·

1010 1637 1149 1669 colicis:
1173 1637 1263 1669 ‘Sed
1290 1642 1404 1669 tamen
1428 1637 1493 1670 iste
1516 1638 1612 1670 Dens
1632 1637 1724 1680 quis-

1010 1687 1067 1727 sit,
1084 1687 1139 1727 da,
1155 1687 1286 1729 Tityre,
1302 1687 1425 1720 nobis.'
1445 1687 1570 1721 Horat.
1586 1698 1613 1721 1.
1636 1688 1710 1721 Sat.

1009 1740 1041 1769 8.
1058 1738 1068 1754 ⁴
1082 1737 1138 1777 da,
1155 1737 1182 1769 si
1198 1746 1302 1778 grave
1325 1747 1391 1770 non
1405 1741 1472 1778 est,
1490 1738 1578 1772 Quae
1602 1738 1713 1780 prima

1009 1787 1132 1819 iratum
1148 1791 1303 1819 ventrem
1321 1787 1510 1829 placaverit
1524 1787 1631 1821 esca!
1650 1788 1713 1820 Te-

1010 1836 1139 1869 rentius
1165 1837 1294 1871 Heaut.
1338 1839 1349 1856 ⁴
1369 1837 1468 1870 Nunc
1493 1838 1722 1880 quamobrem·

1009 1888 1070 1919 has
1095 1891 1209 1929 partes
1233 1887 1424 1928 didicerim,
1453 1888 1570 1930 paucis
1599 1888 1712 1921 daho!

1012 1938 1103 1970 Hinc
1119 1938 1211 1980 apud
1225 1938 1260 1971 J.
1278 1938 1317 1970 C.
1333 1944 1480 1977 nostros,
1501 1939 1512 1959 ⁶
1528 1939 1612 1972 dare
1634 1948 1712 1972 sen-

1013 1987 1178 2029 tentiam‚’
1205 1998 1267 2029 pro
1295 1989 1306 2007 ‘
1323 1988 1441 2021 dicere
1467 1992 1506 2021 et
1530 1987 1713 2031 preferre.¹

1012 2038 1230 2070 Modestinus,
1256 2039 1279 2070 1.
1307 2047 1442 2072 xxvnr.
1477 2039 1522 2071 de
1550 2040 1600 2072 Re
1628 2039 1712 2073 Jud.

1012 2088 1022 2106 ‘
1037 2089 1118 2120 Duo
1132 2088 1271 2130 judices
1293 2089 1378 2129 dati,
1401 2089 1554 2121 diversas
1575 2095 1714 2122 senten-

1013 2137 1079 2169 tias
1095 2137 1265 2169 dederunt
1277 2137 1300 2170 τ’
1318 2143 1355 2170 et
1369 2139 1379 2156 ‘
1396 2138 1499 2171 dare'
1512 2139 1716 2180 simpliciter

1014 2187 1134 2220 eadem
1154 2188 1294 2220 notione
1306 2189 1472 2230 Ulpianus
1491 2190 1515 2222 l.
1531 2198 1654 2224 xxvu.
1669 2190 1713 2222 de

1013 2238 1164 2271 Liberali
1187 2239 1338 2271 Caussa:
1361 2240 1372 2258 ⁴
1387 2239 1423 2271 Si
1446 2240 1536 2272 enim
1556 2239 1715 2282 liquebit,

1015 2292 1135 2321 contra
1150 2288 1344 2320 libertatem
1359 2288 1480 2327 dabit:
1502 2289 1538 2320 in
1557 2298 1625 2331 qua
1647 2289 1713 2330 sig-

1014 2337 1211 2370 nificatione
1239 2347 1320 2370 usus
1344 2342 1398 2370 est
1427 2343 1465 2370 et
1490 2338 1624 2370 Plinius
1654 2338 1714 2373 lib.

1012 2397 1081 2420 vn.
1095 2388 1207 2429 Epist.
1221 2391 1253 2420 5.
1270 2388 1280 2406 ‘
1298 2387 1484 2420 secundum
1501 2389 1578 2421 reos
1594 2388 1701 2423 dedit.
1703 2389 1724 2405 ”

1016 2437 1166 2470 Bernart.

1058 2490 1119 2520 321
1145 2488 1294 2520 Nondum
1327 2488 1391 2520 ieta
1417 2487 1544 2531 licebat]
1581 2489 1714 2522 Vitiare

1014 2537 1163 2578 virgines
1177 2538 1314 2570 alienas.
1335 2538 1434 2571 Idem.

1056 2590 1120 2620 323
1144 2588 1369 2629 Censes-uirque
1379 2589 1500 2630 mamre]
1513 2590 1642 2623 Contra
1652 2600 1724 2624 nu-·

1014 2638 1074 2670 bes
1089 2642 1126 2670 et
1145 2636 1298 2670 fulmina.
1344 2639 1413 2670 Nec
1434 2650 1524 2681 quem
1536 2641 1719 2682 imploraret«

1015 2688 1160 2728 habebat]
1185 2688 1278 2721 Quia
1300 2689 1381 2721 huic
1407 2689 1496 2722 bella
1522 2700 1714 2723 commove-

1015 2742 1079 2778 rat,
1105 2748 1125 2770 a
1151 2748 1217 2780 quo
1246 2739 1358 2771 omnia
1385 2741 1524 2773 numina
1552 2742 1716 2775 auxilinm

1015 2788 1189 2830 postulare
1203 2795 1463 2824 consueverant.
1488 2791 1591 2825 Idem.
