1878 3164
307 235 421 283 1³79ss

309 341 557 376 riculameuta.'
601 340 759 373 Valerius
795 341 938 373 Flaccus
968 340 1007 372 li-

311 394 374 426 bro
399 402 440 425 11.
463 391 538 424 385.
569 392 579 410 ‘
594 392 698 423 Patet
721 391 914 432 ollisjanna
930 390 1006 430 leti,

309 442 426 485 Atque
452 443 576 474 iterum
600 450 755 473 remeare
768 440 874 472 licet-¹
913 440 1007 481 Lege

309 493 462 534 reliqua:
483 501 559 523 uam
585 492 677 523 locus
704 494 757 523 est
779 490 957 532 singularis
972 490 1006 521 in

308 542 395 574 hanc
423 552 515 580 rem3
558 550 668 583 neque
697 541 834 573 aliunde
862 539 1007 579 inferiae,

308 592 580 633 parentationes‚
605 595 640 622 et
669 590 780 622 omnia
816 591 1006 631 placamina

307 641 467 673 manium.
511 640 624 672 Aliter
653 639 789 672 Petitus
819 640 918 672 Misc.
947 648 1004 672 ιιι.

308 694 360 724 12.
377 701 451 723 nam
467 690 667 722 Bernartius
677 689 849 731 desperat.
867 690 1004 721 Gronov.

309 741 427 774 Gravis
440 740 558 780 exitus]
580 740 687 773 Quasi
710 740 773 771 hoc
787 736 896 771 Poeta
914 739 1004 770 volu-

307 791 386 830 erit,
420 794 460 822 ut
496 791 724 830 intelligamus
761 789 850 820 hunc
889 789 1003 820 nescio

306 850 404 882 quem
422 850 483 881 pro
499 849 627 871 morum
650 849 784 871 suorum
800 839 932 870 meritis
948 849 1005 871 oca->

305 889 452 922 cidisse:
477 893 513 921 et
529 893 643 920 votum
668 889 743 930 ejus
767 889 865 920 malae
881 888 1002 920 mentis

304 939 468 981 ostendit,
493 939 583 981 quod
607 943 699 971 esset
719 939 821 970 etiam
837 938 927 979 apud
951 939 1000 970 in-

303 989 396 1022 feros
411 992 633 1022 reservatum.
654 988 801 1021 Luceant.

346 1043 389 1072 18
412 1039 573 1080 Rebusque
594 1037 778 1079 ‹egre-scere]
808 1037 849 1069 ld
872 1042 935 1077 est,
957 1036 1000 1068 de

301 1090 442 1122 'aliorum
479 1089 648 1121 felicitate
687 1087 850 1130 torqueri.
909 1088 997 1133 Nam

300 1150 377 1173 cum
406 1141 505 1171 malis
527 1143 728 1180 pasceretur
748 1138 879 1178 alienis,
905 1145 1000 1178 pros·

302 1189 451 1231 peritate
468 1188 678 1220 tabescebat.
702 1187 848 1219 Lactant.

346 1239 387 1270 19
412 1239 611 1278 Quoscunque
625 1236 762 1277 vocaris]
783 1237 822 1268 In
840 1247 997 1279 quaecun-

301 1297 367 1329 que
404 1287 568 1329 obsequia
597 1288 651 1319 vel
685 1287 835 1319 remedia
866 1289 997 1320 vocaris

299 1337 444 1369 excitus.
471 1338 570 1369 Idem.
861 1329 866 1337 “

340 1388 383 1418 28
408 1386 518 1417 Omnis
539 1385 676 1425 capitum
696 1385 850 1426 annexit]
886 1387 931 1417 Et
955 1386 995 1418 ad

297 1435 404 1477 ipsius
427 1435 520 1467 canis
543 1436 659 1476 capita
682 1434 901 1466 referendum
931 1440 997 1476 est,

297 1490 334 1517 et
351 1485 393 1517 ad
411 1489 621 1526 serpentum,
635 1484 693 1526 qui
706 1485 822 1525 capita
836 1485 910 1525 ejus
925 1485 997 1516 cin-

297 1539 403 1577 'gunt3
425 1535 459 1567 id
483 1540 535 1567 est
558 1535 666 1567 omnis
679 1535 789 1566 hiatus
813 1535 928 1566 horum
945 1543 997 1566 ca·

296 1587 417 1627 pilum,
434 1586 513 1627 quia
530 1585 702 1616 Cerberus
718 1589 791 1615 est:
815 1587 875 1615 ant
887 1585 995 1616 omnis

291 1635 410 1667 hiatus
422 1639 631 1676 serpentum,
655 1634 776 1675 quibus
801 1640 906 1675 caput
922 1634 995 1676 ejus

294 1685 449 1726 collaque
465 1685 630 1716 velantur.
652 1684 800 1716 Lactant.

336 1738 380 1767 29
403 1735 520 1775 Sparsa
543 1736 606 1765 solo
637 1734 833 1774 turbaverat]
870 1734 910 1766 Id
940 1737 994 1766 est

293 1793 410 1826 sparsa
438 1784 584 1824 fecerat,
617 1784 816 1825 hypallage:
862 1789 897 1816 et
930 1784 994 1816 hec

292 1834 471 1866 irascentis
487 1838 551 1865 est.
580 1833 676 1874 Virg.
692 1834 701 1850 ‘
717 1833 807 1865 Ossa
823 1843 927 1874 super
940 1843 991 1865 re-

292 1883 445 1916 cubans.’
492 1884 679 1924 Gigantum
705 1884 838 1916 scilicet
853 1894 928 1915 ossa
942 1885 992 1915 in-

293 1934 528 1974 sepultorum;
551 1932 692 1974 fingitur
713 1933 802 1964 enim
819 1933 990 1965 Cerberus

293 1982 517 2014 cadaveribus
533 1982 637 2023 pasci.
661 1982 760 2014 Idem.

334 2036 374 2064 31
400 2034 517 2065 Ferrea
527 2028 713 2074 tergemino]
737 2034 889 2074 Propter
902 2034 991 2071 trina

290 2080 420 2114 lumina
442 2083 544 2114 trium
569 2082 730 2123 capitum,
746 2083 844 2124 quasi
867 2086 920 2114 tot
942 2083 991 2115 illi

289 2140 423 2164 somnos
447 2132 638 2172 immiserit,
659 2137 742 2173 quot
764 2132 880 2174 capita
897 2133 991 2165 lumi-

289 2180 390 2212 nibus
407 2186 632 2213 armarentur.
656 2182 755 2213 Idem.

333 2233 375 2263 32
398 2232 460 2263 Est
473 2233 556 2264 locus
570 2232 724 2272 Inachiae]
749 2232 836 2264 Haec
860 2233 990 2274 (Ίόρο-

289 2280 408 2313 thesia’
425 2281 571 2313 dicitur:
596 2283 629 2313 id
645 2287 698 2313 est
714 2281 813 2314 fictus
829 2282 923 2314 locus
939 2292 988 2314 se-

288 2330 437 2362 cundum
469 2331 640 2372 poeticam
668 2331 855 2363 licentiam.
901 2332 987 2364 Nam

287 2380 323 2410 in
336 2380 499 2421 ejusmodi
515 2380 758 2422 descriptIone,
775 2381 830 2413 ubi
847 2382 919 2412 veri
940 2382 988 2414 lo-

287 2431 319 2462 ci
355 2430 461 2462 facies
500 2432 763 2468 demonstratur,
793 2432 988 2473 ‘Topogra-

288 2481 365 2521 pitia
379 2479 389 2494 '
405 2481 530 2512 dicitur
545 2492 553 2512 ε
578 2481 634 2512 ubi
651 2480 768 2512 fictum
784 2481 864 2522 quid
881 2483 987 2522 venit,

286 2534 295 2548 ‘
308 2530 542 2572 Topothesia!
564 2531 662 2562 Idem.
711 2530 842 2562 Tamara
860 2532 985 2573 gentes]

286 2581 465 2612 Taenarum
481 2579 535 2622 (ut
552 2585 587 2612 et
609 2580 777 2620 Maleum)
790 2586 985 2622 promontoa

286 2629 373 2660 rium
400 2630 570 2668 Lat-oniae,
593 2630 626 2660 in
650 2639 715 2670 quo
746 2631 908 2671 templum
931 2636 985 2664 est

285 2681 459 2721 speluncae
476 2681 658 2721 persimile.
702 2679 843 2712 Aditum
860 2682 984 2714 inferni

287 2729 398 2770 poetae
422 2729 552 2768 dicunt,
570 2734 606 2761 et
627 2729 669 2761 ab
692 2730 843 2763 Hercule
860 2732 985 2764 Cerbe-

286 2787 359 2810 rum
383 2778 446 2810 hac
462 2782 655 2811 extractum
672 2780 824 2822 plerique
838 2780 982 2823 fingunt·

769 245 911 278 No'rAE
944 245 1205 278 VARIORUM
1238 244 1290 277 IN

1056 341 1185 373 Fabula
1207 340 1286 372 inde
1308 339 1474 381 originem
1488 336 1608 370 hahuit
1622 332 1755 387 (μαῖα,

1057 390 1225 423 Hecataeo
1255 390 1390 423 Milesio
1416 389 1606 421 Pausanias
1627 387 1664 420 iu
1685 387 1754 420 La*

1056 451 1130 473 con.
1156 440 1281 483 refert)
1307 440 1397 483 quod
1426 440 1460 472 iu
1495 439 1557 471 illa
1585 434 1750 479 spelunca

1055 490 1208 522 immanis
1223 500 1363 531 serpeus
1377 490 1518 522 lustrum
1533 488 1653 520 habult
1665 497 1676 520 ι
1690 487 1751 530 qui

1055 539 1183 572 idcirco
1199 539 1384 572 inferorum
1401 539 1494 572 canis
1516 536 1643 578 dictus,
1657 535 1751 579 quod

1055 598 1156 630 quem
1185 598 1298 621 morsu
1333 589 1537 631 impetisset,
1567 587 1691 620 veneni
1715 586 1751 619 vi

1054 638 1168 670 statim
1184 639 1447 681 opprimeretur.
1492 638 1527 670 Is
1548 645 1689 678 serpens
1705 635 1749 668 ab

1056 687 1204 720 Hercule
1229 688 1272 720 ad
1301 687 1516 720 Euristheum
1543 689 1750 728 pertractus.

1053 736 1225 769 Homerus
1244 747 1339 778 vero,
1354 737 1412 779 qui
1434 736 1560 778 primus
1575 734 1669 768 Ditis
1691 743 1747 766 ca-

1052 795 1142 826 nem,
1155 797 1255 829 quem
1274 786 1440 819 Hercules
1454 784 1674 826 extraxisset,
1687 793 1747 826 ap-

1052 838 1204 877 pellavit,
1233 846 1343 879 neque
1365 845 1488 868 nomen
1517 835 1550 867 ei
1572 834 1747 876 proprium

1050 887 1222 928 imposuit,
1246 896 1354 930 neque
1372 886 1415 919 de
1429 886 1504 928 ejus
1518 884 1630 927 figura
1652 883 1746 927 quic-

1049 947 1149 979 quam
1185 941 1395 969 commentus
1429 939 1502 967 est:
1528 934 1749 977 posteriores

1050 987 1234 1019 Cerberum
1247 980 1476 1028 appellarunt.
1491 987 1528 1017 et
1539 988 1616 1016 cum
1628 978 1748 1016 cetera

1049 1038 1125 1069 cani
1140 1037 1302 1070 fecissent
1317 1037 1479 1082 similem;
1502 1036 1570 1068 tria
1583 1035 1749 1068 dixerunt!

1049 1088 1163 1127 capita
1177 1087 1316 1128 habere,
1331 1088 1432 1130 idque
1452 1085 1677 1119 communiter
1691 1091 1747 1117 red

1048 1142 1199 1177 ceptum.
1242 1137 1414 1169 Hesiodus
1436 1140 1550 1168 tamen
1576 1135 1611 1167 in
1635 1135 1746 1167 Theca

1049 1187 1149 1228 gonia
1164 1187 1411 1229 quinquaginta
1426 1186 1578 1218 Cerbero
1601 1183 1747 1227 affingit.

1048 1237 1214 1269 Horatius
1227 1246 1266 1269 n.
1281 1237 1350 1269 Od.
1363 1239 1414 1269 ta.
1428 1241 1577 1269 centum.
1592 1236 1746 1268 Rerum.

1091 1290 1132 1318 36
1155 1288 1263 1319 Fessis
1276 1287 1425 1319 insiditur
1435 1286 1545 1327 astris]
1567 1286 1679 1327 Super
1693 1286 1748 1327 ip⁴

1047 1345 1119 1368 sum
1135 1336 1226 1369 fessa
1239 1341 1331 1369 astra
1341 1337 1541 1377 considunt,
1560 1336 1594 1368 id
1610 1339 1666 1369 est
1681 1339 1747 1378 per

1047 1387 1262 1419 eminentiam
1281 1388 1331 1419 sui
1349 1387 1463 1419 sedem
1481 1389 1621 1428 praestat
1631 1384 1745 1426 astris,

1047 1437 1169 1477 rapido
1185 1446 1285 1468 cursu
1302 1437 1467 1479 fatigatis.
1511 1435 1743 1468 Altitudinem

1046 1486 1153 1518 voluit
1170 1487 1375 1528 exprimere,
1389 1486 1484 1528 quasi
1501 1485 1569 1518 illic
1584 1489 1676 1517 astra
1690 1490 1745 1518 re*

1047 1536 1159 1577 quiem
1176 1542 1320 1568 sumant.
1344 1537 1492 1568 Lactant.
1649 1577 1652 1581 .

1087 1588 1130 1618 48
1154 1587 1309 1619 Inter-iore
1328 1586 1414 1627 sinu]
1450 1585 1547 1618 Dicit
1567 1578 1683 1618 nescio
1697 1579 1740 1619 'in

1044 1644 1111 1676 qua
1125 1640 1223 1676 parte
1236 1637 1413 1668 Taenarum
1431 1636 1606 1668 recurvati
1628 1635 1670 1668 ad
1695 1635 1746 1668 vi-a'

1045 1693 1118 1716 cem
1136 1691 1252 1726 portus
1266 1696 1274 1718 :
1292 1687 1327 1718 iu
1343 1695 1408 1728 quo
1424 1684 1529 1717 refert
1545 1694 1651 1727 equos
1663 1692 1741 1718 suos

1043 1735 1261 1767 consuevisse
1276 1735 1442 1767 stabulari
1455 1735 1671 1776 Neptunum:
1688 1737 1743 1768 est

1044 1783 1284 1825 Hyperbaton.
1308 1785 1407 1816 Idem.
1447 1785 1640 1825 [frangentia
1653 1785 1741 1817 lino-

1042 1833 1093 1873 ra]
1127 1834 1162 1865 Si
1185 1834 1277 1866 locus
1301 1839 1397 1866 recte
1418 1833 1536 1873 habet,
1548 1834 1739 1875 frangentia

1042 1882 1129 1914 dixit
1146 1893 1206 1924 pro
1230 1882 1385 1925 ‘fracta,'
1406 1884 1531 1926 agendi
1545 1883 1740 1926 significatu

1042 1941 1105 1972 pro
1143 1933 1320 1973 patiendi:
1358 1934 1469 1966 solens
1504 1928 1567 1966 hoc
1600 1927 1737 1977 optimis

1041 1982 1341 2025 scriptoribus,qui
1354 1983 1626 2025 frequentissime
1638 1994 1741 2027 agens

1041 2031 1075 2062 di
1098 2032 1239 2064 verbum
1261 2035 1447 2074 παθητικῶς,
1462 2038 1499 2066 et
1522 2033 1687 2075 patiendi,
1703 2043 1736 2065 a·

1040 2083 1143 2122 gendi
1177 2083 1427 2124 significatione
1457 2080 1636 2125 usurpanti
1679 2084 1736 2116 Ita

1039 2132 1241 2173 ‘Spectatus
1253 2139 1306 2166 est
1322 2143 1416 2165 suem
1426 2133 1434 2147 ’
1449 2142 1509 2175 pro
1520 2135 1530 2152 ⁸
1541 2132 1737 2175 spectavit,’

1040 2183 1173 2215 Varro:
1217 2185 1227 2202 ‘
1240 2184 1478 2216 communicati
1525 2187 1627 2226 sunt,’
1669 2190 1741 2227 pro*

1039 2234 1048 2251 ‘
1063 2233 1419 2266 communicaverunt.’
1439 2234 1594 2266 Bernart-

1080 2285 1122 2315 44
1143 2284 1276 2324 Audax]
1314 2284 1459 2317 Quidam
1483 2284 1562 2315 libri
1586 2283 1636 2316 sic
1652 2279 1735 2315 scri-

1038 2333 1134 2366 bunt.
1178 2334 1261 2365 Mihi
1287 2338 1398 2365 tamen
1421 2338 1457 2365 et
1478 2333 1586 2374 magis
1608 2334 1736 2376 placet,

1037 2386 1072 2414 et
1094 2382 1127 2413 in
1150 2383 1296 2414 omnium
1319 2382 1447 2423 optimo
1469 2383 1587 2415 codice
1618 2392 1736 2424 reper-

1038 2436 1108 2464 tum
1125 2436 1177 2464 est
1191 2442 1251 2463 mm
1266 2433 1393 2464 audens.
1437 2431 1539 2465 Quod
1558 2437 1594 2465 et
1609 2433 1733 2466 Lucia-

1036 2482 1154 2514 tius‘et
1170 2482 1301 2513 Glossae
1318 2485 1517 2522 agnoscunt.
1542 2483 1639 2514 Talia
1654 2489 1735 2515 vero

1034 2533 1141 2564 multa
1149 2533 1183 2563 in
1197 2531 1498 2572 Descriptionibus
1508 2532 1656 2564 locorum
1667 2533 1732 2564 hoc

1034 2591 1140 2622 genus
1165 2581 1288 2623 poetae,
1314 2580 1478 2621 imprimis
1501 2581 1533 2612 in
1565 2582 1738 2622 Dionysio·

1032 2630 1271 2671 interpretato,
1302 2628 1442 2671 insignis
1469 2634 1579 2670 vates,
1608 2629 1731 2662 Festus

1031 2678 1198 2717 Avienus.
1220 2680 1338 2711 Barth.

1074 2731 1118 2762 46
1140 2729 1264 2761 Haurit
1290 2729 1441 2771 habenas]
1479 2729 1661 2762 Hominum
1689 2729 1729 2762 fl-

1030 2781 1128 2814 dem!
1152 2780 1240 2813 huuc
1255 2781 1367 2817 locum
1383 2790 1449 2823 quo
1466 2789 1591 2822 genere
1616 2779 1732 2812 defer*
