1878 3164
309 212 424 266 1872

322 330 326 339 '
353 327 417 359 11⁷
435 324 552 357 Gr'aiis
571 323 767 364 Virginibus]
784 323 942 354 Danaum
960 322 1010 354 di-

309 377 370 417 cit,
385 376 441 418 'qui
464 375 708 417 quinquaginta
726 373 865 405 filiabus
891 373 1011 413 suasit,

309 432 350 459 nt
376 434 516 467 sponsos
546 434 623 455 suos
653 423 773 455 eadem
804 428 906 455 nocte
945 433 1011 464 qua

309 475 448 508 fuerant
467 474 659 516 conjunctae
675 474 903 514 perimerent:
928 483 1011 515 qua-

308 536 384 558 rum
409 535 525 566 omnes
549 520 663 565 sponsi
680 523 742 555 filii
758 523 879 565 AEgisti
894 522 1010 554 fratris

309 567 424 608 Danai
437 574 587 614 fuerunt,
599 579 635 606 et
647 578 754 606 totum
766 574 830 605 hoc
843 573 886 604 ab
898 583 1011 604 exem-

310 626 376 666 plis
402 625 528 666 posuit.
551 625 649 656 Idem.
690 624 802 654 Graiis
817 622 1012 662 Virginibus,

308 675 380 716 θα]
394 674 505 706 Danai
520 678 555 705 et
577 673 716 714 AEgypti
741 674 913 704 historiam
937 677 1010 704 tan-

311 725 375 766 git,
391 724 483 755 scio:
500 723 561 755 sed
572 722 666 764 qnid,
683 722 835 755 dolorem
847 722 1010 764 sangnine

310 772 517 815 perfundere
547 782 681 804 somnos
695 772 707 803 ?
738 779 860 812 nugaez
895 774 930 802 tu
953 780 1008 802 me

311 823 390 854 audi
413 823 734 863 interpungentem:
758 822 905 862 Ioetusque
926 822 1010 852 dolo-

309 871 392 912 rum,
408 872 570 912 Sanguine
584 881 706 904 securos
714 872 862 910 juvenum
883 871 1011 912 persuu-

310 925 383 956 dere
397 919 534 955 somnos(
551 924 712 954 Bernart.

323 985 327 989 ·
355 977 417 1006 120
442 975 532 1010 Quod
546 973 575 1004 si
588 972 785 1014 propioribus
798 971 893 1012 actis]
915 970 946 1002 A
958 980 1011 1003 re-

311 1024 404 1056 centi
420 1023 588 1063 exemplo,
615 1028 653 1054 ut
674 1021 716 1053 ad
733 1027 867 1062 tempus
884 1019 1012 1052 refera-

310 1079 368 1106 tur
380 1084 390 1104 ε
408 1073 596 1104 recentiore
609 1072 698 1103 enim
711 1072 880 1112 exemplo,
894 1071 928 1102 id
945 1075 1011 1111 est,

311 1124 384 1155 sive
400 1123 477 1164 quia
493 1132 600 1163 prope
617 1127 693 1154 erat
707 1122 873 1158 Thraeiae,
890 1122 922 1152 in
943 1131 1010 1163 qua

311 1173 461 1212 Procne,
485 1171 673 1203 Pandionis
695 1171 776 1210 filia,
797 1172 897 1203 Terei
913 1181 1010 1212 uxor,

309 1225 346 1256 in
362 1225 525 1256 ultionem
540 1232 646 1263 suam,
661 1222 751 1264 quod
767 1222 909 1253 maritus
932 1231 1010 1254 cum

312 1274 502 1307 Philomela
528 1273 779 1308 concubuisset,
798 1272 878 1313 Ityn
894 1272 1011 1311 filium,

311 1333 411 1366 quem
437 1323 480 1354 de
506 1322 641 1353 Theren
658 1326 868 1361 susceperat,
883 1322 1009 1352 intere·

310 1373 397 1405 mit:
419 1372 491 1403 sive
508 1375 649 1412 propter
665 1370 886 1411 Harpalicen,
909 1379 1009 1411 quam

311 1417 389 1454 cum
407 1427 508 1462 pater
525 1426 672 1451 amasset
688 1425 723 1451 et
738 1420 1010 1461 compressisset,

308 1472 369 1503 illa
384 1471 488 1503 filium
504 1480 548 1502 ex
562 1471 693 1503 incesto
709 1475 825 1501 natum
840 1469 929 1512 patri
951 1479 1010 1510 ap-

311 1521 427 1562 posuit
453 1520 720 1552 comedendum:
750 1529 850 1561 quam
880 1518 1010 1560 opinio-

312 1579 390 1602 nem
414 1571 539 1612 virgil.
563 1575 700 1602 secutus
723 1569 793 1601 ait:
816 1569 1011 1611 ‘patrisque

312 1621 520 1663 epulandum
537 1630 709 1662 apponere
725 1619 870 1651 mensis-²
914 1619 1011 1651 Prae-

312 1676 469 1712 terquaui
486 1670 576 1712 quod
590 1674 706 1711 aptum
723 1670 882 1701 videatur
897 1678 1011 1700 exem·

312 1722 419 1762 plum,
443 1721 550 1762 major
575 1720 756 1752 necessitas
787 1718 1012 1760 persuasionis

313 1772 392 1811 erit,
405 1782 481 1803 cum
494 1772 596 1803 etiam
611 1771 756 1802 vicinum
766 1770 900 1801 dicetur
912 1779 920 1808 ;
935 1779 1012 1800 nam

312 1822 457 1853 Thracia
478 1831 555 1862 quae
584 1822 712 1852 Lemno
726 1820 836 1852 vicina
850 1825 915 1860 est,
931 1819 1013 1850 duo-

312 1871 376 1903 bus
391 1870 544 1902 maximis
559 1871 739 1910 exemplis,
754 1870 787 1901 id
799 1875 852 1901 est
862 1869 1014 1900 Procnes

314 1926 351 1953 et
374 1921 591 1962 Harpalices‚
611 1920 813 1952 Lemniades
829 1924 955 1950 matres
972 1918 1013 1949 ad

313 1970 557 2012 perficiendum
573 1968 665 2001 nefas
676 1969 842 2001 hortatur.
865 1970 920 2000 De
932 1968 1014 2000 dua-

314 2021 377 2053 bus
394 2030 474 2061 ergo
490 2020 638 2051 historiis
655 2018 890 2060 similibusque
907 2018 955 2050 vis
971 2018 1014 2049 ad

315 2079 387 2102 rem
405 2070 516 2110 aptari
532 2073 661 2110 potest,
675 2073 712 2100 et
727 2071 844 2109 aptata
859 2068 1015 2098 hortatur

315 2123 359 2155 ad
389 2122 540 2161 facinus3
565 2132 642 2154 nam
673 2122 760 2153 sicut
787 2121 875 2152 bona
902 2121 1014 2152 suasio

314 2173 410 2205 bonis
426 2165 529 2204 debet
546 2172 718 2212 suscitari,
734 2176 769 2203 et
782 2172 888 2203 asseri
901 2181 1014 2203 exem-

315 2224 394 2265 plis,
419 2223 466 2255 sic
493 2230 528 2254 et
556 2223 646 2253 mala
671 2221 789 2253 malis:
813 2222 906 2253 nulla
924 2221 1014 2252 enim

315 2273 365 2304 rei
396 2277 597 2313 argumenta
627 2271 762 2302 desunt.
808 2272 855 2302 Et
891 2275 945 2302 est
981 2271 1015 2302 in

315 2329 461 2365 utroque
478 2333 593 2365 pugna
610 2323 698 2355 bona
722 2323 839 2355 bonis:
863 2327 902 2354 ut
918 2323 1015 2364 Virg.

314 2374 371 2405 ‘Si
395 2373 537 2404 fratrem
555 2373 680 2404 Pollux
697 2373 831 2404 alterna
845 2378 953 2404 morte
966 2382 1016 2403 re·

316 2423 446 2455 demit.'
471 2424 566 2454 Mala
579 2424 690 2454 malis:
713 2427 751 2454 ut
766 2424 894 2454 Lucan.
918 2424 927 2440 ‘
942 2423 1017 2454 Nec

314 2474 416 2512 longe
448 2473 610 2504 Fatorum
647 2473 804 2513 exempla
842 2476 1016 2513 petantur,

315 2523 483 2554 Fraterno
507 2522 605 2563 primi
628 2522 829 2554 maduerunt
854 2522 1021 2563 sangnine,

315 2571 428 2603 muri!
452 2573 596 2603 Luceant.

359 2623 420 2652 121
435 2621 613 2661 Rhodopeia
621 2622 772 2662 conjunx]
789 2621 863 2653 Hoc
875 2622 1017 2653 historia

316 2677 383 2702 non
400 2670 501 2702 habet
516 2672 605 2712 quod
622 2671 758 2703 Procne
786 2673 914 2713 pariter
940 2683 1016 2704 cum

315 2721 447 2752 Ther-eo
485 2719 589 2752 filium
623 2722 849 2753 comedisset:
887 2722 948 2754 sed
979 2727 1017 2754 ut

318 2769 541 2802 Lemniadum
565 2771 692 2803 animos
708 2771 771 2804 lioc
793 2773 924 2805 scelere
947 2782 1016 2805 ma-

769 228 913 262 uo‘rzn
946 215 1211 262 unionum
1242 229 1299 261 w
1328 235 1331 240 2
1363 216 1365 219 ’

1060 322 1110 363 gis
1126 321 1344 364 accenderet,
1360 315 1522 354 Procnen
1530 308 1676 364 qudq'nfi
1688 312 1766 363 *δ’

1061 373 1144 404 riter
1158 373 1344 414 epulatam,
1359 381 1421 414 pro
1437 373 1512 404 loco
1533 367 1764 416 persuasionis

1061 433 1130 454 suae
1161 423 1366 465 necessario,
1392 422 1494 456 fuisse
1523 422 1675 486 mentita
1683 424 1758 456 'ost-

1062 473 1164 505 Idem.
1726 477 1749 489 ‘

1072 532 1075 534 ·
1109 526 1167 555 123
1183 523 1335 556 Securae
1345 523 1436 564 cogo]
1452 524 1529 556 Nec
1541 533 1598 556 vos
1608 495 1766 565 ideo'egn

1061 573 1178 605 hortor
1193 574 1236 605 ad
1261 575 1371 606 scelus
1395 574 1485 616 quod
1512 574 1651 605 minime
1669 573 1762 606 orbi-

1063 627 1135 655 tate
1149 624 1252 664 plena
1267 623 1345 655 mihi
1363 624 1406 656 sit
1418 625 1536 656 domus
1546 620 1643 657 filiis:
1661 619 1765 656 otest

1061 672 1208 714 figurata
1227 674 1474 715 antipophora:
1498 682 1541 705 ne
1563 673 1642 705 ideo
1667 669 1763 706 vide-¹

1062 727 1141 754 atur
1166 724 1228 755 hoc
1252 723 1327 764 ipsa
1351 723 1569 765 persuadere,
1590 722 1671 763 qnia
1686 718 1769 755 ‘non‘

1060 773 1165 805 habet
1190 773 1279 815 qnod
1306 774 1380 814 ipsa
1395 774 1557 815 perimat.·
1579 766 1765 810 Sudorem*

1062 827 1175 855 autem
1191 823 1278 855 dixit
1287 823 1432 855 filiorum
1445 822 1670 864 multiplicem
1681 817 1763 870 'pnr-

1061 878 1146 913 tum,
1160 874 1194 905 in
1210 883 1276 915 quo
1288 874 1404 905 dolore
1415 873 1554 904 nimium
1565 872 1740 905 laboratur
1750 882 1763 904 τ

1062 923 1135 954 sive
1160 923 1316 955 sudorem
1332 922 1596 955 occidendorum
1613 915 1763 964 quatuor

1062 972 1176 1014 posuit
1195 971 1363 1004 filiorum·
1393 971 1483 1005 sive
1492 970 1650 1004 sudorem
1675 970 1766 1005 dixit

1062 1022 1198 1059 liberos.
1211 1032 1296 1064 quos
1312 1021 1534 1063 parturiendo
1554 1025 1594 1054 et.
1616 1021 1764 1054 eduen

1063 1072 1108 1105 do
1120 1072 1268 1104 sudavit.
1290 1073 1389 1104 Idem.

1107 1124 1169 1154 12⁷
1201 1122 1386 1163 Saniemque
1406 1125 1438 1161 et
1461 1122 1590 1155 υιιῑηεηι
1604 1120 1764 1164 fratr-nnn]

1065 1172 1240 1204 Quomodo
1259 1173 1467 1205 misceantur
1483 1173 1623 1204 vulnera
1638 1181 1704 1204 nou
1720 1171 1789 1204 uit

1064 1220 1165 1254 facile
1189 1223 1380 1263 speculatu.
1425 1222 1474 1255 At
1487 1225 1679 1263 corruptam
1694 1222 1764 1255 lee-

1064 1272 1190 1303 tionem
1220 1273 1343 1313 arguit,
1372 1277 1409 1304 et
1432 1272 1623 1304 Veritatem
1653 1267 1770 1313 palam'

1064 1321 1217 1353 restitnit
1230 1323 1378 1362 optimus
1392 1322 1504 1362 Liber,
1513 1323 1571 1364 qui
1582 1323 1682 1362 longo
1693 1332 1766 1354 ma-

1058 1371 1135 1412 jore
1151 1373 1289 1413 energia
1305 1372 1423 1414 refert,
1436 1377 1468 1406 et
1485 1373 1766 1411 viscerasratrm:

1065 1422 1176 1454 Quam
1203 1424 1455 1456 restitutionem
1478 1428 1622 1455 eatenus
1641 1422 1767 1464 probat

1066 1472 1175 1504 codex
1191 1474 1292 1512 alter,
1308 1474 1341 1504 in
1357 1483 1424 1515 quo
1440 1472 1642 1505 offendimus
1655 1475 1669 1504 ε’
1688 1469 1767 1514 ‘vei

1065 1521 1209 1554 viscera!
1247 1522 1342 1555 Nihil
1354 1528 1466 1555 antem
1481 1523 1708 1555 truculentius
1717 1521 1768 1555 dia

1067 1581 1146 1603 cere
1161 1576 1298 1613 poterat
1322 1573 1613 1606 truculentissima
1638 1573 1766 1607 benun.

1067 1621 1183 1655 Barth.

1110 1667 1172 1703 132
1193 1673 1375 1715 Fortunam]
1395 1674 1616 1707 Occasionem
1634 1678 1765 1717 tempo-

1067 1721 1124 1761 ris,
1140 1727 1178 1753 ut
1194 1723 1289 1764 Virg.
1314 1726 1323 1742 ⁸
1337 1725 1373 1756 Si
1397 1723 1536 1757 fortuna
1564 1719 1766 1767 permittitis

1069 1770 1144 1802 uti!
1174 1772 1265 1804 Nata
1279 1775 1451 1814 persuasio
1467 1779 1521 1807 est
1537 1774 1765 1808 reverentino!

1069 1823 1237 1855 virorum:
1271 1824 1356 1855 dicit
1387 1824 1474 1855 enim
1500 1824 1650 1856 Deorum
1680 1829 1768 1856 nutu·

1068 1870 1197 1904 factum
1222 1882 1308 1911 esse,
1322 1878 1361 1904 nt
1377 1883 1418 1905 eo
1433 1879 1588 1914 tempore
1604 1873 1765 1915 conjuges

1069 1922 1283 1963 advenirent,
1296 1932 1363 1964 quo
1379 1923 1422 1954 de
1439 1933 1555 1955 eorum
1570 1923 1666 1955 crede
1677 1927 1767 1955 trac-

1068 1970 1177 2003 tatum
1200 1978 1281 2011 est,
1273 1983 1280 1990 ·
1312 1973 1480 2013 probabili
1502 1977 1704 2014 argumento
1730 1975 1770 2004 a-'

1068 2022 1167 2062 gendi
1193 2023 1320 2053 virtute
1345 2023 1575 2054 necessarium
1593 2021 1689 2060 facit,
1716 2022 1767 2055 di-

1068 2072 1196 2103 cendo:
1229 2073 1304 2103 deus
1328 2072 1394 2110 hos,
1418 2074 1495 2105 deus
1522 2073 1606 2105 ultor
1631 2073 1675 2104 in
1689 2072 1767 2105 im

1069 2121 1227 2153 Lactant.
1750 2123 1772 2136 '

1112 2174 1173 2203 134
1199 2172 1267 2204 Nec
1291 2173 1395 2213 imago
1420 2172 1548 2215 quietis]
1577 2157 1767 2206 Confirmat

1068 2221 1241 2253 audaciam
1258 2233 1351 2254 suam
1367 2224 1462 2255 Deos
1477 2223 1638 2265 adjuvare
1659 2218 1766 2256 somni

1067 2272 1300 2312 expositione:
1325 2278 1361 2303 et
1383 2276 1436 2303 est
1460 2273 1546 2304 ratio
1561 2271 1769 2314 philosophi·¹

1068 2323 1121 2359 ca,
1144 2331 1206 2352 cur
1221 2331 1297 2362 quae
1315 2321 1432 2353 futura
1448 2323 1516 2353 sint
1530 2323 1660 2354 miseris
1675 2333 1765 2355 mor-

1069 2370 1205 2410 talibus,
1221 2372 1396 2413 praesagiis
1411 2373 1614 2404 somniorum
1627 2365 1769 2416 demon-³

1068 2424 1231 2451 strentur.
1275 2421 1343 2452 Sed
1377 2422 1419 2453 de
1449 2422 1564 2454 multis
1590 2424 1764 2464 paululum

1068 2471 1188 2503 dicam.
1235 2473 1366 2504 Natura
1377 2483 1502 2514 rerum,
1518 2484 1561 2506 ex
1577 2484 1644 2516 qua
1660 2474 1769 2514 homi-¹

1067 2531 1127 2553 nes
1151 2522 1249 2553 mixti
1272 2529 1362 2560 sunt,
1388 2522 1531 2556 affectus
1558 2534 1637 2556 suos
1663 2525 1765 2558 silere'

1067 2580 1133 2603 non
1161 2572 1300 2611 patitur.
1345 2574 1392 2605 Et
1417 2583 1477 2606 cur
1501 2583 1564 2614 per
1582 2575 1690 2616 ipsam
1713 2577 1765 2607 eu·

1066 2621 1208 2653 sentiam
1239 2624 1391 2663 corporis
1418 2623 1546 2655 sentire
1575 2625 1767 2665 permittat,

1067 2677 1120 2704 est
1140 2673 1258 2704 auimae
1287 2673 1401 2705 divina
1426 2674 1661 2715 providentia;
1686 2678 1767 2717 quaej

1068 2723 1218 2764 quamvis
1249 2733 1342 2756 caeco
1370 2733 1510 2756 carcere
1543 2729 1579 2757 et
1610 2726 1764 2758 tenebris

1067 2772 1181 2804 clausa
1197 2776 1350 2814 tenetur,
1365 2773 1446 2814 quid
1470 2783 1488 2805 e
1514 2775 1685 2807 contrario
1705 2775 1769 2807 iia-¹
