1878 3164
267 219 287 259 1
296 217 385 263 816

311 327 376 358 609
397 324 604 356 Minitautem
614 323 777 366 bella,85c.]
800 324 892 356 Dum
908 323 970 354 mi-

269 373 410 415 nitatur,
425 375 482 406 ille
512 375 681 416 praevenit
705 374 897 415 occiditque
912 374 969 405 ho-

269 426 406 458 ninem.
436 424 653 459 ‘Securium'
670 429 706 457 et
727 423 970 465 ‘bipennium’

271 484 365 508 arma
391 486 411 507 a
426 476 543 516 primis
560 475 728 507 Heroibus
751 484 858 517 usque
881 473 969 505 Poe-

270 526 350 558 ticis
379 526 487 557 literis
517 525 704 557 celebrata.
749 524 891 557 Gratius
934 523 969 556 in

271 575 500 616 Cynegetico:
525 575 535 593 ‘
551 574 747 616 ceciditque
762 574 830 616 suis
847 573 968 605 Ancae·

269 635 308 658 us
324 626 359 657 in
380 625 482 656 armis
498 635 507 664 ;
530 624 579 656 At
600 625 795 665 praedexter
810 627 894 663 erat,
911 633 968 664 ge-

271 675 440 717 minisque
456 674 633 706 securibus
648 672 790 714 ingens!
814 673 932 710 Bcrrtlae.

313 727 376 756 613
402 723 559 764 Chromis]
584 723 749 755 Chromin&
772 726 808 754 et
826 723 970 754 Chromis

272 773 407 805 nomina
431 774 550 814 ignota
571 773 730 805 Heroicis
747 771 885 804 fabulis.
922 773 969 804 U-

270 833 351 857 num
362 828 520 855 natorum
532 823 672 864 Priami,
687 832 789 854 unum
802 831 822 853 e
836 825 970 862 septem

271 873 427 905 Pterelai
448 873 527 904 filiis
550 872 704 904 celebrat
727 871 969 913 Apollodorus.

274 924 434 956 Chromios
447 922 580 961 θεοειδὴς
592 922 682 964 apud
706 922 892 954 Homerum
915 922 970 953 Ili-

272 974 326 1005 ad.
348 979 381 1007 P.
422 975 567 1007 Chromis
588 974 689 1006 Iliad.
710 978 745 1005 B.
792 973 968 1013 Mysorum

271 1025 405 1058 ductor.
459 1024 603 1058 Chromis
631 1034 715 1066 puer
737 1022 918 1065 pastoralis
934 1032 968 1053 a·

271 1075 339 1116 pud
351 1076 529 1107 Maronem
546 1075 622 1106 Ecl.
637 1083 687 1105 vr.
731 1072 827 1104 Alius
848 1073 967 1112 Phryx

272 1126 452 1165 perimitur
481 1136 501 1157 a
530 1125 670 1157 Camilla
706 1123 764 1154 lib.
791 1132 846 1155 xr.
877 1122 970 1163 apud

271 1175 429 1212 eundem.
488 1175 568 1206 Fuit
597 1179 632 1206 et
658 1172 799 1205 Chromis
824 1182 909 1204 unus
925 1182 970 1205 ex

271 1225 465 1258 Centauris.
488 1225 606 1256 Barth.

276 1297 284 1301 -
313 1278 376 1307 617
407 1274 579 1316 Impulsus]
614 1273 711 1305 Dicit
737 1273 831 1307 illum
857 1271 972 1303 furore

272 1326 423 1365 genitum
448 1325 588 1356 dolere:
614 1323 693 1355 dum
715 1324 805 1354 enim
830 1323 971 1364 Dryope

270 1379 382 1406 mater
396 1375 468 1416 ejus
490 1384 669 1416 praegnans
689 1373 806 1405 furore
829 1373 972 1405 baccha-

273 1430 343 1466 tur,
370 1426 598 1457 reluctantem
640 1429 772 1455 taurum
812 1423 971 1455 cornibus

270 1475 399 1506 traxit:
416 1474 501 1506 dicit
516 1483 611 1515 ergo,
624 1474 714 1506 hunc
731 1482 797 1504 non
810 1473 972 1504 nascendi

272 1525 392 1557 ordine
410 1530 639 1565 procreatum,
658 1523 718 1555 sed
730 1528 854 1555 conatu
869 1523 972 1555 nimio

272 1580 369 1608 utero
382 1576 500 1607 matris
515 1576 703 1616 expulsum.
724 1574 871 1605 Lactant.

282 1650 285 1651 ν
313 1628 377 1658 624
417 1625 600 1657 Theumesia
630 1623 757 1663 cornus]
801 1622 973 1655 Thebana.

270 1676 480 1709 Theumeson
510 1685 605 1707 mons
631 1673 972 1712 Tlrebanorum,ideo

272 1718 365 1767 quod
377 1725 513 1767 Tydeus
526 1725 690 1756 Thebana
699 1724 798 1755 hasta
809 1727 846 1754 et
856 1723 971 1763 spoliis

271 1775 419 1808 hostium
435 1780 584 1807 armatus
597 1774 723 1806 fuerat.
746 1774 845 1805 Idem.

315 1829 377 1858 625
400 1826 505 1867 Atque
526 1825 577 1857 illi
598 1834 669 1856 voce
693 1823 827 1864 repleta]
850 1822 947 1862 Ordo
961 1833 972 1855 ε

272 1874 388 1918 Atque
418 1877 467 1907 illi
492 1885 575 1907 voce
591 1875 785 1914 intercepta
808 1876 973 1913 prorupto

271 1925 306 1956 in
321 1927 487 1966 sanguine
501 1929 597 1957 natat
621 1925 753 1965 repleta
769 1924 897 1963 lingua.
921 1923 973 1955 Id.

316 1978 381 2007 626
404 1974 596 2016 Intercepta]
622 1975 678 2006 Ne
695 1973 840 2014 amplius
857 1973 974 2014 loque-

274 2030 404 2058 rentur.
447 2026 500 2057 Al.
513 2024 682 2057 Scholiast.
726 2023 976 2055 Onomasticon

274 2075 408 2108 Vetus:
431 2075 616 2116 Inter-cipio,
645 2073 860 2113 ὕποτέμνομαι.
905 2073 976 2104 Ve-

274 2129 367 2157 teres
393 2125 643 2157 ‘intercisimen
657 2124 666 2138 '
687 2130 726 2156 ut
750 2122 975 2156 ‘discrimen’

273 2175 412 2212 dixisse,
461 2179 558 2207 notat
606 2178 727 2206 auctor
781 2173 975 2205 maturioris

275 2225 443 2257 Glossarii
467 2224 734 2264 Latino-Graeci,
758 2224 905 2262 διακοπὴν
926 2224 975 2256 in-

274 2281 499 2317 terpretatus.
534 2293 537 2295 -
554 2276 563 2292 ‘
583 2274 818 2316 Interceptum
836 2273 845 2284 '
875 2275 975 2315 vulgo

275 2326 451 2366 dicebant,
481 2330 665 2365 mortuum,
700 2324 879 2356 conatibus
906 2325 975 2356 suis

276 2383 461 2408 exemtum.
474 2375 592 2408 Barth.

318 2429 383 2458 630
404 2426 574 2466 Argum-im
589 2424 696 2466 samu]
721 2423 870 2456 Omnino
892 2424 975 2456 scri-

276 2476 438 2516 bendum,
454 2480 491 2507 ut
503 2476 642 2517 optimae
665 2478 789 2505 nostrae
808 2474 974 2506 membra-

276 2537 328 2559 nae
353 2527 492 2567 habent,
507 2525 782 2567 conjectavitque
809 2524 888 2555 olim
913 2524 973 2557 Jo-

276 2587 381 2609 annes
400 2576 613 2611 Bernartius,
639 2574 722 2606 licet
747 2573 839 2606 libris
854 2573 975 2606 adver-

276 2627 442 2663 santibus,
470 2625 645 2658 Arcum-im,
688 2625 771 2656 Eam
791 2623 975 2656 lectionem

279 2680 470 2719 agnoscunt
489 2681 525 2708 et
538 2676 675 2707 Scholia
701 2679 710 2693 ‘
723 2675 953 2716 prohibuerim
965 2673 974 2688 '

278 2734 315 2759 et
338 2729 454 2759 Lutat.
483 2728 492 2744 ‘
510 2726 713 2767 privaverim
732 2724 741 2738 ’
760 2725 975 2766 exponendo.

280 2777 351 2813 Res
377 2782 431 2810 est
460 2777 566 2818 clara,
582 2786 646 2808 nec
670 2775 870 2818 probatione
897 2779 977 2816 eget

728 229 869 261 NOTAE
901 229 1167 263 VAmoRUM
1202 230 1253 261 IN

1017 328 1087 355 tam
1116 322 1261 364 simplex
1291 322 1424 364 veritas,
1449 324 1555 357 etiam
1581 323 1719 368 invitia,

1017 374 1075 416 qui
1090 374 1305 407 Lactantium
1321 374 1375 406 liic
1390 374 1543 416 culpant.
1565 374 1694 409 Barth„
1712 392 1718 407 ι

1058 426 1121 456 633
1151 424 1299 465 Arctum]
1336 423 1538 465 Angustum.
1579 424 1717 467 singul-7

1018 473 1108 505 tibus
1120 474 1207 506 enim
1225 479 1426 515 angustatur
1440 474 1541 506 latus.
1564 473 1719 511 14001881..

1059 526 1123 555 634
1163 523 1340 564 Exhaurit]
1386 524 1580 556 Concavum
1616 522 1715 562 feeit,

1018 578 1153 605 vacuat.
1204 574 1314 606 Vincla
1341 574 1495 615 coiircent]
1526 572 1714 608 Inundsuo

1017 622 1254 703 Zchrimarum
1270 625 1377 665 galeae
1393 624 1506 656 vincla
1519 623 1714 666 rumpebnt·

1058 683 1115 705 em.

1060 725 1121 754 635
1145 723 1252 755 Multa
1277 723 1430 764 gementi]
1455 723 1542 761 Cum
1570 722 1715 759 multum

1019 778 1172 814 gemeret
1199 783 1219 804 a
1246 778 1343 815 tergo
1370 783 1552 815 percussus
1582 777 1650 812 est,
1677 777 1717 810 et

1017 824 1130 855 hostili
1144 824 1258 865 gladio
1282 824 1418 865 corpori
1439 823 1558 856 fratris
1584 821 1716 860 affixus.

1018 873 1117 905 Idem.

1029 954 1032 955 γ
1061 925 1126 954 638
1151 923 1308 964 Οοηεενίε]
1325 921 1523 965 Conjungit.
1568 921 1628 954 1110
1646 931 1719 958 m«,

1019 972 1078 1013 los]
1094 973 1161 1006 Qui
1179 973 1270 1014 prior
1285 972 1399 1004 fuerat
1424 972 1621 1006 vnlneratus
1635 981 1720 1004 ocu-

1019 1023 1070 1054 los
1087 1023 1247 1063 aperuit·
1239 1046 1248 1054 .
1266 1027 1305 1055 ut
1319 1023 1354 1054 in
1366 1026 1511 1064 utruque
1524 1025 1635 1054 morte
1647 1014 1718 1057 ft&

1020 1075 1109 1103 trum
1124 1071 1225 1103 ambo
1235 1072 1427 1114 jungerent
1438 1081 1474 1104 se
1489 1071 1634 1105 invicem
1645 1079 1718 1104 mo-

1018 1122 1155 1153 rientes.
1178 1122 1277 1154 Idem.

1062 1174 1125 1204 642
1148 1172 1329 1204 Miserabile
1339 1170 1458 1212 votum]
1473 1171 1562 1213 Ipsis
1578 1171 1718 1214 quidem

1022 1222 1171 1253 votivum
1186 1226 1259 1254 erat
1275 1222 1392 1253 taliter
1404 1221 1502 1262 mori,
1517 1231 1632 1254 amore
1647 1220 1718 1258 fra·

1021 1276 1119 1305 terno
1145 1272 1178 1303 in
1202 1281 1302 1303 unam
1330 1272 1434 1304 vitam
1460 1281 1633 1314 unumque
1646 1271 1719 1311 obi-

1021 1328 1092 1353 tum
1114 1318 1293 1363 colligatis,
1309 1321 1509 1354 miserabilis
1529 1327 1643 1354 tamen
1658 1331 1718 1354 ca-

1020 1382 1075 1407 sus
1103 1378 1178 1404 erat
1203 1377 1308 1404 tantae
1336 1372 1459 1404 indolis
1476 1372 1624 1413 juvenes
1650 1376 1720 1404 tum

1021 1423 1128 1454 atroci
1144 1424 1238 1455 exitu
1253 1423 1392 1464 junctos
1416 1423 1595 1458 excedere.
1639 1422 1719 1454 Hoc

1019 1471 1069 1503 illi
1085 1476 1260 1512 voverant,
1276 1476 1312 1503 at
1327 1476 1403 1504 erat
1424 1476 1540 1504 votum
1557 1471 1718 1508 miseran-

1021 1521 1113 1554 dum.
1142 1522 1212 1554 Vet.
1229 1522 1393 1554 Scholion

1062 1573 1126 1602 644
1148 1571 1237 1603 Idem
1259 1571 1358 1612 ultro]
1373 1570 1475 1604 Jam
1467 1579 1541 1612 ipse
1557 1570 1631 1603 vult
1643 1570 1719 1604 1108·

1021 1624 1073 1651 tes
1095 1621 1237 1662 insequi,
1254 1631 1273 1653 a
1291 1621 1415 1666 quibus
1429 1625 1511 1653 aute
1532 1620 1718 1662 appeteba-

1020 1677 1087 1703 tur.
1112 1673 1255 1705 Laetam.

1063 1725 1125 1754 645
1155 1723 1296 1763 Vestigia
1317 1721 1417 1762 retro]
1437 1722 1506 1754 Sua
1531 1726 1624 1754 retro
1648 1731 1720 1755 ves·

1022 1772 1105 1812 tigia
1116 1773 1261 1813 urgebat
1277 1772 1440 1814 fugiendo
1450 1771 1651 1807 imminente
1663 1773 1720 1806 'ri-

1022 1822 1101 1855 deo.
1131 1823 1230 1856 Idem.

1063 1876 1128 1906 647
1150 1873 1349 1914 Βίειναειω]
1364 1874 1557 1906 Extensus:
1583 1874 1638 1908 bie
1662 1883 1722 1907 ve·

1023 1934 1060 1956 ro
1071 1925 1132 1956 sub
1145 1933 1187 1956 ea
1198 1924 1448 1965 significatione
1460 1925 1640 1965 ⁴ponendus
1655 1929 1723 1964 eet,

1023 1980 1062 2008 ut
1091 1977 1275 2017 Virgilius:
1315 1977 1325 1994 ⁴
1341 1975 1499 2007 Turbatis
1537 1975 1724 2009 distractus

1024 2026 1142 2068 equis?
1187 2026 1349 2060 Quamvis
1366 2026 1438 2058 cic.
1459 2025 1496 2057 in
1510 2025 1663 2068 Philipp.
1677 2026 1722 2059 de

1024 2076 1189 2109 Varronis
1219 2076 1338 2108 bonis:
1380 2076 1390 2093 ‘
1402 2076 1487 2107 Rem
1523 2075 1622 2107 inam>
1645 2085 1722 2109 ene

1025 2126 1242 2160 distractam?
1289 2126 1356 2158 Sed
1383 2126 1487 2158 etiam
1502 2125 1574 2158 illic
1589 2126 1724 2168 ingenio

1023 2178 1171 2219 legentis
1186 2186 1360 2219 possumus
1385 2175 1527 2208 divisam
1552 2176 1726 2218 accipere.

1024 2229 1207 2260 Distractus
1221 2236 1302 2268 ergo
1323 2226 1378 2258 bic
1393 2226 1441 2258 ait
1456 2226 1606 2259 extensis
1617 2226 1725 2259 mani-

1024 2279 1101 2318 bus,
1118 2284 1155 2310 ut
1172 2282 1320 2319 rogaret.
1343 2278 1441 2309 Idem.

1065 2332 1130 2361 648
1157 2326 1334 2367 Nitentem]
1376 2326 1578 2366 Conantem,
1613 2323 1657 2358 ab
1682 2334 1726 2359 eo

1025 2379 1113 2421 quod
1131 2382 1183 2409 est
1198 2379 1207 2396 ‘
1219 2377 1322 2416 nitor,
1336 2375 1428 2408 eris!
1450 2376 1550 2409 Idem.

1066 2431 1131 2461 649
1156 2427 1264 2459 Stellis
1291 2426 1563 2468 interlabentibus]
1575 2426 1723 2459 Sensus:

1024 2478 1111 2512 Quae
1143 2477 1271 2508 umbrae
1294 2480 1374 2508 sunt
1403 2485 1445 2508 eo
1471 2480 1627 2518 tempore.
1657 2486 1724 2518 quo

1025 2529 1134 2560 stellae
1158 2528 1328 2559 labuntur.
1373 2526 1622 2559 Scribendumt
1644 2528 1726 2567 ›qm‘a

1024 2579 1152 2611 umbrae.
1201 2577 1405 2609 Suavissime
1434 2583 1549 2609 autem
1583 2578 1726 2619 dietum,

1025 2629 1107 2670 quia
1127 2628 1227 2659 modo
1251 2628 1422 2666 labuntur,
1436 2628 1537 2660 modo
1552 2628 1724 2661 videntur.

1026 2679 1072 2709 Et
1096 2678 1106 2695 ⁴
1119 2678 1206 2709 labi’
1229 2677 1378 2719 alioquin
1392 2678 1559 2719 placidum
1573 2678 1724 2712 siderum

1027 2739 1162 2771 cursum
1179 2733 1237 2760 aut
1253 2728 1421 2759 incessum
1435 2733 1544 2760 notat.
1558 2729 1616 2760 'Ut
1630 2729 1722 2770 apud

1026 2779 1159 2813 Maron.
1205 2779 1214 2797 ‘
1234 2778 1372 2813 Labitur
1383 2783 1489 2811 uncta
1500 2778 1593 2813 vadis
1606 2777 1723 2814 abies?
