1878 3164
445 235 488 266 Ρ.
523 232 717 266 ΡΑΡΙΝῙΙ
749 234 916 266 STA'rn
949 233 1159 284 Actum..
1192 236 1288 267 Lm.
1310 236 1342 267 1.

202 327 268 362 449
297 327 407 370 Aulis]
443 327 545 365 mco,
580 330 648 361 &c.
684 328 869 371 appositio.

156 378 303 422 uum]
327 377 577 422 Appos.-Idem.

193 431 267 463 ‘⁴50
287 428 410 471 amq]
430 429 499 462 Sed
525 433 640 462 tamen
664 429 698 461 in
723 430 869 463 adversa

156 483 272 523 parte.
313 479 467 521 Euripus
495 479 599 512 Mare
614 479 740 512 dividit
765 481 868 513 Boeo·

157 529 241 562 tiam
258 529 303 563 ab
316 529 464 572 Eaboea,
483 529 575 562 unde
591 535 792 572 corruptum
810 541 867 563 vo·

154 579 316 614 onbnlnm
343 584 412 621 est,
441 581 599 613 volentes
627 581 743 613 dicere
766 581 867 613 Euri-

154 630 398 673 pum-Nigrim
410 631 577 663 ndixere:
602 632 637 663 iu
654 632 773 664 littore
788 632 867 664 13oe-

155 681 262 714 oeiam
283 690 403 714 versus
430 680 530 714 Aulis
560 687 630 722 est,
648 691 727 724 quoe
744 686 866 723 portus

87 763 90 765 Α
116 746 120 748 -
153 734 210 764 est
248 731 410 765 Boeotioe.
463 731 506 764 In
536 732 710 765 contrario
744 733 864 766 littore

153 781 231 824 ejus
245 782 350 815 maris
376 781 542 815 Euboeam
568 793 687 816 versus
703 793 864 825 promon-

153 833 283 866 torium
308 838 363 866 est
389 833 462 876 ⁴qui
494 834 694 876 Caphereus
723 834 861 868 dicitur.

153 884 258 968 mizi
285 937 388 979 Caput
403 936 572 978 hamtuna]
589 936 695 970 Quasi
713 937 861 969 tumultu

151 984 318 1018 fluctuum
333 984 510 1019 affectum.
535 986 614 1028 Ille]
629 986 760 1028 Capha.
796 987 861 1019 Pe-

151 1035 274 1078 lasgas]
294 1056 296 1058 -
317 1036 470 1078 omens,
499 1046 695 1079 quanquam
721 1037 861 1079 Pelasgi

113 1133 119 1137 ι
150 1087 292 1128 proprie
303 1087 375 1122 siut
384 1087 574 1119 Tbessaliae
589 1088 720 1129 populi.
745 1088 845 1120 Idem.

151 1153 157 1161 =
192 1139 257 1171 408
280 1137 382 1170 Sora
402 1138 518 1179 noetis]
544 1139 622 1173 Qua
646 1138 763 1171 Groeci
778 1139 860 1171 illisi

150 1189 300 1231 scopulis
326 1189 540 1231 ext-Nauplii
565 1189 699 1222 insidiis
720 1189 859 1222 naufra-

150 1240 243 1283 gium
258 1239 390 1273 fet-erm
420 1240 576 1273 Britanna.

148 1304 154 1314 ·
191 1293 258 1324 ⁴⁵4
282 1292 390 1324 Coetus
411 1291 655 1334 ibi-armorum]
691 1291 858 1333 Subandi,

149 1346 392 1384 congregatur,
407 1346 468 1375 aut
485 1343 615 1386 aliquid
638 1344 719 1375 tale.
757 1343 858 1375 Fata-

147 1391 204 1434 lis]
226 1392 467 1426 Nominativns
490 1397 559 1434 est,
585 1393 620 1425 id
642 1398 707 1431 est,
736 1394 856 1426 Coetus

147 1443 313 1476 exitiosus
327 1443 453 1486 Trojoe.
475 1443 578 1476 Idem.

146 1502 152 1518 ³
190 1497 255 1528 455
290 1494 445 1537 Jaratur]
490 1495 595 1533 Nam,
625 1499 665 1528 ut
693 1494 856 1537 diximus,

147 1545 374 1588 conjuravere
399 1545 518 1578 Graeci
544 1545 682 1578 domum
705 1555 771 1578 non
789 1546 857 1587 pri-

147 1605 188 1628 us
214 1604 428 1633 reversuros
459 1605 560 1638 quam
597 1596 700 1637 Troja
734 1605 857 1627 eversa

147 1650 254 1681 esset.
276 1665 278 1668 >
296 1646 481 1679 Donec-³8⁰1
494 1646 631 1688 annuus]
660 1647 739 1679 Hoc
754 1646 855 1685 dicit,

146 1697 238 1730 Dum
254 1697 288 1728 in
307 1695 435 1729 Aulide
459 1696 577 1729 Graeci
598 1702 856 1739 congregantur

147 1757 272 1780 annum
288 1756 391 1779 unum
408 1747 622 1781 transivisse.
645 1748 745 1790 Idem.

145 1810 155 1816 ”
186 1799 253 1832 467
290 1798 425 1840 Sparsa]
469 1799 513 1832 In
549 1798 702 1832 diversas
740 1799 854 1832 urbes.

142 1848 306 1891 mmm]
344 1849 498 1892 Propter
527 1849 680 1882 diversas
710 1851 855 1892 linguas,

145 1894 338 1941 Bouiania,-
355 1900 525 1943 Ionicam‚
554 1898 735 1943 Doricam,
761 1901 854 1934 Atti-

145 1960 234 1992 cam,
249 1957 286 1985 et
299 1961 527 1985 communem.
557 1953 740 1986 Maturant.

143 2024 147 2032 .-
186 2003 254 2034 459
273 2001 329 2034 Sic
353 2005 444 2034 ton-a
458 2002 553 2041 seras
577 2002 711 2044 indago]
743 2003 853 2036 Immo

143 2061 252 2094 ema,
266 2057 305 2085 ut
319 2052 453 2094 scripti,
467 2058 507 2086 ut
521 2053 751 2087 scholiastes:
774 2056 786 2073 ‘
803 2055 852 2087 in-

144 2104 228 2145 dago
256 2103 367 2146 eum]
395 2105 544 2138 circuitu
570 2104 677 2138 facta.
715 2106 852 2148 claudit]

145 2153 278 2186 ambit!
336 2154 387 2187 Ut
412 2155 485 2196 ipse
512 2155 644 2187 Statius
672 2156 707 2187 in
734 2157 851 2189 Leone

143 2198 344 2238 mansueto:
362 2206 373 2224 ⁸
388 2215 563 2249 curvaque
580 2206 740 2249 indagine
757 2208 850 2240 clau-

143 2255 229 2289 sus.’·
261 2256 401 2288 Gronov.

144 2326 147 2328 >
185 2309 252 2339 ⁴60
271 2306 422 2339 Admotis
443 2306 616 2348 paulatim]
639 2307 741 2341 Quod
769 2318 851 2350 pau·

139 2357 237 2390 latim
264 2357 298 2389 in
320 2363 500 2399 angustum
525 2359 684 2400 redeunt,
704 2358 761 2391 ubi
778 2369 850 2392 om—

141 2418 202 2442 nes
223 2413 369 2442 arctatae
396 2410 637 2453 restrictoeqne
653 2411 849 2452 capiuntur.

139 2454 267 2494 stratur.

139 2518 143 2532 ’-
176 2514 246 2545 ’461
270 2512 397 2554 Ignem]
421 2513 532 2546 Quem
553 2511 689 2544 faciunt
709 2517 850 2545 venato-

141 2573 197 2596 res
222 2563 266 2596 ad
294 2569 446 2596 terrores
470 2562 635 2604 ferarum,
651 2567 689 2595 ut
712 2562 850 2605 fugiant

142 2622 211 2656 qno
225 2613 345 2645 velint.
369 2613 469 2646 Idem.

183 2665 249 2696 462
284 2663 385 2706 Avia]
417 2663 539 2706 sylvas
573 2663 708 2696 densas.
748 2664 849 2697 Idem.

141 2713 241 2747 Suum
254 2713 430 2745 decrescere
451 2713 600 2754 montem]
622 2714 688 2747 Qui
706 2714 848 2756 subjun-

141 2763 234 2805 gitur
258 2762 315 2794 hic
339 2771 468 2803 versus,
489 2764 598 2796 Donec
611 2763 647 2795 in
664 2768 847 2805 angustam,

140 2819 178 2848 et
203 2815 238 2848 in
261 2814 336 2847 aliis
353 2815 526 2857 reperitur
545 2815 750 2849 membranis
774 2821 812 2849 et
828 2826 847 2849 a

1516 227 1630 270 2027

917 328 1110 362 Scholiaste
1152 330 1374 370 agnoscitur:
1412 333 1422 348 ‘
1438 331 1631 374 ceciderunt]

917 383 1098 412 venerunt.
1120 380 1303 422 angustam]
1333 389 1402 412 non
1417 389 1555 421 revera,
1568 383 1630 414 sed
1653 390 1656 392 ·

918 429 1032 461 brevis
1057 439 1132 462 esse
1161 429 1300 462 videtur
1315 435 1461 473 propter
1475 432 1629 464 multitu-

918 480 1032 512 dinem
1049 479 1284 520 affluentium3
1308 481 1365 514 vel
1384 481 1475 523 quod
1499 482 1547 514 ibi
1571 492 1629 515 an-

918 535 1102 572 gustantur
1127 535 1165 563 et
1188 535 1413 564 coarctantur
1438 537 1475 565 et
1505 533 1631 566 coadu-

916 581 1066 615 nantur?
1101 582 1265 625 Denique
1280 593 1345 616 nec
1360 583 1535 626 ignoravit
1550 594 1627 617 eum

916 632 1162 665 Maturantius.
1186 633 1376 666 Gronovius.
1422 634 1628 678 Decrescere]

915 681 1004 724 Igne
1032 683 1179 725 scilicet,
1201 685 1255 716 vel
1281 685 1362 727 quia
1383 684 1628 719 descendenti-

915 732 978 765 bns
1010 744 1030 766 a
1059 740 1177 767 monte
1204 735 1315 767 minor
1342 736 1496 778 videtur,
1523 747 1626 780 qnam

915 793 992 816 cum
1009 791 1127 818 essent
1142 786 1175 818 in
1192 787 1402 821 summitate.
1425 788 1609 821 Matar-ant.

956 837 1022 867 467
1055 835 1122 868 Sed
1151 837 1344 879 quanquam]
1392 838 1521 871 Sensus
1549 843 1624 872 est:

913 884 1080 918 Quamvis
1106 885 1310 919 Graecorum
1343 887 1451 921 duces
1481 890 1625 932 quisque

912 944 976 976 per
1001 945 1038 968 se
1054 935 1239 969 virtutibus
1261 938 1445 979 plurimum
1466 940 1628 982 polleret,

912 985 1067 1022 Achilles
1085 991 1200 1020 tamen
1222 988 1265 1020 ad
1290 989 1418 1021 bellum
1435 990 1625 1032 expeteba-

913 1040 981 1068 tur.
1006 1037 1151 1080 Hocque
1165 1037 1208 1070 ad
1221 1037 1512 1072 Achillislaudem
1525 1050 1625 1082 spec-

912 1090 976 1127 tat,
989 1087 1064 1119 siue
1078 1097 1146 1130 quo
1160 1088 1264 1130 Troja
1286 1089 1366 1131 capi
1389 1099 1458 1122 non
1472 1094 1623 1132 poterat.

912 1137 1057 1179 Gemini]
1093 1138 1332 1181 Agamemnon
1361 1145 1400 1173 et
1426 1141 1623 1174 Menelaus.

909 1187 1066 1221 Britann.
1675 1218 1677 1220 .

936 1241 1018 1272 '469
1043 1240 1196 1282 Tydides]
1230 1241 1419 1275 Diomedes
1444 1242 1533 1275 filins
1554 1243 1621 1284 'l'y-

909 1288 979 1322 dei.
1031 1289 1213 1333 Sthenelus]
1248 1292 1404 1334 Capanei
1434 1293 1526 1334 regis
1553 1292 1622 1325 fuit

907 1338 997 1372 filius
1023 1350 1067 1372 ex
1093 1341 1235 1373 Euadne
1260 1352 1383 1383 uxore,
1398 1343 1457 1386 qui
1480 1343 1515 1375 iu
1530 1342 1622 1375 bello

907 1391 1052 1433 Trojano
1066 1394 1240 1435 egregiam
1253 1403 1394 1436 operam
1409 1395 1566 1427 navavit:
1586 1394 1621 1426 in

908 1452 997 1486 equo
1011 1443 1177 1477 inclusum
1194 1444 1435 1487 fuisseVirgil.
1450 1451 1619 1479 testatur:

906 1492 1120 1526 ‘Tisandrus
1159 1495 1414 1538 Sthenelnsque
1447 1496 1553 1529 duces
1585 1502 1622 1530 et

907 1543 1001 1575 dirus
1032 1544 1199 1586 ulysses?
1255 1546 1427 1589 Fremant]
1459 1548 1616 1589 Urgeant

906 1597 944 1625 et
980 1600 1182 1637 sequantur,
1218 1596 1273 1628 vel
1303 1602 1401 1629 certe
1440 1603 1620 1639 superent.

908 1643 1037 1684 Cogitet
1065 1655 1163 1677 annos
1190 1646 1392 1689 Antilochus]
1429 1648 1537 1682 Quasi
1566 1649 1618 1691 di-

904 1698 983 1726 cat:
1007 1696 1172 1729 Quamvis
1188 1697 1354 1730 audacius
1379 1708 1415 1730 se
1438 1699 1473 1731 in
1489 1699 1617 1732 bellum

903 1743 1009 1786 ferat,
1038 1755 1140 1788 quam
1171 1747 1251 1779 anni
1278 1748 1526 1782 adolescentiae
1558 1759 1616 1791 pa-

904 1795 1060 1836 tiuntur;
1088 1805 1167 1829 nam
1183 1797 1212 1829 is
1230 1798 1414 1830 admodum
1426 1799 1567 1841 juvenis
1582 1800 1617 1831 in

902 1844 1028 1878 bellum
1046 1846 1226 1889 profectus
1240 1853 1305 1880 est.
1329 1849 1431 1882 Idem.

945 1899 1010 1929 470
1041 1897 1245 1942 Antilochus]
1285 1900 1412 1941 Quem,
1438 1906 1479 1934 ut
1507 1904 1617 1935 nostri

902 1946 1078 1990 dixerunt,
1093 1949 1228 1982 Hector
1244 1950 1434 1993 interemit,
1454 1956 1492 1984 ut
1509 1953 1618 1986 Quin-

901 2001 957 2030 tus
974 2009 1056 2031 vero
1069 1999 1173 2041 poeta
1185 2001 1353 2043 Puniens,
1365 2003 1531 2035 Memnon
1545 2003 1616 2036 Au-

901 2058 989 2081 rorae
1001 2049 1105 2090 filius,
1120 2055 1198 2092 post
1211 2051 1375 2085 Hectoris
1391 2054 1535 2086 caedem.
1561 2055 1617 2087 Fi·

900 2100 964 2132 lius
980 2100 1047 2133 fnit
1065 2102 1224 2136 Nestoris
1238 2104 1346 2146 Pylii.
1391 2104 1498 2147 Aiax]
1514 2107 1616 2139 Tela·

899 2152 1009 2184 monis
1024 2151 1125 2190 filius,
1142 2154 1200 2194 qui
1217 2164 1295 2186 cum
1318 2155 1501 2189 duodecim
1521 2159 1615 2190 navi·

899 2202 962 2236 bus
990 2204 1257 2238 Salaminiorum
1286 2207 1383 2239 venit
1410 2208 1444 2239 in
1474 2209 1633 2241 bellum.r

901 2255 1066 2296 Gor-ascet]
1110 2256 1365 2298 Compendiose
1404 2258 1552 2299 dictum,
1578 2259 1612 2291 id

899 2311 966 2346 est,
981 2307 1197 2341 coruscando
1218 2313 1330 2348 gerat.
1374 2308 1503 2350 Septem
1522 2320 1615 2351 reges

898 2358 1034 2390 armenti
1065 2357 1210 2399 umbone]
1260 2359 1303 2391 Id
1334 2364 1400 2400 est,
1429 2361 1611 2394 umbonem

899 2409 1175 2450 septemplicem,
1195 2409 1231 2441 id
1255 2414 1322 2450 est,
1343 2415 1479 2453 septem
1498 2417 1612 2454 tergo-

899 2458 994 2491 ribus
1009 2458 1147 2492 bubulis
1165 2465 1374 2494 contectum.
1398 2462 1500 2496 Idem.

940 2512 1002 2542 471
1027 2510 1133 2552 Atque
1158 2521 1283 2552 <equum
1303 2513 1475 2555 montibus]
1499 2513 1611 2546 Acce-

898 2559 983 2596 dunt
999 2560 1066 2592 mei
1083 2561 1164 2593 Put.
1185 2562 1295 2594 codici
1320 2562 1512 2604 exhibenti,
1534 2575 1609 2596 moe-

896 2611 999 2643 nibus.
1034 2612 1263 2646 scholiastes:
1297 2614 1307 2632 ‘
1328 2615 1503 2656 moemuris]
1533 2617 1608 2657 ejus

896 2663 985 2695 vires
1003 2663 1112 2696 innuit
1127 2674 1203 2697 esse
1220 2666 1412 2699 maximas.’
1434 2667 1608 2701 Homerus

896 2713 941 2746 de
962 2714 1075 2756 Ajace
1098 2715 1202 2748 Iliad.
1220 2719 1258 2749 H.
1284 2715 1386 2759 φέρων
1410 2717 1509 2751 σάκος
1532 2719 1607 2758 ἠΰτε

894 2764 1023 2807 πύργον.
1059 2766 1200 2799 Gronov.
1272 2768 1404 2810 Orbem]
1437 2769 1607 2811 Clypeum

894 2825 1054 2858 magnum
1091 2817 1135 2850 ad
1175 2817 1433 2852 similitudinem
1468 2820 1609 2863 montis,
