1878 3164
301 207 417 250 2048

302 311 440 345 OEbalia
454 311 627 352 appellata
640 315 694 344 est
716 311 866 345 Laconia
880 312 923 344 ab
937 298 998 344 d:-

302 362 383 394 balo
397 371 480 403 rege
497 361 613 402 Arguli
627 361 708 398 tilio.
742 362 880 394 Condere
894 361 927 393 in
940 371 997 393 nu-

301 412 380 454 bila]
403 412 445 444 In
459 412 654 454 palaestorio
665 412 777 443 discus
788 416 874 453 erat,
887 414 920 443 ln
932 420 998 453 quo

295 461 462 502 jactando
488 461 519 493 is
548 461 850 494 commendabatur
876 462 933 503 qui
963 461 998 492 iu

301 511 416 543 aerem
427 512 530 544 altius
541 512 706 551 misisset3
721 517 795 544 erat
806 512 894 544 enim
910 512 998 552 lapis

303 563 417 603 gravis
432 567 468 594 et
482 563 570 594 latus
586 562 643 604 qui
658 562 702 594 ad
718 562 997 594 exercitationem

302 611 456 652 corporis
479 611 514 642 in
537 620 634 643 auras
650 611 861 649 mittebatur,
876 613 933 654 qui
942 611 996 652 ja-

302 661 504 693 culabantur
514 661 590 692 oleo
606 660 912 701 perfundebantur.
948 661 997 693 0-

303 709 431 742 vidius:
466 711 647 751 ‘Corpora
678 716 773 742 veste
802 711 932 751 levant,
961 715 998 743 et

301 769 405 791 succo
418 759 551 800 pinguis
566 760 663 791 olivae
677 759 939 801 splendescunt,
949 761 998 792 la-

300 808 398 851 tique
413 809 533 841 ineunt
552 809 748 841 certaminae
766 809 875 842 disci.'
897 810 998 842 Idem.

344 861 409 891 440
431 859 477 890 Et
500 858 650 899 liquidam
678 860 798 891 nudare
819 859 925 901 palen]
955 859 998 891 In

303 909 479 950 gymnasio
514 909 710 950 palaestritae
748 910 999 942 exercebantur

300 957 395 990 nudo
407 963 444 990 et
457 962 559 990 uncto
581 968 737 1000 corpore,
750 964 789 990 ut
801 959 843 990 ad
859 959 999 991 bellicos

299 1007 437 1039 labores
467 1011 505 1039 et
532 1009 698 1040 tumultus
723 1013 839 1040 essent
863 1018 998 1050 promp-

301 1057 422 1097 tiores,
449 1059 550 1099 'quam
575 1058 855 1090 exercitationem
883 1058 998 1090 Graeci

300 1106 407 1145 πάλην
428 1107 500 1137 sive
522 1106 717 1149 παλαίστραν
742 1117 918 1145 vocavere,
934 1108 997 1140 La-

302 1157 367 1189 tini
389 1166 466 1188 vero
485 1157 619 1189 luctam.-
642 1157 749 1199 qualis
770 1162 884 1190 antem
906 1162 998 1190 esset

299 1208 414 1248 ludus,
444 1207 645 1240 Plutarchus
674 1209 816 1251 loquens
838 1209 882 1241 de
904 1208 998 1242 Alci-

299 1258 401 1291 biade
426 1268 486 1290 nos
511 1264 627 1291 monet
653 1260 704 1291 his
732 1260 861 1292 verbis:
885 1260 895 1278 ‘
911 1261 996 1292 Cum

302 1308 485 1349 aliquando
521 1309 556 1340 in
593 1309 752 1349 palaestra
786 1319 863 1342 cum
891 1318 997 1351 puero

301 1358 472 1400 quondam
496 1358 696 1400 luctaretur,
713 1360 852 1401 jamque
876 1359 997 1391 adver·-

301 1407 407 1439 sarius
421 1418 498 1439 eum
514 1408 555 1439 ad
573 1413 697 1439 terram
709 1408 928 1449 deprimeret,
941 1418 997 1440 vo-

301 1458 375 1489 lens
402 1456 599 1489 Alcibiades
629 1458 844 1498 ignominiam
877 1459 998 1498 vitare,

301 1515 436 1537 manum
459 1506 548 1537 illius
571 1506 729 1538 dentibus
750 1506 1000 1548 apprehendit?

302 1557 402 1588 Idem.
435 1556 543 1598 Pales]
566 1557 654 1588 Gen.
668 1557 776 1596 Palis,
792 1558 868 1589 Dea
884 1562 998 1599 pasto-

301 1616 386 1638 rum.
415 1606 425 1624 ‘
439 1606 539 1638 Nunc
556 1610 591 1638 te
606 1616 728 1647 magna
743 1606 870 1647 Pales‚’
882 1607 917 1638 in
929 1612 997 1639 ter-

302 1656 352 1688 tio
374 1655 629 1697 Georgicorum.
675 1657 771 1696 Pale,
799 1657 907 1698 pales,
935 1666 997 1698 pro

302 1706 462 1747 palaestra
483 1705 630 1746 ponitur.
653 1704 673 1744 ἦ
695 1704 793 1745 πάλη,
817 1707 874 1744 τῆς
895 1704 998 1744 πάλης

302 1755 442 1787 dicitur.
471 1755 652 1795 Liquidum]
676 1755 766 1789 Quia
782 1756 814 1787 in
828 1756 998 1797 palaestris

302 1804 517 1845 ungebantur
538 1804 667 1846 nudati,
693 1805 782 1837 unde
807 1805 877 1837 ludi
901 1815 996 1847 gym-

301 1855 369 1887 nici
397 1855 559 1895 appellati
582 1860 671 1895 sunt,
698 1860 735 1888 et
760 1865 899 1898 gymnas
922 1857 998 1898 ipsa

303 1905 464 1946 palaestra
489 1905 626 1944 dicitur,
655 1901 746 1946 quod
769 1905 875 1937 nudos
897 1906 997 1937 liabe-

302 1959 370 1986 ret.
384 1953 499 1994 γυμνὸς
513 1955 601 1986 enim
616 1956 715 1986 nudus
730 1965 750 1986 a
763 1955 932 1987 Graeculis
948 1955 998 1987 di-

302 2004 404 2036 citur.
447 2004 488 2035 In
500 2003 629 2035 Arabia
647 2005 723 2035 olea
736 2004 874 2036 dotatur
889 2005 996 2046 lacry-

303 2063 370 2093 ma,
380 2064 455 2095 quae
470 2053 756 2085 medicamentum
771 2053 963 2093 conficitur,
977 2063 998 2085 a

303 2103 433 2135 Graecis
466 2104 640 2135 euhaemon
666 2103 808 2143 dictum,
835 2103 997 2145 singulari

302 2151 428 2185 effectu
454 2153 693 2185 contrahendis
710 2153 884 2184 vulnerum
905 2154 997 2185 cica-

304 2203 458 2234 tricibus.
501 2203 634 2234 Plinius
659 2203 718 2234 lib.
746 2211 816 2234 xn.
842 2212 917 2243 cap.
944 2205 997 2235 17.

304 2253 444 2294 Coestus]
467 2253 497 2285 A
522 2252 696 2284 caedendo.
732 2252 849 2284 Ludus
874 2252 907 2283 in
930 2262 997 2294 quo

302 2302 461 2333 ludentes
497 2302 645 2333 manicas
677 2302 762 2333 corii
797 2301 997 2342 induebant,

304 2356 342 2383 et
376 2351 479 2392 juxta
516 2360 650 2382 manum
691 2350 865 2391 plumbeas
908 2351 996 2392 pilas

302 2401 484 2437 habebant,
505 2401 626 2442 quibus
652 2400 795 2432 invicem
817 2401 995 2433 candeban-

303 2457 360 2483 tur
382 2461 487 2492 usque
512 2453 554 2483 ad
581 2460 712 2483 necem.
758 2451 936 2483 Interdum
958 2457 997 2484 et

302 2505 440 2538 caestus,
465 2500 571 2540 caesti,
598 2500 744 2531 dicitur:
772 2500 835 2532 hoc
863 2505 995 2533 cestum

303 2550 376 2580 sine
398 2560 426 2580 ae
449 2550 618 2590 cingulam
648 2555 701 2581 est
725 2550 882 2591 Veneris,
906 2550 997 2583 unde

303 2599 487 2639 Homerus,
497 2598 609 2631 κέστον
617 2599 728 2639 ἱμάντα
737 2601 904 2641 appellat:
916 2600 997 2641 ἱμὰς,

299 2646 439 2688 ἱμάντας,
465 2650 635 2689 cingulum,
663 2649 844 2691 siguificat.
887 2650 997 2682 Matu-

299 2702 386 2729 rant.

342 2749 405 2779 ⁴41
430 2746 538 2779 Ludus
567 2751 598 2780 et
623 2748 758 2789 requies]
790 2749 831 2781 In
862 2749 912 2781 his
944 2751 995 2782 lu-

748 217 909 252 ›NOTAE
941 218 1204 252 VAmoRuM
1225 220 1290 252 ‘m

1047 313 1099 345 dis
1126 312 1184 345 alii
1218 311 1364 347 maxime
1390 312 1559 355 laborant,
1588 314 1649 348 scd
1673 323 1744 359 ego

1046 367 1086 395 ut
1119 363 1235 396 ludum
1266 369 1303 397 et
1333 365 1488 407 requiem
1515 365 1576 397 hos
1603 366 1746 399 exereb-

1046 411 1139 445 bam.
1163 413 1262 445 Idem.
1642 420 1646 422 '

1087 464 1152 494 442
1174 462 1291 504 Sudor]
1311 462 1393 495 Non
1414 462 1521 504 magis
1545 461 1744 497 laborabam

1045 511 1080 543 in
1093 512 1146 544 his
1160 512 1247 544 ludis
1261 522 1361 554 quam
1383 512 1551 554 pulsando
1564 512 1744 546 etthan..

1044 561 1144 594 Idem.
1182 560 1364 603 Apollineo]
1386 562 1464 596 Quo
1480 562 1623 604 primum
1645 572 1744 596 usum

1044 609 1150 643 fuisse
1179 616 1314 644 constat
1338 611 1553 653 Apollineum
1582 621 1675 654 nam,
1705 615 1745 646 ut

1045 661 1169 694 fabulae
1194 661 1348 702 tradunt,
1376 671 1453 694 cum
1477 662 1671 695 Mercurius
1692 663 1744 704 ly·

1047 720 1118 743 ram
1132 711 1270 744 fecisset
1284 712 1319 744 in
1335 712 1475 753 Cyllene
1499 716 1616 745 monte
1635 711 1744 748 Arca·

1047 756 1127 802 dim,
1149 761 1274 794 deinde
1296 765 1417 803 postea
1443 761 1613 804 Apollinis
1639 762 1744 795 boves

1047 810 1231 852 abegisset,
1261 811 1502 852 deprehensus
1524 811 1567 843 ab
1596 819 1651 852 eo,
1674 812 1743 854 quo

1047 860 1110 891 sihi
1120 859 1254 892 facilius
1268 860 1475 901 ignosceret,
1486 861 1622 902 petenti
1633 860 1743 904 Apol:-

1047 909 1123 950 lini,
1133 914 1172 942 ut
1185 910 1303 942 liceret
1317 910 1435 943 dicere
1454 919 1493 942 se
1507 910 1679 947 invenisse
1690 911 1741 953 ly-

1048 968 1132 999 ram,
1156 959 1340 1000 concessit,
1366 963 1404 992 et
1432 959 1476 992 ab
1505 968 1550 993 eo
1575 959 1742 1004 vin-gals-

1048 1009 1216 1050 quandam
1227 1008 1356 1041 muneri
1368 1009 1515 1051 accepit,
1525 1018 1626 1053 qnam
1638 1009 1745 1044 cadu-

1046 1066 1145 1090 ceum
1179 1059 1366 1100 appellant.
1408 1058 1471 1091 Ait
1504 1068 1587 1100 ergo
1620 1059 1743 1102 Poeta,

1046 1107 1174 1139 Plectra
1206 1108 1379 1150 Apollineo,
1403 1109 1502 1151 cujus
1527 1109 1743 1144 inventorem

1045 1167 1084 1190 se
1098 1157 1205 1190 voluit
1226 1158 1352 1190 vocari.
1393 1158 1549 1201 Mirarer]
1572 1159 1659 1193 Cum
1683 1161 1743 1194 ad-

1047 1207 1230 1239 miratione
1265 1208 1476 1241 celebrarem
1494 1204 1621 1242 'laades
1649 1214 1742 1243 vete-

1047 1267 1120 1289 rum
1133 1258 1292 1290 virorum.
1313 1258 1462 1292 Britann.

1087 1311 1160 1340 444-
1177 1310 1262 1346 Quin
1272 1309 1381 1350 etiam]
1403 1309 1506 1343 Ponit
1513 1309 1680 1352 quomodo
1689 1309 1742 1342 di-

1047 1357 1131 1389 dicit
1143 1358 1344 1391 medicinam
1359 1368 1378 1390 a
1393 1359 1553 1400 Chirone,
1565 1359 1622 1401 qul
1631 1358 1742 1392 fertur

1046 1417 1132 1439 unus
1145 1407 1188 1439 de
1203 1408 1436 1441 inventoribus
1450 1408 1651 1441 medicine:
1668 1409 1743 1451 qui·

1048 1457 1126 1489 dam
1154 1458 1270 1490 volunt
1292 1457 1371 1491 ideo
1396 1463 1625 1500 nuncupatum
1654 1459 1743 1491 Cen-

1047 1511 1182 1539 taurum
1198 1508 1278 1549 quia
1298 1507 1499 1540 medicinam
1519 1508 1561 1540 ad
1573 1507 1742 1540 bominem

1048 1560 1085 1588 et
1099 1556 1143 1587 ad
1165 1563 1287 1598 equum
1310 1557 1539 1599 pertinentem
1562 1557 1744 1599 invenerit,

1045 1610 1084 1637 et
1097 1615 1207 1647 nuper
1221 1606 1379 1638 inventus
1400 1610 1454 1638 est
1474 1606 1574 1647 liber,
1591 1607 1649 1648 qui
1665 1606 1744 1639 Chi·

1048 1664 1108 1686 ron
1125 1655 1168 1687 de
1183 1655 1351 1688 medicina
1361 1666 1525 1699 equorum
1536 1657 1743 1703 inscribitur.

1045 1705 1225 1736 Maturant.

1088 1758 1151 1787 445
1174 1755 1298 1797 Staret]
1319 1754 1471 1789 Effluens
1487 1757 1626 1799 sanguis
1645 1752 1743 1790 sisto·

1045 1809 1153 1837 retur.
1175 1804 1275 1838 Idem.

1086 1857 1151 1886 446
1173 1854 1318 1896 Somnos]
1343 1855 1391 1887 Ut
1419 1864 1581 1897 papaver,
1605 1855 1742 1897 quando

1046 1904 1167 1946 aegroti
1180 1913 1247 1936 non
1262 1909 1401 1946 possunt
1416 1905 1576 1938 dormire.
1604 1905 1703 1938 Idem.

1087 1956 1151 1986 447
1175 1954 1344 1996 Qqoeferro
1353 1955 1518 1987 cohibenda
1528 1955 1606 1996 lues]
1616 1955 1740 1988 Utrum

1045 2013 1123 2047 quae
1139 2005 1278 2037 vulnera
1291 2004 1382 2037 ferro
1396 2005 1463 2037 sint
1476 2005 1670 2044 recidenda,
1685 2015 1742 2046 an,

1045 2054 1138 2097 quod
1149 2053 1253 2095 magis
1267 2054 1392 2095 placet,
1403 2063 1479 2096 quae
1496 2054 1637 2086 uulnera
1646 2052 1741 2086 ferro

1045 2108 1220 2140 sanentur.
1233 2109 1272 2135 ut
1286 2104 1331 2135 de
1346 2104 1497 2145 aerngine
1512 2104 1741 2144 intelligamus

1046 2153 1141 2194 ferri,
1151 2163 1249 2196 quam
1262 2154 1304 2186 ab
1312 2153 1445 2186 Achille
1454 2154 1626 2185 inventam
1636 2153 1741 2186 fuisse

1047 2202 1193 2234 diximus
1221 2203 1428 2235 utilissimam
1460 2204 1664 2245 emplastris,
1701 2208 1753 2236 ut*

1046 2252 1102 2288 sit,
1110 2250 1212 2290 ferro,
1234 2252 1268 2283 id
1285 2256 1337 2284 est
1351 2252 1510 2292 rubigine
1525 2251 1607 2284 ferri
1621 2253 1654 2284 in
1671 2253 1743 2284 vul-

1046 2311 1109 2333 nus
1125 2300 1246 2333 infusa.
1292 2301 1484 2343 Cohibenda]
1508 2301 1550 2334 Id
1565 2307 1630 2339 est,
1643 2301 1740 2334 coer-

1045 2351 1165 2390 cenda,
1179 2355 1214 2381 et
1226 2351 1454 2393 reprimenda,
1463 2360 1506 2383 ne
1518 2351 1659 2383 ulterius
1674 2361 1742 2384 ser-

1046 2401 1228 2442 petulcus.
1275 2401 1354 2437 Quae
1373 2402 1492 2433 caleret
1511 2400 1630 2442 herbis]
1652 2402 1739 2435 Qum

1046 2451 1186 2482 vulnera
1207 2449 1322 2482 herbis
1338 2455 1549 2483 curarentur.
1580 2450 1684 2492 Nam,
1701 2455 1740 2482 ut

1046 2500 1176 2532 dictum
1197 2503 1266 2540 est,
1289 2500 1355 2532 alia
1383 2501 1521 2532 vulnera
1549 2499 1652 2537 ferro,
1674 2501 1740 2533 alia

1045 2551 1157 2584 herbis
1173 2555 1343 2583 sanantur.
1366 2552 1462 2584 Idem.

1089 2604 1153 2634 449
1173 2601 1333 2643 Justitioe]
1354 2601 1442 2634 Nam
1467 2601 1637 2634 Homerus
1660 2602 1739 2635 Chi-

1046 2660 1162 2683 ronem
1178 2649 1369 2683 δικαιότατον
1388 2650 1560 2693 κενναύρων
1581 2657 1691 2693 vocat,
1703 2653 1739 2685 id

1047 2701 1325 2741 est‚justiuina‹m
1338 2702 1572 2734 Centaurorum.
1606 2704 1653 2735 Et
1667 2703 1739 2736 dic·

1046 2756 1083 2784 to
1112 2761 1174 2793 per
1196 2761 1280 2793 quas
1308 2757 1400 2785 artes
1434 2752 1557 2785 Chiron
1576 2753 1738 2786 *aurunt
