1878 3164
281 230 394 273 1850

281 333 470 366 Pausanias
485 332 678 374 Arcadicis,
693 332 734 364 ad
751 341 851 374 quem
867 336 901 364 te
924 342 978 363 re-

281 385 406 417 mitto:
430 389 560 416 tautum
583 392 716 423 moneo,
743 384 910 415 Minervae
933 382 979 415 A·

280 434 343 465 leae
355 435 486 475 signum
498 444 541 466 ex
554 434 655 466 ebore
671 432 788 473 fuisse,
803 438 838 464 et
852 433 896 464 ab
909 432 980 464 Au-

281 488 380 524 gusto
422 484 570 524 Caesare,
615 483 789 515 debellato
830 482 979 514 Antonio

281 534 422 576 ejusque
439 533 604 575 partibus,
620 533 711 564 inter
729 542 816 574 quos*
831 532 979 564 Arcades

281 593 391 625 prope
416 579 671 623 omnes'fuere‚
695 583 848 624 exceptis
874 583 980 614 Mati-

280 634 452 674 nensibm,
465 634 608 665 Romam
623 634 824 664 translatum
838 644 846 664 :
862 638 898 664 et
908 632 980 664 adi-

281 690 320 715 tu
337 684 411 725 ejus
430 683 511 722 fori,
525 683 617 725 quod
629 683 670 715 ab
686 684 804 715 eodem
822 682 979 724 Augusto

281 733 478 765 dedicatum
495 737 559 773 est,
585 733 743 774 positum.
790 733 980 764 Minervam

280 782 403 815 Aleam
426 783 541 814 vocari
559 792 638 814 vero
655 782 759 814 etiam
776 782 865 822 apud
884 783 981 814 Gra»-

281 843 340 865 cos
355 833 515 874 reliquos,
531 833 622 874 quod
647 832 821 864 diceretur
837 832 870 863 in
888 833 980 863 Deo·

281 892 354 914 rum
369 892 446 914 cum
472 883 676 924 Gigantibus
692 892 805 923 pugna
821 883 854 914 iu
872 884 978 915 Ence—

281 933 393 964 lattem
409 933 506 974 bigas
516 934 705 965 immisisse.
729 934 880 966 Bernart.

322 986 387 1015 290
410 984 506 1015 Poene
521 984 620 1025 socer]
641 985 790 1025 Propter
807 984 980 1025 Daphnen

282 1028 430 1064 Ladonis
446 1032 560 1073 filiam,
577 1043 676 1075 quam
692 1032 816 1074 Apollo
832 1033 954 1065 dilexit
969 1044 978 1065 ε

277 1093 366 1125 poene
379 1084 528 1125 ait‚quia
541 1084 715 1123 virginitas
729 1084 885 1115 damnum
904 1094 979 1125 pas-

281 1145 318 1166 sa
333 1144 399 1166 non
423 1141 489 1175 est,
507 1140 543 1167 et
558 1136 591 1166 in
609 1136 739 1167 laurum
756 1140 836 1166 ante
858 1144 981 1167 concu-

281 1186 390 1217 bitum
405 1184 510 1217 fuisse
526 1192 691 1217 conversa
707 1185 842 1217 dicitur.
885 1186 980 1217 Lam-

280 1236 336 1275 pia
359 1235 490 1275 nivosis]
514 1235 642 1266 Civitas
665 1234 835 1275 Arcadiae,
855 1236 980 1267 nivosis

281 1284 453 1316 montibus
469 1285 667 1318 constituta.
699 1286 788 1326 Ergo
805 1286 980 1327 Lampiam

282 1345 303 1366 a
317 1334 468 1366 candore
481 1335 674 1376 pruinarum
694 1335 820 1367 dictam
834 1335 979 1367 'nominis

282 1384 390 1426 ipsius
417 1384 610 1425 proprietas
633 1390 816 1417 monstrat:
840 1385 981 1427 λαμπρὸν

281 1434 370 1466 enim
385 1434 508 1466 Graece
530 1436 720 1476 splendidam
742 1435 878 1468 dieitur.
900 1436 981 1467 Lac-

281 1488 364 1516 tant.

323 1537 384 1566 291
423 1534 527 1576 Styga
553 1534 692 1576 mittere]
727 1535 832 1566 Palus
869 1545 889 1566 a
914 1544 981 1576 qua

281 1584 370 1625 Styx
385 1585 487 1616 sumit
499 1585 687 1617 exordium.
731 1585 874 1617 Constat
888 1585 981 1616 inter

282 1634 469 1675 prudentes
484 1635 636 1666 Peneum
661 1634 765 1666 nudas
791 1634 979 1676 Stygisub-

282 1684 420 1716 mittere
436 1689 472 1715 et
484 1684 751 1716 subministrare.
774 1685 874 1716 Idem.

322 1737 387 1766 292
409 1735 551 1766 AEmulus
564 1734 668 1774 Azan]
685 1735 840 1773 AEmulroe,
850 1735 929 1777 quia
943 1734 978 1766 in

281 1783 342 1816 illo
372 1789 501 1824 monte,
529 1789 567 1816 ut
593 1785 770 1826 Juppiter,
798 1785 846 1817 ita
874 1778 979 1817 etiam

283 1835 399 1866 Mater
415 1835 567 1866 Deorum
583 1835 706 1866 colitur
723 1835 789 1866 ritu
803 1845 812 1867 ι
837 1835 916 1867 inde
931 1835 978 1867 A·

281 1894 342 1916 zan
369 1884 460 1925 apud
486 1884 638 1916 Arcades
665 1885 808 1916 Curetes
837 1885 900 1917 hoe
923 1895 980 1917 no-

281 1943 360 1966 men
376 1934 515 1975 habent,
533 1935 574 1965 de
591 1939 705 1965 moute
720 1933 850 1967 Azane.
879 1935 979 1967 Unde

281 1985 382 2025 vulgo
405 1985 438 2016 in
464 1985 570 2016 sacris
587 1985 673 2017 Deae
699 1994 830 2026 maguae
856 1985 980 2018 dicitur

281 2034 383 2066 Azan.
406 2034 514 2066 Idem.

323 2087 387 2117 294
412 2083 586 2125 Nonacria]
609 2084 686 2116 Una
709 2093 786 2126 pars
812 2085 993 2118 orationis‘

281 2139 336 2166 est
352 2135 536 2172 Nonacria,
553 2140 591 2166 ut
606 2135 792 2167 Trinacria.
837 2136 900 2168 Est
921 2146 978 2168 au-

281 2190 349 2218 tem
366 2196 487 2218 nomen
503 2186 567 2218 loci
584 2186 637 2217 vel
660 2187 731 2227 agri
754 2186 929 2228 Arcadiae,
945 2188 979 2219 in

280 2246 346 2278 quo
361 2236 499 2277 Jupiter
524 2237 558 2267 in
585 2236 735 2277 speciem
760 2236 881 2268 Dianae
903 2246 978 2269 ver·

282 2296 338 2318 sus
351 2296 428 2318 cum
445 2286 628 2327 Calystone
642 2287 807 2328 Lycaonis
819 2286 889 2319 filia
899 2297 978 2320 con-

282 2337 440 2369 cubuisse
455 2341 624 2368 narratur.
646 2337 745 2369 Idem.

323 2390 385 2419 295
412 2387 588 2428 Cynosura]
604 2388 714 2418 Locus
730 2386 902 2428 Arcadiae,
917 2398 978 2419 un·

282 2437 326 2469 de
351 2442 387 2468 et
408 2439 517 2468 minor
539 2446 615 2468 ursa
641 2437 817 2479 Cynosura
843 2438 979 2471 dicitur.

282 2488 449 2529 AEphitios,
466 2498 486 2519 a
505 2488 646 2520 civitate
663 2489 716 2520 vel
741 2492 855 2521 monte
880 2489 978 2522 ducis

282 2540 416 2572 nomine
442 2546 665 2581 nuncupatos.
704 2541 738 2572 hi
758 2551 890 2583 quoque
912 2541 978 2574 Ar-

283 2589 391 2620 cadiae
404 2591 519 2631 populi
531 2595 623 2622 sunt.
645 2591 744 2622 Idem.

323 2641 387 2670 298
424 2641 636 2680 Erymanthon
681 2645 713 2672 et
758 2642 979 2684 Stymphalon]

282 2690 432 2723 Quorum
446 2691 481 2721 in
493 2691 602 2723 altero
624 2701 742 2733 aprum
762 2694 868 2735 cepit,
880 2705 979 2736 quem

282 2740 395 2771 vivum
421 2739 609 2782 Eurystheo
627 2741 759 2774 detulit.
805 2744 846 2775 In
870 2745 980 2778 altero

285 2799 378 2828 aves,
393 2801 468 2834 quae
482 2792 735 2834 Stymphalides
752 2796 979 2838 appellantur,

746 239 887 271 NOTAE
920 238 1181 271 VARIORUM
1214 238 1267 270 IN

1029 331 1167 365 occidit.
1212 329 1431 374 Erymanthon
1445 329 1581 374 atridam
1604 329 1722 368 vot-t

1027 383 1138 414 locum
1157 392 1245 422 esse,
1273 382 1329 424 qui
1344 382 1447 422 juxta
1469 380 1673 416 Parthenios
1687 377 1723 415 δ’·

1030 442 1107 474 gros
1129 438 1192 473 est,
1209 432 1266 464 ubi
1291 431 1458 464 Hercules
1477 431 1519 464 de
1534 430 1637 472 Auge
1646 430 1733 466 mu?

1029 487 1168 524 ceptum
1194 482 1299 515 filium
1335 482 1494 524 exposuit
1522 481 1727 523 Telephum

1029 534 1084 576 qni
1096 543 1116 565 a
1127 543 1229 566 cerva
1244 533 1391 565 nutritus
1406 537 1478 572 est3
1500 531 1558 564 sed
1585 531 1659 565 hnc
1673 531 1723 565 lo·

1030 594 1069 616 ca
1085 584 1138 615 hic
1158 593 1225 615 nou
1240 583 1401 616 convenit
1415 582 1605 623 suspicaris
1633 582 1727 615 Nom

1029 638 1161 665 montes
1185 642 1243 665 eos
1259 632 1343 665 dicit
1357 633 1391 664 in
1416 633 1537 674 quibus
1552 631 1722 675 Hercula·

1030 683 1073 715 de
1096 693 1179 724 apro
1210 686 1246 715 et
1275 682 1317 714 de
1346 682 1462 714 avibus
1487 681 1725 723 triumphavit.

1030 734 1243 775 Erymanthus
1264 738 1375 765 autem
1388 742 1482 764 mous
1496 736 1561 773 est,
1575 737 1611 764 et
1626 731 1724 773 sylva

1030 785 1150 816 eodem
1166 785 1298 825 signata
1315 784 1493 823 vocabulo,
1505 783 1540 815 in
1560 782 1723 816 Arcadi-

1029 834 1152 866 fiuibus
1174 835 1372 866 constituta.
1415 833 1647 874 Stymphalon·
1663 841 1725 866 au·

1029 889 1099 916 tem
1112 884 1290 916 aerisonum
1302 883 1398 923 dicit,
1408 883 1487 925 quia
1500 892 1565 914 non
1579 882 1726 923 sagittis,

1029 935 1088 967 sed
1105 935 1181 967 aeris
1200 934 1313 966 sonitu
1331 934 1498 966 Hercules
1520 933 1726 975 Stymphali·

1029 985 1089 1018 das
1104 985 1243 1017 occidit.
1265 985 1363 1017 Idem.

1072 1038 1135 1067 304
1156 1035 1322 1077 Lycaonia
1335 1034 1417 1075 ritu]
1440 1034 1560 1066 Potius
1571 1038 1626 1066 est
1641 1033 1725 1067 acri-

1029 1085 1063 1117 bi
1079 1095 1123 1117 ex
1137 1085 1373 1128 manuscriptis
1387 1095 1395 1117 :
1412 1085 1470 1117 lue
1481 1084 1649 1127 Lyoaom'ae
1660 1082 1724 1116 τίσ-

1030 1141 1066 1169 tu
1080 1141 1171 1179 caput
1192 1139 1316 1179 asperat
1336 1146 1418 1168 ursoe
1430 1146 1444 1174 ,·
1474 1145 1551 1167 nam
1578 1134 1724 1176 alicujus

1029 1188 1111 1220 ferae
1127 1188 1264 1229 pellem,
1287 1196 1347 1227 pro
1372 1186 1480 1226 galea,
1496 1184 1602 1225 capiti
1616 1184 1724 1226 impo-

1030 1248 1124 1279 nere,
1140 1237 1287 1279 antiquis
1303 1237 1484 1269 usitatum:
1507 1240 1602 1267 certe
1617 1235 1723 1276 galeis

1029 1288 1203 1320 inducere.
1218 1287 1320 1319 Silius
1333 1287 1393 1318 lib.
1407 1295 1464 1318 ιιι.
1479 1286 1490 1304 ‘
1502 1295 1560 1317 ore
1569 1283 1721 1317 ferarum

1030 1339 1075 1370 Et
1090 1338 1178 1370 rictu
1200 1337 1396 1369 horrificant
1411 1335 1546 1378 galeas!
1563 1336 1666 1368 Bm.

1071 1391 1136 1420 306
1156 1389 1265 1420 Milite
1273 1388 1400 1429 vicinoe]
1424 1388 1552 1419 Plenus
1567 1386 1658 1417 enim
1673 1384 1724 1417 fa-

1029 1438 1119 1471 bulae
1141 1438 1191 1470 ita
1213 1448 1248 1470 se
1263 1438 1416 1470 continet
1430 1442 1554 1469 textus.
1596 1435 1724 1467 Atreus

1031 1493 1066 1520 et
1079 1488 1244 1530 Thyestes
1259 1488 1400 1529 Pelopis
1420 1487 1493 1527 tilii,
1516 1485 1652 1518 Tantali
1665 1494 1724 1518 nc-

1030 1542 1140 1580 potes,
1157 1539 1297 1570 alternis
1319 1538 1449 1570 vicibus
1470 1545 1614 1578 regnum
1627 1543 1725 1577 rege-

1030 1589 1126 1622 bant.
1168 1589 1294 1620 Verum
1318 1589 1484 1630 Thyestes
1511 1596 1588 1619 cum
1617 1586 1725 1618 inces-

1029 1642 1140 1671 tasset
1165 1639 1336 1680 Europam
1362 1637 1478 1670 fratris
1501 1645 1654 1676 uxorem,
1677 1636 1723 1668 ab

1029 1698 1071 1721 eo
1094 1689 1210 1730 pulsus
1234 1693 1287 1720 est
1308 1698 1328 1720 e
1350 1697 1466 1729 regno,
1477 1687 1726 1726 scd-intereos,

1029 1739 1085 1781 qui
1101 1739 1232 1770 scelere
1254 1737 1446 1777 certabant,
1467 1736 1646 1768 videbatur
1661 1745 1723 1777 pro

1029 1789 1177 1821 vindicta
1194 1788 1276 1820 ficta
1291 1787 1403 1830 gratia
1424 1785 1724 1819 reconciliationis.

1029 1840 1154 1871 Atreus
1169 1838 1267 1870 fratri
1277 1838 1363 1870 filios
1376 1847 1454 1869 suos
1467 1837 1626 1878 apposuit
1641 1845 1724 1877 epu-

1029 1890 1158 1930 landos,
1173 1890 1228 1921 cni
1247 1893 1322 1930 post
1340 1889 1456 1930 epulas
1471 1888 1616 1920 filiorum
1631 1887 1722 1929 capi-

1029 1944 1076 1981 ta,
1093 1940 1225 1982 signum
1239 1940 1381 1971 convivii
1407 1938 1537 1980 feralis,
1560 1937 1723 1971 ostendit.

1028 1991 1069 2023 In
1081 1991 1135 2032 cuj
1141 2000 1179 2022 us
1195 1991 1244 2022 rei
1258 1989 1498 2030 detestatione,
1508 1999 1583 2022 cum
1593 1989 1722 2031 Thyes-

1029 2047 1081 2074 tes
1110 2041 1266 2074 consulta
1306 2041 1348 2073 de
1377 2041 1520 2073 oraculis
1553 2043 1724 2082 posceret,

1029 2102 1222 2134 responsum
1245 2096 1301 2123 est
1326 2100 1387 2132 per
1415 2100 1491 2123 eum
1517 2090 1566 2122 illi
1592 2094 1723 2122 certam

1029 2152 1127 2183 posse
1144 2142 1257 2174 venire
1281 2141 1480 2181 vindictam,
1501 2140 1559 2182 qui
1581 2148 1625 2171 ex
1646 2140 1723 2181 ipso

1028 2197 1065 2224 et
1079 2192 1148 2224 filia
1162 2191 1327 2233 Pelopeia
1341 2196 1440 2223 natus
1454 2190 1588 2223 fuisset.
1620 2188 1723 2222 Unde

1026 2243 1164 2275 illicitos
1192 2244 1270 2276 filiae
1305 2244 1481 2285 amplexus
1512 2243 1650 2282 invasit,
1678 2249 1722 2272 ex

1027 2303 1093 2336 qua
1107 2298 1206 2326 natus
1221 2299 1274 2327 est
1289 2303 1387 2336 puer,
1402 2303 1502 2335 quem
1525 2293 1585 2325 illa
1605 2293 1642 2324 in
1658 2292 1723 2334 syl-

1029 2355 1087 2377 vas
1123 2350 1266 2387 propter
1293 2344 1537 2376 conscientiam
1570 2342 1720 2384 abjtscit:

1027 2396 1082 2427 hic
1098 2405 1208 2436 caprae
1231 2395 1391 2426 uberibus
1413 2394 1573 2434 nutritus,
1593 2402 1639 2425 ex
1658 2402 1722 2426 -ea-

1029 2446 1105 2477 dem
1122 2455 1159 2477 re
1173 2445 1324 2486 AEgistus
1348 2454 1471 2476 nomen
1487 2443 1640 2485 accepit:
1662 2443 1721 2485 qui

1027 2495 1169 2528 Atreum
1182 2495 1216 2526 in
1226 2495 1409 2527 vindictam
1419 2494 1539 2534 patris,
1550 2503 1628 2526 eum
1640 2493 1722 2526 ado·

1027 2546 1179 2582 levisset,
1206 2545 1343 2577 occidit.
1389 2544 1484 2575 Idem
1508 2550 1621 2576 autem
1631 2543 1722 2586 Agna

1026 2605 1215 2636 memnona,
1231 2604 1306 2626 cum
1332 2595 1619 2635 Clytemnestram
1640 2603 1723 2626 uxo-

1028 2655 1099 2677 rem
1113 2645 1187 2686 ejus
1203 2644 1440 2684 adulterasset,
1455 2644 1596 2684 occidit,
1608 2648 1648 2676 nt
1669 2645 1721 2687 ip-

1027 2706 1063 2729 se
1079 2696 1201 2736 Virgil.
1224 2696 1234 2714 ‘
1248 2695 1327 2737 Ipse
1356 2696 1557 2737 Mycenaeus
1580 2704 1721 2737 magno-

1027 2756 1101 2779 rum
1128 2746 1250 2779 ductor
1273 2745 1465 2778 Achivum!
1504 2745 1572 2779 Qui
1599 2750 1722 2787 postea

1028 2797 1070 2830 ab
1086 2796 1212 2830 Oreste
1227 2796 1297 2829 filio
1311 2795 1573 2838 Agamemnonis
1588 2804 1664 2829 cum
1679 2805 1721 2830 e·
