1878 3164
493 223 533 254 P.
565 221 755 254 PAPan
789 219 968 253 s'l'A'l‘ll·
991 222 1139 255 THEB.
1174 224 1271 255 mn.
1295 224 1363 255 IV.

1538 217 1651 260 1849

205 312 216 322 '
237 309 433 358 ‘dfflpw‘n'
444 290 613 358 HQ]
640 315 788 348 Dianam
805 314 895 347 scili·
938 315 1119 352 nobilitate
1151 320 1333 349 tractaret.
1393 316 1502 350 Aiunt
1528 324 1647 353 autem

197 372 255 400 cet
270 363 346 410 qu·
367 365 544 399 Atalantoe
559 366 605 398 ob
618 365 775 398 amissam
792 365 895 407 virgi-

194 412 495 459 nitate-{jamia
517 415 617 449 laem.

203 487 207 490 <
235 462 301 499 817
322 465 508 507 aeganem
525 465 686 507 grmnine]
709 466 895 508 Eleganter

192 513 335 549 infamis
347 524 503 558 gressum
523 525 593 549 non
615 517 820 556 calcantem,
834 517 894 550 sed

35 563 62 566 ··
141 589 146 594 .
193 563 758 608 cimmo-tendmutflom.
782 569 894 601 ‘Red-

192 615 277 649 dere
291 614 351 660 qni
365 626 467 650 voces
474 618 547 659 jam
558 619 625 651 scit
635 628 732 661 puer,
745 619 791 651 Et
804 619 894 661 pede

191 669 289 700 certo
318 666 436 710 signat
461 668 623 702 humum!
681 669 780 702 Dicit
809 679 894 711 ergo

191 717 353 760 Dim,
366 727 444 751 cum
467 722 538 751 tam
553 719 732 762 pulchrum
755 720 895 753 vidisset

191 763 492 810 Parthenopaenm,
502 768 675 803 Atalantae
688 771 826 803 dedisse
839 781 895 804 ve-

189 818 296 860 nium,
310 819 367 851 cni
391 824 536 862 propter
557 820 761 854 concubitus
780 820 895 855 fuerat

189 867 280 902 irata
292 868 474 911 Meleagri.
495 870 594 903 Idem.

232 920 298 952 204
321 918 428 952 Tedet
442 921 615 962 nemorum]
635 921 783 955 Sensus:
808 924 894 956 Eru-
907 931 914 936 ’

190 969 355 1002 beseebst
382 969 671 1013 Parthenopaeus,
694 973 784 1014 quod
810 983 894 1006 nou-

190 1018 272 1052 dum
295 1020 442 1052 humano
458 1022 622 1061 sauguine
645 1032 725 1054 suas
748 1023 892 1065 sagittas

189 1069 371 1110 infecerat,
384 1075 422 1103 et
450 1071 540 1113 quod
566 1082 633 1104 non
659 1073 723 1105 hac
746 1074 892 1106 crudeli·

191 1124 264 1152 tate
277 1119 386 1153 landis
397 1119 510 1154 fuerat
524 1122 660 1155 titulum
675 1128 891 1157 consecutus.

229 1224 296 1255 m
320 1222 552 1265 vadentemque
581 1224 699 1266 sinum]
723 1224 814 1258 Quia
829 1235 890 1257 un·

188 1271 328 1304 dantem
341 1273 557 1315 chlamydem
571 1274 764 1320 quassando
790 1274 888 1308 facit.

188 1321 292 1355 Nodis
302 1321 450 1364 Hiberis]
466 1323 679 1367 Hispanicis,
691 1322 726 1356 id
743 1330 796 1358 cst
807 1335 888 1368 pan-

187 1380 233 1405 no
246 1372 390 1406 balthei.
416 1373 512 1405 Idem.
849 1396 862 1409 .

228 1425 296 1456 'or
319 1422 459 1464 labeni]
495 1423 582 1457 Cum
610 1434 678 1467 qua
717 1434 887 1468 nunquam

140 1455 145 1458 ’
187 1480 407 1518 pugnum.‹
429 1477 550 1509 Matris
575 1477 702 1519 praua]
738 1478 815 1510 Hoc
837 1483 890 1511 est

107 1564 116 1571 Ι
187 1530 289 1558 scuto
302 1526 399 1567 picta
421 1535 542 1568 gerens
566 1527 695 1568 prelia.
740 1527 888 1569 Calydo-

186 1574 279 1607 nium
294 1574 439 1622 *quippe
463 1585 585 1618 aprum
612 1577 777 1610 comitata
797 1578 888 1610 viros

185 1622 354 1658 Atalanta
367 1627 502 1668 sagittis
515 1627 604 1668 fixit,
615 1632 654 1660 ut
669 1629 784 1670 priore
799 1629 888 1662 libro

186 1674 379 1709 docuimus.
402 1677 503 1710 Ideni.

225 1728 292 1759 288
310 1727 433 1769 Aspera
460 1727 594 1770 plantis]
626 1729 758 1762 Loricae
785 1740 885 1773 squa-

184 1786 257 1810 mas
281 1779 461 1821 explicuit,
481 1789 582 1823 quam
600 1782 659 1814 alii
683 1784 885 1825 cataphrac-

184 1831 257 1861 tam
272 1834 409 1862 vocant.
431 1830 530 1864 Idem.
571 1845 578 1851 -

225 1881 292 1912 m
315 1880 473 1923 Cydonea
484 1882 643 1925 mythos]
664 1884 817 1917 Thecam
834 1895 886 1917 sa·

183 1930 347 1974 gittarum
371 1932 543 1975 intelligit.
590 1934 755 1977 Papinius
771 1931 830 1968 lib.
849 1945 885 1970 x.

185 1983 404 2016 ‘coelestibns
431 1984 555 2027 implet
593 1988 758 2028 corython
787 1988 888 2021 telis!

182 2033 367 2074 Virgilius:
390 2034 400 2052 ‘
411 2036 613 2079 corythique
623 2037 717 2069 leves
728 2037 886 2079 humeris,

184 2087 222 2116 et
245 2083 384 2118 lethifer
406 2086 530 2120 arcus!
573 2087 673 2131 Quod
697 2089 884 2121 notandum

184 2137 382 2177 tyr-uncatis,
407 2147 452 2170 ne
475 2148 496 2170 a
521 2139 636 2172 Nonio
660 2140 886 2182 decipiantur,

139 2207 144 2210 -
184 2187 243 2229 qni
264 2187 439 2230 Corython
458 2198 526 2221 non
544 2199 606 2231 pro
621 2190 734 2231 theca,
753 2192 813 2224 sed
834 2201 885 2224 sa-

182 2237 272 2278 gitta
282 2237 420 2280 accipit.
463 2239 520 2272 De
532 2239 689 2272 dissensu
704 2246 884 2274 auctorum

181 2288 217 2321 in
231 2288 324 2322 vocis
345 2289 444 2331 hujus
466 2290 723 2332 orthographia,
745 2293 883 2325 consule

182 2339 406 2373 eruditissimi
430 2341 482 2373 M.
499 2341 640 2375 Antonii
673 2342 739 2375 Del
764 2343 828 2375 Rio
848 2344 883 2376 iu

182 2389 371 2423 Herculem
401 2391 587 2425 Fureutem
616 2393 758 2426 Senecae
792 2404 882 2428 com-

181 2442 363 2474 mentaria.
385 2442 540 2476 Bmure.

222 2494 288 2525 2¹18
311 2493 487 2527 Mirantem
518 2495 677 2535 gravioris
704 2497 788 2539 heri]
818 2497 883 2530 Ar-

181 2551 314 2576 morum
337 2545 546 2586 permutatio
577 2546 769 2588 graviorem
795 2557 883 2590 equo

180 2591 314 2626 fecerat
327 2593 502 2628 dominum
513 2598 529 2627 τ’
537 2596 658 2631 addita
674 2597 764 2630 enim
779 2599 884 2632 lorica

181 2643 355 2676 onerosior
389 2644 663 2689 Parthenopoeus
704 2649 882 2682 extiterat.

107 2685 109 2687 ’
180 2691 316 2728 herm

223 2745 287 2777 2⁷⁵
308 2718 450 2778 aman
473 2746 560 2789 huic]
581 2747 704 2781 Cicero
718 2759 780 2792 pro
795 2751 884 2784 Fun·

183 2792 285 2827 deuio
297 2794 468 2837 opinionis
482 2797 558 2839 ojus
567 2799 732 2843 meminit,
744 2810 822 2834 cum
836 2801 881 2835 de

945 366 1100 398 Arcades
1113 375 1186 399 esse
1201 371 1377 400 vetustos:
1401 367 1547 411 denique
1573 378 1650 402 cum

943 417 1141 459 Phrygibus
1169 417 1214 450 de
1244 418 1451 460 antiquitate
1495 423 1649 452 certave-

943 472 1045 500 runt:
1071 468 1106 500 hi
1135 468 1286 510 singulos
1303 469 1465 510 parvulos
1489 479 1566 502 cum
1583 470 1650 502 sin-

942 519 1030 560 gulis
1062 520 1251 552 nutricibus
1289 521 1501 558 clauserunt,
1525 520 1649 563 quibus

942 569 1133 602 nutricibus
1164 569 1384 602 >ademerant
1423 570 1569 611 linguas,
1611 576 1650 603 ut

942 620 1183 661 experirentur
1213 624 1330 652 utrum
1352 629 1420 652 vox
1435 624 1529 652 esset
1552 619 1650 653 iuna·

944 674 979 702 ta
1000 679 1043 702 an
1073 670 1276 712 disceretur,
1297 674 1347 711 et,
1371 670 1398 702 si
1419 675 1510 703 esset
1522 670 1652 712 innata,

943 729 1097 762 quaenam
1135 720 1196 752 illa
1239 726 1345 761 esset,
1386 721 1561 763 Phrygum
1602 731 1646 755 an

943 770 1129 802 Arcadum.
1187 769 1356 803 Producti
1393 775 1508 802 atatem
1544 772 1647 813 pueri

944 829 1026 852 vere
1046 820 1156 852 locuti
1180 828 1254 852 esse
1269 819 1441 860 dicuntur,
1457 821 1554 863 quasi
1578 821 1646 863 sig-

942 869 1138 903 nificatione
1154 870 1330 912 Phrygum
1346 870 1463 911 lingua
1478 871 1576 912 panis
1595 871 1647 903 in-

943 920 1121 961 telligitur.
1163 921 1220 953 Sic
1236 929 1319 962 ergo
1331 921 1504 962 cognitum
1517 925 1568 952 est
1579 921 1645 954 Ar-

941 971 1044 1003 cades
1058 980 1126 1003 non
1143 981 1219 1004 esse
1235 971 1454 1013 primigenas.
1496 972 1586 1004 Item
1601 973 1645 1005 de

941 1021 1074 1059 eodem,
1103 1031 1165 1054 cur
1195 1030 1233 1054 se
1257 1021 1414 1054 Arcades
1437 1021 1568 1054 nobiles
1592 1023 1643 1054 di-

941 1075 1035 1112 cant,
1068 1071 1287 1114 Thucydides
1320 1072 1381 1104 lib.
1408 1081 1436 1105 1.
1466 1072 1528 1112 ait,
1553 1072 1643 1105 huuc

940 1131 1068 1154 morem
1090 1121 1238 1154 Graeciae
1264 1120 1381 1163 fuisse,
1410 1127 1450 1154 ut
1475 1122 1584 1154 coacti
1608 1122 1643 1154 in

941 1172 1070 1204 alienas
1084 1172 1136 1204 ire
1158 1177 1281 1213 terras,
1302 1181 1386 1214 quas
1410 1170 1541 1204 fertiles
1567 1182 1643 1204 esse

939 1227 1186 1266 cognoverant,
1201 1223 1337 1256 easdem
1352 1223 1537 1256 vastabant
1552 1230 1648 1256 vete·

939 1272 1035 1305 ribus
1059 1272 1180 1305 incolis
1209 1273 1329 1315 pulsis.
1384 1273 1453 1306 Sed
1482 1273 1640 1307 Arcades

939 1327 1001 1359 soli
1026 1327 1071 1360 ob
1099 1328 1318 1360 sterilitatem
1356 1337 1516 1370 agrorum
1547 1340 1641 1363 com-

939 1378 1022 1409 moti
1048 1387 1116 1410 non
1139 1382 1231 1418 sunt,
1256 1383 1294 1410 et
1319 1378 1398 1411 ideo
1423 1380 1486 1412 soli
1509 1381 1642 1413 nobiles

938 1428 1189 1461 existimantur.
1235 1428 1340 1461 Ovid.
1367 1429 1411 1461 de
1440 1429 1492 1461 his
1518 1431 1576 1462 lib.
1601 1440 1643 1463 n.

939 1479 949 1496 ‘
963 1477 1057 1510 Ante
1077 1479 1198 1512 Jovem
1229 1479 1380 1520 genitum
1405 1485 1516 1512 terras
1538 1481 1644 1513 habu-

938 1528 1004 1560 isse
1026 1527 1185 1561 feruntur
1203 1528 1368 1570 Arcades,
1393 1535 1432 1562 et
1455 1530 1535 1563 luna
1559 1540 1643 1573 gens

937 1581 1034 1622 prior
1047 1581 1105 1612 illa
1119 1579 1209 1613 fuit?
1231 1581 1332 1612 Idem.

979 1633 1044 1663 276
1066 1631 1237 1663 Nemorum
1250 1641 1304 1663 vos
1316 1631 1430 1673 stirpe]
1453 1632 1533 1665 Non
1548 1633 1641 1675 quod

935 1682 979 1715 de
997 1682 1177 1715 arboribus
1193 1691 1275 1714 vere
1290 1683 1362 1714 nati
1379 1687 1472 1720 sunt,
1488 1683 1548 1715 sed
1560 1684 1642 1726 quia

936 1731 1048 1764 adhuc
1074 1742 1141 1764 nou
1168 1736 1244 1765 erat
1258 1742 1340 1765 usus
1366 1743 1533 1775 casarum,
1554 1734 1639 1767 etin

936 1791 1064 1814 morem
1081 1792 1244 1824 pecorum
1268 1783 1492 1824 vagabantur.
1535 1785 1644 1817 Filios

937 1838 1052 1865 autem
1074 1842 1164 1874 suos,
1178 1834 1240 1871 ait,
1262 1834 1422 1866 arborum
1444 1834 1560 1867 caveis
1581 1840 1641 1868 aut

936 1884 1096 1916 concavis
1112 1884 1282 1926 specubus
1298 1885 1544 1926 contegebant,
1555 1896 1640 1927 quos

935 1938 1154 1967 transeuntes
1171 1934 1328 1967 arborum
1356 1934 1443 1968 filios
1463 1936 1641 1970 existima·

936 1984 1045 2017 bant:
1068 1995 1167 2026 quain
1189 1986 1386 2026 opinionem
1407 1987 1529 2029 Virgil.
1551 1996 1641 2020 asse-

937 2038 983 2069 rit
999 2037 1117 2069 dicens
1134 2047 1143 2068 ι
1179 2037 1189 2054 ‘
1202 2037 1366 2079 Gensque
1383 2037 1493 2070 virum
1509 2039 1639 2071 truncis

936 2091 972 2119 et
995 2087 1080 2119 duro
1097 2086 1219 2119 robore
1231 2086 1334 2119 nata!
1359 2087 1459 2120 Idem·

979 2140 1042 2170 284
1063 2137 1253 2178 Desperasse
1280 2138 1377 2180 diem]
1409 2139 1508 2172 Dicit
1532 2140 1640 2172 homi·

935 2197 995 2221 nes
1021 2193 1120 2220 natos
1150 2197 1194 2219 ex
1223 2187 1402 2220 arboribus
1433 2194 1658 2231 perpetuam‘

934 2244 1069 2272 noctem
1097 2239 1252 2271 timuisse
1277 2239 1358 2270 solis
1385 2249 1524 2272 occasu.
1568 2241 1636 2273 Ra-

932 2289 1073 2330 renunt]
1096 2289 1309 2321 Desolantur
1332 2290 1540 2324 necessitate
1567 2291 1639 2324 bel-

933 2341 1055 2373 lorum.
1080 2339 1180 2371 Ideni.

975 2393 1038 2423 285
1062 2391 1222 2422 Moemzla:
1245 2390 1465 2434 Parthenium]
1489 2393 1588 2425 Mons
1600 2398 1637 2426 et

933 2450 1052 2473 nemus
1074 2439 1247 2473 Arcadiae.
1271 2441 1372 2473 Idem.

975 2494 1039 2524 288
1061 2492 1149 2524 Aleoe
1171 2493 1326 2524 nemorale
1351 2493 1522 2535 Minervae]
1544 2494 1636 2527 AEdi-

932 2542 1050 2575 ficavit
1071 2543 1135 2575 hoc
1152 2543 1316 2584 templum
1332 2543 1440 2576 Aleus
1457 2545 1635 2587 Aphidan-

934 2595 977 2626 tis
1000 2592 1102 2634 filius,
1130 2593 1291 2626 Areadiae
1320 2595 1410 2628 Rex.
1440 2595 1635 2638 Interjecto

933 2643 1059 2677 deinde
1075 2647 1330 2687 tempore‚cum
1345 2645 1439 2687 prius
1455 2646 1539 2678 illud
1553 2648 1633 2680 sub-

932 2701 982 2734 ito
996 2701 1073 2742 igne
1094 2700 1351 2743 conflagrasset,
1367 2703 1460 2735 aliud
1484 2703 1550 2746 ipsi
1566 2705 1632 2737 sibi

933 2753 1026 2785 cives
1071 2758 1268 2794 erexerunt,
1316 2754 1551 2796 magnitudine
1597 2761 1634 2788 et

932 2807 1106 2838 structura
1127 2803 1330 2838 admirabili.
1375 2805 1548 2839 Describit
1562 2806 1633 2839 late
