1878 3164
298 232 419 291 1926

300 355 452 389 sobolem
462 356 725 398 demonstraret,
733 356 892 389 succiduas
901 355 1001 398 dixit,

294 405 334 438 >id
345 411 400 439 est
415 408 568 440 vicarias.
592 408 690 440 Idem.
712 406 895 447 Succiduas]
911 407 998 440 Quae

300 456 499 491 succidunt,
518 458 735 498 ambulando,
769 458 856 490 adeo
888 457 999 489 adhuc

300 513 381 541 sunt
405 513 545 541 tenerae.
571 510 640 542 Vet.
658 510 761 542 Schoc.
807 510 886 542 Non
904 513 998 542 recte

299 561 477 592 Luctatius
488 561 666 602 posteriori
676 561 999 603 explicatione,qua-

299 609 329 641 si
343 610 495 642 succiduae
519 610 588 642 sint
603 610 751 651 vicariae,
764 620 865 652 quam
882 619 999 642 vocem

300 661 451 693 illustrat
488 661 618 693 Ludov.
656 660 779 693 Caelius
816 660 999 702 Antiquar.

298 712 456 743 Lection.
478 712 538 744 lib.
556 721 646 743 xxv.
664 722 694 744 c.
708 714 762 743 23.
799 711 857 744 Sic
872 711 997 743 Avien.

299 761 346 793 de
376 762 569 802 Engonasin
606 763 639 793 in
667 761 797 794 Arato:
830 763 840 780 ‘
858 762 999 803 Poplite

299 810 462 843 succiduo
477 821 544 853 qua
557 811 678 843 sideris
693 811 804 853 ampla
818 816 1001 852 patescunt

299 861 413 902 Terga
429 860 574 893 dehinc.'
620 860 799 893 Claudian.
815 861 858 893 de
886 862 999 903 Raptu

301 911 359 942 lib.
372 920 429 943 ιιι.
474 913 483 930 ‘
500 911 661 944 Succidui
675 911 827 944 titubant
841 911 1000 953 gressus!

292 961 411 1002 Ovio.
433 963 442 980 ‘
461 962 599 1004 Poplite
623 962 785 994 succiduo
813 972 925 1004 genua.
950 963 1000 994 in-

303 1011 498 1043 tremuere!
534 1013 674 1044 Lucret.
700 1012 760 1043 lib.
782 1021 840 1044 111.
883 1011 894 1029 ‘
910 1013 999 1044 Cali-

290 1070 385 1102 ‚ygare
408 1062 537 1101 oculos,
552 1071 675 1094 sonere
697 1071 808 1102 aures,
824 1061 1001 1094 succidere

292 1113 424 1151 sortus!
444 1113 564 1145 Barth.

297 1201 299 1203 Ι
345 1165 410 1194 402
434 1163 525 1194 More
530 1163 640 1204 fugae]
664 1163 761 1195 Fecit
777 1162 868 1194 enim
888 1161 1005 1195 formi-

305 1213 349 1244 do
365 1212 513 1244 veloces.
536 1213 684 1244 Luceant.

345 1265 409 1295 403
433 1263 620 1303 Prodigiole
633 1263 757 1304 canens]
782 1264 908 1296 Nescio
924 1264 1003 1306 quid

300 1315 491 1356 ,prodigiale
508 1316 728 1349 denuncians.
770 1317 1004 1358 Praeviasusti]

305 1367 411 1397 Certa
426 1367 514 1398 enim
530 1367 735 1399 bellantibus
747 1377 817 1399 sors
834 1372 901 1408 est,
918 1377 1004 1399 mor-

300 1421 373 1448 tem
387 1427 538 1458 sperare.
562 1418 660 1450 Idem.

347 1469 411 1499 404
440 1467 641 1509 Volua-resque
654 1468 809 1510 seroequ'e]
834 1469 909 1500 Hoc
926 1469 1004 1500 loco

291 1517 510 1558 „prodigiales
527 1526 581 1549 res
593 1517 697 1559 poeta
707 1518 884 1550 describit.
906 1519 1005 1550 Idem.

347 1568 409 1598 405
433 1566 619 1608 Sideraque]
650 1567 772 1609 Ignota
808 1568 918 1599 sidera
946 1578 1004 1609 ap-

307 1627 429 1658 parere
444 1621 597 1658 tempore
611 1617 690 1649 belli
702 1618 926 1650 certissimum
939 1623 1002 1659 est,

306 1672 342 1699 et
370 1665 564 1709 frequentia
589 1666 732 1700 fulmina
757 1668 841 1700 fieri.
875 1669 1006 1709 Amnes]

303 1716 404 1748 Inter
418 1721 546 1748 caetera
562 1717 792 1758 prodigiorum
806 1727 930 1759 genera
942 1717 1003 1750 flu-

306 1766 437 1799 viorum
461 1766 562 1798 etiam
585 1767 796 1799 incrementa
821 1772 1005 1809 ponuntur,

292 1816 439 1854 ‚incerto
456 1821 621 1858 tempore.
645 1818 744 1850 Idem.

292 1899 299 1904 .
347 1870 411 1899 407
439 1868 619 1909 Clausaeque
633 1868 794 1909 Deorum]
810 1869 851 1900 In
874 1869 1004 1910 Cyrrha

305 1923 440 1951 tantum
470 1928 636 1961 prospera
665 1918 805 1950 deorum
834 1919 1004 1951 dabantur

304 1969 444 2001 oracula
458 1979 467 2008 ;
490 1978 567 2000 nam
577 1968 630 1999 cui
641 1968 782 2000 exitium
792 1968 1003 2010 imminebat,

303 2019 542 2051 taciturnitate
567 2019 686 2061 templi
708 2019 845 2060 penitus
865 2018 1003 2052 damna-

303 2069 417 2103 batur.
438 2070 536 2102 Idem.

348 2122 412 2152 411
434 2120 585 2152 Adsuetis
599 2130 732 2161 pernox,
756 2119 827 2162 Esou]
847 2119 1003 2152 Assuetis

294 2170 397 2205 enim
419 2171 591 2202 mensibus
612 2170 790 2202 Eleusinia
811 2179 909 2202 sacra
927 2180 1004 2202 cum

307 2221 482 2252 nocturnis
511 2221 693 2252 ululatibus
725 2220 1003 2253 celebrabantur.

305 2271 367 2304 lib.
397 2280 465 2304 xu.
500 2271 511 2289 ‘
528 2270 826 2313 Noctivagumque
852 2281 1006 2313 gregem,

306 2322 461 2364 quamvis
476 2321 539 2354 sibi
563 2321 671 2363 luget,
685 2321 818 2353 Eleusis
832 2321 955 2359 Flevit,
969 2326 1005 2353 et

309 2383 451 2405 arcanos
487 2373 684 2414 lugentibus
723 2373 849 2405 extulit
885 2371 1005 2413 ignes.’

307 2423 398 2455 Vide
413 2424 602 2464 elegantem
615 2422 781 2455 Johannis
803 2422 946 2453 Meursii
960 2421 1002 2453 de

235 2504 241 2509 Ι
306 2473 490 2505 Eleusiniis
512 2473 739 2504 Commentar.
759 2481 837 2513 cap.
853 2474 906 2503 27.
942 2471 1003 2504 Ni-

308 2524 375 2556 col.
397 2522 597 2556 Gerbelium
623 2522 683 2554 lib.
712 2532 748 2555 v.
773 2521 934 2559 Graeciae,
968 2527 1004 2553 et

296 2574 401 2611 alios.
426 2574 540 2606 Barth.
564 2572 705 2613 Eleusis]
726 2573 856 2605 Civitas
872 2577 926 2604 est
941 2572 1002 2604 At-

307 2624 387 2656 ticae
404 2624 564 2665 regionis,
575 2624 662 2655 haud
677 2624 777 2665 longe
792 2623 835 2655 ab
849 2623 1004 2663 Athenis,

297 2675 342 2711 ‚in
358 2684 423 2716 qua
439 2674 595 2716 regnavit
610 2675 744 2714 Teleus‚
760 2673 817 2715 qui
843 2673 1002 2705 Cererem

309 2724 388 2755 dum
420 2723 520 2754 filiam
553 2727 735 2765 quaereret,
767 2723 1004 2755 liberalissime

309 2774 460 2815 suscepit
492 2773 652 2815 hospitio.
697 2773 738 2805 In
769 2783 833 2815 qua
863 2773 1002 2804 civitate

300 2824 554 2867 ,Cererissacra
577 2828 822 2856 consueverant
838 2823 1004 2866 virginum

754 260 896 292 No'rAE
929 259 1196 294 VARIORUM
1228 263 1281 294 IN

1049 357 1236 390 ululatibus
1257 361 1294 391 et
1315 358 1555 393 saltationibus
1570 357 1748 396 celebrari.

1092 462 1156 491 412
1178 460 1320 502 Spartoe]
1343 461 1444 503 Apud
1455 461 1613 502 spartam
1626 464 1747 502 operto

1051 509 1180 551 templo
1217 510 1336 543 eodem
1373 517 1529 553 tempore
1561 510 1684 543 Castor
1704 515 1748 543 et

1050 559 1175 591 Pollux
1198 559 1362 594 dimicare
1386 562 1478 594 inter
1502 570 1538 593 se
1560 560 1622 592 visi
1643 565 1746 594 sunt:

1051 620 1094 643 ex
1110 621 1177 652 quo
1191 612 1302 644 omine
1316 612 1536 655 colligebant,
1550 611 1748 644 Etheoclem

1051 666 1087 692 et
1115 661 1316 702 Polynicem
1344 662 1457 704 impia·
1476 662 1568 694 inter
1594 670 1632 694 se
1657 659 1749 693 bella

1051 715 1217 751 gesturos.
1240 713 1372 753 Templis
1382 712 1525 754 reclusio]
1545 709 1749 752 QuiaApot—

1052 761 1129 793 linis
1146 762 1320 794 oraculum
1337 763 1485 795 estillic.
1508 762 1607 796 laem.

1093 813 1156 842 413
1192 810 1381 854 Amycloeos]
1423 812 1592 854 Amyclaei
1621 810 1748 845 fratres

1051 865 1131 892 sunt
1147 861 1271 893 Castor
1286 866 1322 893 et
1333 862 1475 895 Pollux.
1493 863 1592 894 Idem.

1093 913 1157 942 414
1179 911 1320 943 Arcados
1334 912 1475 954 insanas]
1497 912 1676 951 eniserunt
1685 912 1750 954 105-

1052 961 1164 993 caonis
1199 962 1352 994 umbram
1397 963 1581 995 latrantem
1617 962 1750 995 audiri?

1054 1013 1134 1044 Non
1156 1013 1275 1055 utique
1297 1014 1426 1055 quivis:
1450 1021 1490 1048 ut
1507 1018 1543 1047 et
1559 1024 1620 1047 sua
1635 1013 1750 1056 prodi-

1053 1062 1110 1104 gia
1125 1064 1264 1105 proprie
1283 1064 1408 1105 Sparte
1424 1065 1521 1107 vidit,
1534 1065 1616 1097 Pisa
1631 1060 1751 1105 refert,

1043 1112 1214 1154 ,Acarnan
1243 1113 1451 1147 infamabat:
1495 1114 1545 1147 sic
1581 1115 1686 1156 igitur
1712 1118 1751 1147 et

1052 1163 1188 1195 umbras
1212 1164 1381 1205 Lycaonis
1404 1166 1530 1198 latrare
1554 1164 1670 1199 ferunt
1685 1165 1751 1200 Ar-

1052 1214 1153 1245 cades.
1186 1215 1231 1246 Et
1247 1214 1294 1246 ita
1309 1215 1501 1256 legendum,
1516 1225 1583 1248 non
1597 1217 1752 1251 Arcados.

1054 1264 1209 1296 Gronov.
1245 1265 1401 1307 Lycaonis
1436 1267 1575 1308 umbras]
1613 1267 1750 1307 Lycaon

1054 1318 1153 1355 pater
1163 1314 1296 1347 Helicae
1312 1326 1400 1348 ursae
1413 1315 1518 1349 fuisse
1527 1316 1668 1356 dicitur,
1679 1317 1751 1359 qui,

1054 1363 1170 1396 dolore
1195 1369 1360 1406 stupratae
1386 1375 1407 1397 a
1425 1366 1511 1399 Jove
1538 1366 1632 1407 filiae,
1653 1365 1750 1401 Deos

1053 1413 1272 1446 humanarum
1298 1414 1450 1446 carnium
1475 1415 1559 1448 cibis
1586 1415 1749 1449 violavit:

1054 1463 1097 1495 ob
1114 1473 1214 1506 quam
1239 1473 1301 1496 rex
1320 1465 1355 1496 in
1369 1463 1513 1498 formam
1536 1465 1610 1508 lupi
1623 1466 1752 1509 dicitur

1054 1524 1129 1547 esse
1145 1524 1342 1547 conversus.
1365 1515 1514 1548 Lactant-

1096 1567 1158 1596 415
1183 1565 1275 1597 Saevo
1296 1565 1417 1607 campo]
1442 1566 1481 1598 ln
1503 1575 1571 1609 quo
1586 1567 1751 1600 victorfl·-

1054 1615 1110 1647 liae
1126 1624 1269 1656 sponsos
1285 1616 1403 1648 solitus
1415 1621 1492 1649 erat
1505 1612 1753 1657 anomalam.

1095 1667 1161 1697 416
1184 1665 1386 1708 OEuomaum]
1409 1665 1583 1700 Atalantae
1606 1672 1751 1710 patrem.

1057 1716 1157 1748 Idem.

1095 1769 1160 1799 417
1192 1767 1374 1807 Deformem
1405 1768 1518 1810 cornu]
1563 1769 1647 1801 cnm
1683 1779 1751 1805 uno

1055 1825 1162 1848 cornu
1177 1821 1258 1849 ante
1281 1816 1387 1850 fuerit
1403 1817 1447 1849 ab
1466 1818 1618 1851 Hercule
1634 1818 1751 1852 vidua—

1055 1870 1132 1906 tus3
1156 1877 1260 1909 quare
1276 1878 1353 1900 eum
1369 1878 1458 1901 nunc
1475 1868 1579 1910 poeta
1599 1869 1699 1902 ambo
1715 1880 1752 1902 a-

1053 1917 1183 1950 misisse
1210 1918 1388 1960 describit,
1409 1923 1449 1954 ut
1469 1929 1569 1952 omen
1588 1919 1654 1952 diri
1669 1919 1751 1952 belli

1054 1967 1144 2000 tradi
1169 1968 1289 2010 possit,
1303 1968 1394 2010 quod
1417 1973 1559 2010 utroque
1578 1978 1686 2003 cornu
1703 1968 1751 2001 A·

1054 2018 1192 2050 chelous
1229 2022 1404 2051 truncatus
1433 2019 1622 2059 videretur,
1657 2018 1750 2061 qnod

1053 2068 1186 2110 signum
1198 2069 1422 2110 periturorum
1432 2077 1670 2110 germanorum
1679 2077 1751 2102 cer-

1055 2117 1220 2150 tissimum
1234 2116 1311 2151 fnit.
1333 2118 1431 2151 Idem.

1096 2170 1161 2200 419
1184 2167 1354 2207 Confusam
1363 2169 1499 2201 Junouis
1512 2168 1602 2212 ebur]
1623 2168 1751 2204 Confu-

1054 2228 1129 2250 sum
1154 2218 1283 2259 dolore,
1298 2219 1370 2250 sive
1396 2219 1582 2262 turbatum,
1593 2219 1667 2260 sive
1687 2230 1750 2262 pu-

1055 2268 1140 2300 dore
1154 2268 1434 2301 verecundatum.
1457 2269 1557 2302 Idem.

1098 2321 1162 2351 420
1188 2318 1315 2351 Gemini
1341 2318 1452 2360 morie]
1480 2319 1673 2352 Corinthios
1699 2319 1751 2354 di-

1056 2370 1116 2407 cit,
1138 2369 1196 2411 qui
1220 2368 1338 2411 Euripi
1365 2369 1519 2400 incolunt
1543 2373 1687 2411 partem,
1711 2374 1750 2402 ut

1054 2420 1179 2452 Horat.
1202 2420 1212 2437 ‘
1226 2417 1415 2450 Bimarisve
1429 2418 1583 2451 Corinthi
1597 2419 1751 2452 Moenia.'

1055 2469 1156 2501 Idem.

1096 2522 1158 2552 421
1203 2518 1383 2551 Palemona
1413 2519 1524 2562 ponito]
1576 2520 1749 2555 Palaemon

1054 2570 1151 2602 Deus
1166 2567 1326 2608 marinus,
1341 2568 1399 2610 qui
1415 2569 1582 2609 portubus
1601 2576 1727 2612 praeest
1737 2583 1748 2604 ι

1055 2619 1152 2660 cujus
1167 2621 1248 2650 nota
1262 2621 1314 2649 est
1328 2616 1455 2649 fabula.
1499 2617 1656 2662 Aramas,
1671 2626 1750 2663 post

1053 2668 1203 2701 furorem
1217 2678 1237 2700 a
1247 2667 1270 2700 J
1274 2677 1380 2699 unone
1391 2668 1586 2710 immissum,
1600 2681 1678 2704 cum
1691 2682 1747 2705 oc-

1055 2720 1127 2754 ciso
1144 2719 1292 2751 Learcho
1315 2719 1529 2752 Melicertam
1553 2723 1695 2755 alterum
1710 2723 1748 2758 fi·

1055 2770 1135 2802 lium
1151 2779 1245 2801 suum
1260 2778 1336 2800 cum
1361 2779 1466 2801 uxore
1482 2780 1540 2802 sua
1555 2771 1618 2804 Ino
1633 2783 1747 2815 prose-

1055 2824 1231 2866 queretur,
1245 2823 1282 2851 et
1297 2829 1331 2852 se
1357 2819 1404 2852 illi
1428 2820 1462 2853 in
1477 2830 1569 2854 mare
1592 2823 1748 2866 praecipi-
