1878 3164
277 194 389 235 1764

275 306 337 329 nos
353 296 496 338 legimus
511 297 583 329 alia
594 307 607 334 ,·
623 300 660 328 ut
676 305 792 327 sensus
808 295 852 327 sit
868 305 877 326 =
894 295 981 327 Nul-

277 348 310 380 la
326 352 378 379 est
391 357 465 389 quie
478 347 587 388 possit
598 345 806 379 contendere
820 355 896 378 cum
909 355 980 377 ma-

278 404 331 430 tra
354 407 430 429 mea
455 397 497 429 de
523 398 679 439 pietate:
711 400 747 428 te
777 396 867 428 enim
898 406 982 445 veruf

271 447 410 489 'pietate
426 447 532 486 luget,
555 451 591 477 et
616 455 698 477 vera
720 449 774 477 est
796 446 906 486 pietas
931 446 980 478 vi-

277 507 352 529 rum
378 495 579 528 defunctum
610 497 728 537 lugere
745 505 756 535 ;
793 496 868 528 aliae
899 505 980 527 vero

278 546 439 579 mulieres
463 546 581 577 volunt
602 545 710 576 videri
735 545 816 586 pioe,
831 545 980 586 lugendo

278 597 314 629 in
331 596 435 628 sacris
455 595 556 627 Isidis
580 599 637 627 aut
659 595 820 636 Cybeles.
866 595 981 627 Colunt

278 646 412 678 Pharios
430 645 567 685 dolores]
596 646 730 685 Lugent
746 644 779 675 in
797 644 902 676 sacris
921 644 981 676 tsi-

278 696 331 728 dis
347 696 481 727 Phariae
494 701 529 727 et
544 695 690 726 numinis
702 694 865 736 AEgyptii.
881 695 978 726 Idem.

320 749 384 779 245
414 744 619 787 Mygdonios]
652 744 692 775 Id
719 749 784 783 est,
817 744 981 786 Phrygios

280 797 316 829 in
329 796 436 828 sacris
450 796 608 836 Cybeles.
652 794 803 835 Ptorant]
820 794 861 826 In
877 795 982 826 sacris

279 846 382 878 Isidis
405 844 536 877 deflent
560 844 731 876 Osiridem
750 848 909 876 necatum
925 845 981 885 qui

280 897 559 938 praesentabatur
595 896 630 926 in
666 894 771 926 sacris
807 894 956 936 Cybeles
973 902 982 924 ε

280 947 388 989 Atyn,
409 947 466 989 qui
490 946 637 978 abscidit
652 945 827 986 genitalia,
841 954 983 986 quorum

280 1002 404 1029 neuter
416 996 457 1028 ad
474 1006 531 1028 eas
551 996 714 1037 pertinet.
741 995 840 1027 Idm.

322 1050 384 1079 251
416 1046 539 1079 Vindex
562 1055 639 1077 curu
666 1044 784 1085 Deum]
809 1045 892 1078 Quae
908 1045 982 1076 haec

279 1099 397 1130 vindex
424 1108 500 1130 cura
526 1097 655 1129 Deum?
706 1096 829 1127 Utrum
853 1094 981 1136 ἀποτρό-

279 1161 381 1189 παιος,
403 1154 438 1181 et
462 1140 548 1190 quae'
565 1151 696 1187 patrem
711 1146 857 1178 Statium
873 1145 916 1177 ab
932 1145 982 1176 in·

281 1199 437 1231 cursibus
453 1198 599 1230 fortunae
616 1201 758 1238 propter
773 1195 981 1237 probitatem

281 1241 377 1281 suam
392 1249 596 1288 vindicaret,
613 1257 656 1279 an
672 1256 748 1288 qnae
766 1248 859 1278 Deos
875 1245 983 1278 vindi-1

281 1303 378 1332 caret
394 1299 436 1330 ab
453 1298 579 1330 invidia
596 1294 727 1329 omissae
754 1306 844 1328 curae
869 1305 981 1327 rerum

281 1351 500 1381 humanarum
515 1349 526 1379 ἓ
556 1347 768 1379 Alterutrum
781 1346 882 1378 credo
897 1345 981 1377 finx-

280 1400 347 1431 isse
359 1398 422 1430 sibi
435 1399 654 1438 interpretes.
677 1396 744 1428 Sed
757 1396 866 1428 verior
877 1397 983 1437 scrip·

282 1450 331 1481 tio
358 1448 520 1479 remansit
544 1448 576 1479 in
604 1447 756 1479 editione
778 1447 931 1478 Romana
946 1451 982 1478 et

280 1500 418 1531 Veneta
435 1509 443 1530 :
470 1498 572 1529 Index
587 1506 662 1529 cura
677 1498 790 1529 Deum.
836 1497 984 1529 Gravius

282 1549 386 1581 etiam
406 1553 595 1590 peccarunt
612 1547 754 1587 librarii,
769 1547 827 1589 qui
841 1547 910 1578 duo
925 1547 984 1578 he-

282 1599 453 1631 mistichia
467 1602 763 1638 transposuerunt.
787 1597 984 1638 Scripserat

282 1651 372 1682 enim
389 1650 518 1682 Statius
531 1659 538 1679 :
557 1649 623 1680 His
638 1649 697 1680 tibi
709 1658 764 1689 pro
779 1648 902 1679 metitis
913 1648 983 1679 nul·
996 1667 997 1673 η

281 1700 368 1740 loque
381 1710 397 1731 e
407 1700 531 1731 vulnere
546 1699 668 1730 tristem
683 1698 784 1729 Index
793 1707 868 1729 cura
879 1697 984 1728 Deum

274 1749 397 1788 famam
433 1751 594 1789 laudesque
630 1748 779 1787 benignas
816 1747 984 1779 Concessit.

281 1801 329 1832 Et
350 1799 473 1831 famam
491 1800 580 1831 nullo
594 1808 612 1830 e
630 1801 769 1830 vulnere
785 1797 932 1835 tristem,
948 1800 984 1828 et

282 1850 399 1882 landes
426 1849 588 1890 benignas
619 1847 789 1880 concessit
812 1847 877 1879 tibi
907 1856 984 1888 pro·

282 1899 366 1931 bans
394 1909 451 1931 eos
477 1907 560 1930 cura
583 1899 708 1930 Deum.
751 1897 863 1930 Quam
892 1898 985 1928 clara

283 1958 374 1980 nunc
389 1949 515 1988 omnia,
531 1957 630 1989 quani
643 1946 803 1988 pulchra!
829 1949 865 1978 at
883 1956 982 1986 quam

284 1999 404 2040 inepta
417 1999 555 2040 vulgata
572 1998 663 2029 erat!
688 1997 771 2028 Cum
786 1996 883 2028 bonis
897 1996 982 2028 bene

285 2053 389 2087 esset,
424 2049 521 2081 malis
551 2048 652 2085 male,
688 2046 848 2078 dicebant
881 2046 891 2063 ‘
907 2055 982 2077 esse

285 2099 380 2130 Deos
397 2098 420 2131 :'
442 2105 477 2130 et
494 2098 528 2129 hi
543 2098 600 2140 qni
615 2097 794 2129 discrimen
816 2095 900 2128 illud
923 2106 983 2137 pro

285 2150 421 2182 meritis
457 2149 528 2181 suis
558 2147 855 2190 persentiscerent,
891 2146 985 2188 quasi

286 2199 483 2230 testimonio
497 2202 594 2230 erant
609 2202 644 2230 et
660 2207 736 2229 esse
754 2198 848 2229 Deos
861 2202 895 2229 et
908 2206 985 2228 nos·

285 2250 331 2281 tri
347 2259 462 2281 curam
476 2249 611 2281 babere.
635 2248 738 2280 Gran.
753 2248 786 2279 in
801 2247 912 2279 Diatr.

327 2301 391 2331 253
416 2300 488 2330 Non
512 2298 642 2339 nimius]
667 2298 755 2337 Nec,
781 2297 904 2339 inquit,
924 2297 985 2328 iin-

284 2353 416 2380 mature
446 2348 641 2388 discessisti,
670 2357 733 2380 nec
762 2347 958 2388 decrepitus
974 2359 983 2386 ;

285 2407 362 2429 nam
392 2398 638 2438 sexagesimum
671 2397 826 2439 quintum
860 2405 984 2428 annum

285 2449 500 2489 expleveras.
522 2447 644 2479 Domit.
790 2447 794 2450 '

327 2501 390 2530 263
417 2499 596 2538 Gavisaque
610 2496 711 2537 novit]
738 2498 822 2530 Qnae
839 2497 985 2529 stultitia

285 2548 460 2588 sermonis,
502 2549 670 2589 gavisaque
715 2549 826 2579 novit?
880 2548 986 2580 Ocius

285 2597 413 2637 scribe,
428 2603 465 2629 ut
481 2597 585 2638 poeta
601 2597 694 2639 olim,
704 2597 875 2639 gavisaque
887 2598 984 2630 vovit.

286 2648 372 2681 Quae
404 2648 552 2679 lamenta
580 2648 656 2680 tuli.
699 2649 778 2679 Duo
806 2653 984 2689 parentum

285 2707 416 2728 summa
429 2702 519 2737 vota,
531 2697 732 2738 superstites
748 2698 872 2729 liberos
885 2699 985 2729 relin-

285 2756 402 2787 quere,
420 2752 455 2778 et
471 2746 513 2778 ab
529 2747 649 2779 iisdem
666 2747 720 2789 pie
738 2747 858 2789 lugeri.
883 2748 984 2781 Gron.

731 203 873 245 NOTAE
907 203 1174 235 VABioRuM
1210 205 1260 235 ΙΝ

1030 296 1141 328 Diutr.
1157 306 1186 328 c.
1201 299 1256 328 59.

1070 349 1134 378 268
1157 346 1288 378 Danaas
1300 345 1441 387 umbras]
1465 346 1615 379 Noctem
1628 346 1733 382 Dori-

1029 405 1117 436 cam,
1132 405 1199 437 qua
1214 395 1410 437 spoliabant
1421 401 1457 428 et
1468 395 1734 431 concremabant

1028 445 1130 477 Ilium
1157 445 1285 478 Graeci.
1327 446 1411 478 Vise
1423 445 1544 487 Virgil.
1559 446 1606 480 Q.
1617 446 1734 489 Smyr·

1030 504 1157 534 noeum,
1178 495 1463 537 Trypbiodorum.
1485 496 1605 530 Barth.

1071 547 1135 576 270
1151 545 1289 585 Inferna*
1303 545 1437 587 Diome]
1451 545 1583 588 Sibylla
1594 545 1734 582 Enet-

1028 603 1141 626 coram
1155 593 1364 636 Proserpina
1378 595 1475 629 stitit.
1499 595 1553 628 De
1575 597 1586 614 ‘
1599 594 1735 632 inferna

1029 643 1162 682 Diana‚’
1186 654 1262 686 quae
1275 644 1394 677 eadem
1406 645 1615 688 Proserpina
1621 647 1736 680 etlan-

1029 703 1087 734 na,
1113 694 1284 728 Prudent.
1313 695 1323 713 ‘
1340 695 1500 738 Denique
1529 705 1607 729 cun
1635 697 1734 731 Lan·

1030 743 1108 783 est,’
1123 746 1188 776 ὅτε.
1212 745 1312 778 Idem.
1401 756 1407 761 ’

1073 797 1138 827 272
1160 795 1198 827 Si
1215 796 1413 837 Thessalicis,
1427 795 1508 837 ‘dfe-J
1534 797 1734 839 corruptis-

1031 846 1116 878 sima
1146 846 1220 879 haec
1255 851 1335 879 sunt
1369 852 1406 879 et
1435 845 1511 879 fere
1535 847 1732 890 desperata.

1030 895 1148 927 Scribe
1164 906 1172 927 :
1195 897 1225 928 si
1250 896 1434 929 Thessalicis
1448 896 1647 931 Admetum&
1656 898 1734 937 orie.

1031 944 1070 976 Si
1092 946 1207 978 lasciva
1226 950 1309 978 retro
1325 946 1497 988 Phylaceia
1521 947 1646 980 rettulit
1670 956 1739 980 uus-

1032 995 1129 1028 bmm.
1175 997 1228 1028 Ex
1250 997 1329 1029 silva
1351 1006 1426 1038 um,
1451 995 1595 1029 fecimus
1619 997 1658 1030 Si
1672 998 1734 1031 lm-

1030 1044 1113 1085 civa,
1128 1054 1197 1077 nou
1211 1054 1294 1077 sane
1310 1045 1459 1078 distorta
1473 1045 1611 1088 apicum
1625 1051 1734 1080 mata-

1032 1094 1141 1135 tione,
1163 1098 1200 1126 et
1225 1104 1324 1127 sensu
1347 1095 1517 1137 exigente.
1561 1095 1736 1138 qulacet‘«

1032 1150 1085 1177 est
1100 1145 1176 1186 ipsa
1199 1145 1384 1177 Laodamia
1405 1154 1507 1187 quam
1532 1145 1735 1181 ‘lascivam’

1034 1199 1147 1236 vocat,
1170 1195 1296 1237 quippe
1323 1196 1417 1237 cinus
1441 1205 1536 1228 amor
1550 1200 1586 1228 et
1598 1195 1736 1231 deside-

1032 1246 1120 1276 rium
1136 1246 1342 1286 conjugialia
1364 1245 1489 1286 gaudia
1513 1246 1614 1278 nimis
1639 1247 1736 1279 remi.

1032 1296 1240 1328 niscebatur.
1283 1296 1430 1328 Viderat
1445 1289 1602 1328 minister
1614 1295 1735 1333 Acasti

1033 1345 1251 1377 Laodamiam
1279 1346 1312 1377 in
1343 1346 1490 1378 thalamo
1518 1346 1733 1379 morinorum

1033 1395 1216 1428 Protesilai
1234 1397 1488 1437 amplexantem
1510 1401 1612 1438 atque
1635 1406 1734 1429 oscu—

1032 1446 1158 1477 lantem
1175 1456 1183 1478 z
1206 1447 1268 1486 sed
1292 1446 1432 1478 sinistra
1447 1446 1733 1487 interpretatione

1034 1495 1209 1527 adulterio
1225 1496 1298 1528 fieri
1314 1506 1355 1528 ea
1369 1501 1509 1537 putans,
1523 1495 1654 1528 Acasto
1676 1505 1734 1537 pa·

1033 1545 1078 1576 tri
1103 1545 1280 1578 indicavit.
1326 1546 1394 1579 Qui
1418 1556 1494 1578 cum
1518 1546 1676 1583 venisset,
1698 1550 1735 1578 et

1033 1595 1214 1637 irrupisset
1229 1597 1263 1627 in
1280 1596 1457 1636 thalamos,
1478 1595 1560 1628 vidit
1586 1595 1733 1638 effigiem

1033 1645 1230 1679 Protesilai.
1275 1647 1354 1686 Illa,
1388 1649 1474 1678 retro
1511 1646 1635 1678 rettulit
1667 1655 1734 1678 um-

1032 1696 1130 1736 bram,
1145 1700 1181 1727 et
1207 1696 1252 1728 de
1275 1696 1424 1728 Admeto
1440 1700 1476 1728 et
1489 1695 1534 1727 de
1546 1695 1734 1737 Phylaceia

1033 1756 1094 1778 seu
1114 1745 1298 1778 Laodamia
1321 1750 1401 1778 sunt
1420 1745 1655 1787 intelligenda.
1697 1746 1734 1778 si

1032 1795 1199 1828 Admetus
1228 1797 1423 1836 Thessalus,
1446 1796 1476 1827 si
1498 1795 1627 1827 lasciva
1641 1795 1734 1837 Phy-

1031 1846 1153 1887 laceia,
1175 1856 1248 1888 quae
1264 1851 1407 1888 propter
1422 1846 1615 1887 amplexum
1629 1851 1666 1877 et
1681 1855 1734 1878 os-

1032 1897 1110 1928 cula
1132 1897 1288 1929 maritum
1315 1896 1547 1935 desiderabat,
1568 1895 1737 1937 impetra·

1032 1951 1168 1987 verunt,
1182 1950 1219 1978 ut
1234 1946 1367 1978 Umbra
1381 1949 1473 1977 retro
1486 1945 1735 1986 remitteretur,

1033 2006 1108 2037 quae
1123 1996 1251 2028 invidia
1265 1999 1332 2036 est,
1346 2005 1455 2027 meam
1471 1995 1526 2027 vol
1542 1999 1634 2027 tuam
1652 1994 1734 2028 che-

1031 2047 1090 2088 lyn
1104 2046 1195 2079 idem
1210 2057 1348 2089 sperare
1363 2047 1375 2078 2
1401 2047 1539 2078 Gronov.
1550 2047 1584 2078 in
1597 2046 1711 2078 Βίαν.
1758 2061 1762 2063 -

1072 2101 1137 2130 282
1182 2099 1345 2140 Supremie
1382 2098 1478 2140 ripis]
1518 2097 1559 2129 Id
1584 2103 1654 2137 est,
1689 2097 1734 2129 ad

1033 2157 1093 2179 ora
1121 2148 1205 2189 ripae
1229 2153 1267 2180 ut
1297 2153 1334 2180 te
1362 2148 1534 2190 trajiciat:
1572 2146 1653 2179 inde
1683 2150 1735 2179 ta-

1033 2207 1110 2230 men
1125 2198 1153 2230 si
1169 2208 1205 2230 es
1234 2198 1406 2230 rediturus
1426 2199 1469 2229 ad
1487 2207 1553 2238 me,
1574 2198 1652 2230 veni
1672 2206 1736 2240 per

1033 2258 1109 2280 eam
1136 2252 1281 2289 portam,
1303 2258 1379 2290 quae
1396 2248 1504 2280 mittit
1516 2257 1598 2280 vera
1613 2248 1736 2281 insoni·

1033 2299 1112 2338 nia;
1146 2299 1179 2330 id
1209 2304 1275 2339 est,
1304 2307 1473 2330 corneam.
1524 2297 1659 2330 All-sio
1688 2297 1734 2329 ad

1032 2358 1169 2380 carmen
1183 2349 1417 2389 virgilianum.
1440 2348 1563 2380 Donate.

1076 2402 1141 2431 288
1169 2399 1239 2435 Qua
1258 2402 1350 2439 porta
1378 2397 1565 2439 malignum]
1601 2397 1658 2430 Ita
1685 2398 1734 2429 le—

1034 2449 1180 2491 gendum
1200 2449 1313 2490 eJecta
1332 2449 1454 2480 vocula
1475 2449 1523 2487 in,
1536 2458 1638 2490 quam
1651 2457 1733 2480 con-

1032 2504 1087 2531 -tra
1102 2508 1234 2530 omnem
1253 2498 1418 2530 rationem
1434 2498 1645 2530 intruserunt
1661 2498 1734 2530 edi-

1033 2550 1145 2581 tiones
1173 2548 1249 2580 duae
1280 2548 1505 2579 Parisienses.
1538 2547 1580 2580 de
1604 2548 1734 2581 duabus

1034 2599 1085 2630 his
1108 2600 1118 2617 ‘
1136 2599 1338 2639 somniorum
1356 2596 1489 2638 portis,’
1505 2607 1593 2629 vana
1604 2603 1640 2629 et
1652 2608 1734 2630 vera

1034 2647 1284 2683 emittentibus,
1298 2647 1417 2688 Virgil-
1434 2647 1621 2679 Homernm
1632 2657 1735 2679 secu-

1035 2702 1101 2738 tus,
1127 2697 1256 2729 Auson.
1286 2696 1609 2737 Cupid.Crucifixo.
1652 2699 1733 2730 Vid.

1034 2749 1207 2780 Passerat.
1224 2746 1268 2783 ad
1285 2746 1391 2788 Prop.
1406 2746 1468 2779 lib.
1483 2755 1538 2780 tv.
1554 2747 1607 2781 El.
1623 2749 1656 2781 7.
1673 2747 1730 2780 uhi
