1878 3164
435 237 477 268 Ρ.
509 236 700 268 ΡΑΡΙΝΙΙ
732 234 900 281 STA'ru
933 237 1082 270 THBB.
1114 238 1209 270 1118.
1232 239 1341 272 vtu-

143 330 205 364 nia
218 329 402 374 debentne.
413 330 530 370 nortl,
555 330 762 373 paulumque
779 340 852 362 mo-

145 383 228 422 nti.
240 383 358 417 Serius
373 388 449 416 -sut
464 383 582 423 citius,
593 383 710 415 sedem
726 392 851 424 prope-

145 442 262 467 ramus
275 434 320 467 ad
336 443 459 467 unam:
491 432 678 465 Tendimus
696 433 764 465 hue
779 443 851 466 om-

146 483 315 525 mahpe
326 489 381 517 est
406 483 525 516 domus
546 483 666 515 ultima
691 483 852 516 cunctis.’

144 533 248 567 Ordo
257 544 341 576 ergo
356 534 436 575 talis
450 539 527 566 est:
563 534 706 566 Cunctis
731 533 851 567 finitor

144 593 276 627 remus,
301 584 439 625 seilicet
467 584 623 626 putaris:
660 584 742 616 mihi
769 594 851 618 vero

143 634 373 679 ati-naum·-
388 662 390 664 -
418 635 508 670 Nam
522 645 600 668 cum
615 640 752 668 constet
768 635 852 668 Plu-

145 685 219 724 toni
239 690 367 725 terram
390 691 739 724 esse-consecratam,
765 686 852 719 dicit

144 734 601 777 onniaumeunhrarresolvi,
623 741 668 769 et·
691 736 734 768 de
760 741 852 768 terra

145 791 274 819 cuncta
288 787 486 828 procreari:
505 786 602 828 juste
616 795 699 828 ergo
715 791 853 826 creator

144 836 314 876 dicimus:
322 847 390 880 quo
398 836 769 878 universagignuntur.
789 836 851 871 Ast

146 888 221 931 qo]
245 887 339 930 Quia
363 893 462 920 vates
486 886 537 919 fui
564 896 680 919 noram
707 887 789 919 vitae
817 892 852 918 te

145 948 222 972 esse
245 945 451 978 creatorem,
475 947 519 970 ex
542 947 584 970 eo
606 937 698 979 quod
723 937 853 971 animas

145 989 406 1023 iterum-mittis
431 989 468 1021 in
486 997 651 1030 corpora,
666 992 705 1020 ut
730 987 853 1028 virgil.

145 1043 284 1080 fruetus
307 1046 347 1074 et
367 1039 585 1084 iucipientfip
601 1048 747 1080 corpora
763 1038 852 1071 velie

146 1088 311 1124 reverti?
331 1096 371 1125 et
383 1090 475 1123 idem
489 1091 626 1133 supra,‘
643 1090 718 1122 fata
733 1088 852 1122 ferum

145 1141 299 1177 animas-¹
318 1141 421 1174 Idem.

186 1195 232 1226 08
254 1193 380 1226 fiuent
394 1191 604 1235 Proserpina]
623 1192 692 1224 Per
709 1192 852 1223 Proser-

80 1259 82 1261 >
146 1243 264 1286 pinam
280 1249 417 1285 raptam
431 1243 558 1275 Thesei
573 1249 610 1275 et
626 1242 773 1275 Pirithoi
789 1243 853 1274 hoc

146 1295 225 1327 loco
254 1299 502 1327 commemorat
527 1294 718 1334 audaciam,
741 1299 779 1325 et
809 1293 852 1325 ad

149 1346 384 1386 testimonium
400 1346 576 1388 pudicitie
593 1346 749 1378 ostendit
764 1344 855 1377 infu-

147 1396 251 1435 lns'et
277 1396 425 1438 iusignia
438 1397 643 1430 sacerdotis.
686 1396 855 1438 Proserpi·

145 1458 191 1483 aa
215 1447 312 1482 dieta
337 1447 382 1481 ah
406 1456 462 1489 eo,
489 1448 579 1490 quod
603 1456 706 1489 porro
722 1451 854 1488 serpat.

148 1499 252 1533 Idem.
295 1504 299 1509 ’

192 1553 256 1583 102
279 1549 479 1590 Scitjuaicis
493 1547 590 1590 urna]
621 1549 733 1582 Quam
755 1546 855 1580 fabu-

146 1600 217 1633 lam
247 1601 428 1642 respiciat,
453 1600 566 1632 nullus
593 1599 741 1640 ignorat.
787 1599 857 1630 Ve-

147 1659 225 1684 rum
241 1651 338 1692 origo
353 1649 481 1683 fabulae
498 1659 566 1682 nou
589 1649 746 1681 omnibus
760 1649 856 1682 inno-

147 1700 229 1734 tuit.
274 1700 397 1734 Omnis
413 1700 504 1733 enim
526 1700 599 1732 haec
621 1699 665 1732 de
687 1709 774 1731 urna
788 1699 856 1731 Mi·

146 1751 221 1784 noi·
248 1749 358 1789 fictio,
387 1761 432 1783 ex
458 1755 613 1782 veterum
643 1759 737 1782 more
761 1756 857 1789 nata,

150 1801 208 1844 qni
224 1805 263 1835 ut
276 1802 441 1844 pleraque
456 1801 607 1834 sortibus
623 1800 858 1833 decernebant
872 1812 877 1817 ·

149 1850 242 1894 (dixi
255 1850 366 1894 alibi),
382 1853 462 1884 itaa
469 1851 615 1894 judiciis
626 1851 731 1884 etiam
747 1857 859 1883 sortes

149 1911 225 1943 non„
237 1901 465 1944 repellebant.
502 1902 626 1935 Cicero
643 1905 708 1934 vn.
722 1901 757 1933 in
771 1902 858 1933 Ver·

150 1962 224 1985 rem
237 1963 248 1985 2
269 1953 281 1972 ⁴
294 1953 397 1987 Quod
413 1953 456 1985 ab
469 1962 511 1985 eo
526 1953 637 1995 pridie
647 1963 725 1984 cum
741 1953 858 1991 multis

150 2003 336 2046 lachrymis
351 2012 429 2036 eum
441 2007 576 2044 oraret,
589 1996 774 2045 impetrare
791 2013 858 2035 non

152 2059 328 2096 patuerat,
346 2053 383 2087 id
410 2054 444 2086 ei
467 2061 608 2096 postero
629 2053 686 2085 die
709 2054 858 2086 venitin

151 2108 306 2141 mentem
330 2113 354 2136 e
374 2104 451 2146 lege
477 2104 615 2145 Rupilia
637 2104 750 2136 sortiri
766 2103 860 2136 dicas

150 2161 328 2197 oportere.
348 2155 468 2188 educit
492 2165 537 2187 ex
560 2165 646 2187 urna
663 2161 747 2196 tres,
763 2156 805 2188 iis
822 2161 860 2187 ut

151 2206 332 2238 absentem
343 2205 544 2244 Heraclium
556 2205 788 2237 condemnent
799 2206 859 2238 im-

151 2260 276 2298 perat:
311 2256 429 2298 itaque
453 2255 710 2289 condemnant:
738 2257 860 2290 Horat.

147 2307 159 2324 ⁸
172 2305 316 2338 Cervius
332 2306 440 2338 iratus
451 2306 546 2348 leges
561 2306 790 2341 minitaturet
806 2317 860 2339 ur-

151 2354 255 2394 nam?
278 2355 430 2389 Ber-narr.

198 2408 263 2444 106
285 2407 330 2438 Et
345 2411 462 2439 nostres
477 2407 620 2449 minut]
639 2408 792 2449 Propter
807 2409 859 2440 sui

151 2455 419 2491 misericordiam
455 2457 556 2498 dic-it,
591 2467 628 2489 se
677 2458 859 2500 pugnando

152 2506 283 2546 multas,
317 2506 436 2540 inferis
466 2507 596 2540 animas
619 2508 754 2540 adisse:
797 2518 860 2551 pro

154 2567 224 2600 quo
238 2556 404 2598 beneflcio
419 2559 511 2600 petit
526 2558 592 2591 sibi
618 2568 692 2590 esse
717 2568 860 2600 parcen-

155 2607 252 2653 dutn.
278 2608 372 2641 Lace.

202 2661 266 2692 110
288 2660 330 2693 In
354 2660 426 2693 aiire
449 2661 554 2692 volvor
567 2659 690 2702 operto]
725 2660 767 2692 Id
794 2664 862 2701 est,

1494 230 1608 274 1987

944 334 1008 365 116
1032 332 1101 365 Nec
1121 333 1268 375 deprecor
1289 333 1431 366 numbram
1453 335 1608 377 accipere]

900 381 944 414 Id
959 388 1024 423 est,
1038 393 1103 415 nec
1118 383 1234 416 refuto
1249 384 1404 417 umbram
1421 395 1517 418 esse:
1554 388 1609 417 de·

895 442 1006 474 precor
1020 438 1135 466 autem
1150 439 1206 467 est
1221 434 1348 468 refuto.
1384 435 1517 477 virgin
1537 437 1548 454 ‘
1562 437 1610 468 E-

901 483 1038 525 quidem
1049 484 1240 523 merui,nec
1252 485 1423 527 deprecor
1435 495 1502 529 unq
1508 487 1608 519 uam.’

900 534 1029 566 Lucan.
1047 535 1058 552 ‘
1071 535 1149 574 Non
1160 535 1333 577 deprecor
1350 537 1441 569 hosti
1455 537 1608 579 Servari3

901 585 979 617 dum
996 595 1052 617 me
1066 591 1183 618 servet
1195 587 1335 619 cervice
1350 587 1484 620 recisa.'
1506 589 1607 620 Idem.

903 667 908 670 ,
944 638 1006 667 118
1031 636 1135 678 Super
1148 637 1279 677 auguris
1289 637 1377 679 usus]
1393 638 1435 670 Id
1449 643 1514 678 est,
1529 647 1609 680 pos·

900 696 971 720 sem
987 697 1109 729 rogare
1125 692 1175 728 te,
1187 693 1226 720 ut
1240 688 1332 730 apud
1348 688 1484 722 Inferos
1498 698 1608 730 augur

901 749 1023 780 essem,
1036 739 1065 771 si
1081 740 1205 772 scirem
1217 745 1254 773 et
1267 741 1332 773 hoc
1348 741 1428 772 mihi
1442 741 1534 782 apud
1551 740 1608 772 In-

902 789 993 822 feros
1009 789 1225 831 profuturum
1240 802 1251 823 ε
1287 801 1404 823 verum
1420 800 1499 823 cnm
1516 790 1610 823 vide·

902 850 955 872 am
972 841 1048 882 ipsa
1069 850 1204 883 quoque
1228 840 1301 874 fata
1326 841 1368 873 ad
1396 847 1491 874 tuum
1518 841 1610 873 arbi-

902 892 1003 923 trium
1019 890 1076 923 fila
1091 891 1292 932 disponere,
1309 891 1465 934 intelligo
1476 892 1523 924 nil
1538 902 1610 924 om-

901 941 983 973 nino
999 941 1062 973 tibi
1079 951 1165 982 opus
1181 941 1337 982 augurio.
1360 942 1463 975 Idem.

945 993 1007 1023 121
1033 991 1173 1023 funesta
1193 985 1333 1032 reserva]
1368 991 1446 1023 Hoc
1461 996 1515 1023 est
1530 1001 1610 1024 con-

894 1041 970 1083 jugi
986 1051 1086 1081 tneae,
1101 1051 1177 1083 quae
1198 1042 1279 1074 mihi
1295 1042 1451 1083 minaris,
1471 1051 1611 1074 reserva

902 1092 1084 1134 supplicia,
1105 1102 1182 1135 quae
1204 1093 1350 1125 salutem
1371 1092 1438 1125 viri
1452 1093 1611 1135 prodidit

901 1143 1020 1175 monili
1035 1149 1211 1184 corrupta.
1235 1142 1335 1176 Idem.

947 1195 1010 1226 123
1044 1193 1296 1235 Indignaturque
1319 1192 1452 1234 moveri]
1486 1193 1611 1226 Irasci-

903 1247 960 1275 tur
974 1253 1012 1275 se
1027 1244 1061 1275 in
1078 1243 1345 1275 misericordiam
1360 1242 1469 1275 flecti.
1494 1244 1603 1277 Idem..

947 1296 1010 1326 124
1039 1294 1085 1325 Ut
1106 1294 1152 1324 leo
1168 1293 1320 1335 Massyli]
1342 1294 1511 1334 Massylia
1524 1303 1611 1335 gens

903 1344 1038 1377 Africae
1054 1344 1321 1386 mediterranea,
1331 1343 1485 1377 leonibus
1498 1344 1612 1386 plena.

905 1396 1006 1429 Idem.
1090 1415 1103 1424 ·—

949 1449 1010 1478 125
1038 1445 1143 1487 Citat]
1177 1445 1320 1478 Incitat.
1364 1445 1482 1487 Arma]
1503 1447 1612 1478 *Den-

907 1500 960 1529 tes
983 1499 1020 1528 et
1045 1505 1189 1537 ungues,
1218 1496 1341 1537 quibus
1365 1505 1403 1527 se
1430 1500 1546 1528 tuetur
1576 1501 1614 1528 et

907 1547 1069 1579 vindicat.
1093 1548 1221 1579 Lucan.
1237 1548 1247 1564 ‘
1259 1547 1345 1578 Tum
1353 1546 1490 1578 demum
1500 1552 1615 1579 movet

906 1607 1001 1631 arma
1016 1596 1095 1630 leo?
1119 1598 1220 1630 Idem.

949 1651 1011 1680 133
1035 1647 1158 1686 Inferni
1183 1647 1306 1679 vitatur
1320 1647 1436 1680 honore
1461 1647 1615 1689 sepulcri]

907 1698 989 1730 Non
1005 1697 1204 1739 discrepant
1214 1697 1350 1739 scripti,
1359 1698 1393 1729 in
1405 1698 1615 1739 Lugdunen-

907 1749 936 1781 si
962 1748 1114 1780 editione
1141 1752 1256 1780 tamen
1281 1747 1419 1780 invenio
1434 1759 1443 1780 :
1474 1747 1617 1780 Vittatur

906 1801 1031 1832 honore.
1068 1799 1146 1832 Erit
1161 1797 1253 1831 forte
1266 1799 1324 1840 qui
1341 1808 1403 1831 nos
1420 1798 1454 1830 id
1470 1808 1615 1840 reposu-

908 1851 975 1882 isse
992 1851 1096 1882 vellet
1111 1859 1156 1881 ex
1181 1858 1276 1881 more
1293 1849 1415 1890 veteri,
1430 1859 1498 1891 qno
1514 1850 1614 1882 vittae

907 1902 942 1933 in
957 1901 1163 1943 sepulchris.
1207 1900 1366 1932 Caecilius
1383 1899 1613 1942 Androgyno:

906 1953 916 1969 ‘
929 1952 1155 1993 Sepulchrum
1184 1951 1322 1992 plenum
1349 1950 1527 1982 taeniarum
1556 1951 1618 1991 ita,

909 2002 959 2034 uti
974 2001 1127 2034 assolet!
1148 2002 1248 2033 Varr.
1273 2000 1317 2032 de
1339 2001 1475 2042 Lingua
1491 2000 1618 2032 Latina

909 2053 970 2086 lib.
986 2062 1039 2085 vi.
1062 2056 1071 2070 ‘
1087 2053 1172 2084 Cum
1197 2051 1240 2083 ad
1264 2051 1483 2093 sepulchrum
1500 2049 1618 2083 ferunt

909 2103 1048 2136 frondes
1065 2108 1170 2144 atque
1186 2101 1302 2141 flores,
1315 2101 1448 2133 addunt
1463 2110 1555 2132 nune
1570 2102 1618 2132 la-

909 2164 984 2195 nas,
1000 2155 1060 2186 sed
1084 2154 1215 2185 velatas
1239 2151 1455 2184 frondenteis
1479 2151 1621 2184 comas!

911 2206 987 2247 Ego
1003 2205 1104 2236 ritum
1127 2204 1217 2235 hunc
1243 2213 1311 2234 non
1334 2202 1468 2243 ignoro,
1485 2202 1618 2246 retineo

911 2260 1026 2288 tamen
1045 2255 1233 2295 vulgatam,
1255 2263 1357 2294 quam
1380 2252 1526 2294 requirit
1542 2253 1618 2294 ipse

910 2305 1078 2338 orationis
1096 2304 1232 2336 ductus.
1261 2304 1410 2334 Bernart.

955 2359 1016 2388 141
1042 2354 1256 2395 Stringimus]
1280 2354 1484 2386 Educimus.
1504 2354 1598 2387 Lact-

954 2409 1015 2438 145
1040 2405 1131 2445 Heu]
1140 2404 1371 2449 >Interpositis
1387 2409 1442 2436 est
1458 2405 1619 2437 dolentis.

910 2456 1203 2498 Pra’sagisastris]
1226 2455 1357 2487 Futura
1380 2454 1621 2488 denuncianti-

910 2506 973 2539 bus
988 2507 1110 2539 stellis.
1131 2506 1232 2538 Idem.

955 2560 1018 2590 146
1057 2558 1136 2588 Cum
1166 2566 1237 2587 esce
1262 2555 1381 2596 cendit]
1417 2556 1619 2588 Petentiuiu
1679 2559 1681 2562 ⁴

911 2608 1040 2640 auxilia
1057 2605 1220 2640 affectum
1237 2607 1410 2647 expressit
1427 2606 1551 2644 Poeta.
1563 2607 1622 2649 qui

907 2658 1103 2700 jactatione
1134 2658 1189 2689 vel
1220 2657 1423 2688 extentione
1461 2667 1622 2689 manuum

156 2710 238 2742 dum
264 2720 326 2752 per
353 2711 413 2743 illa
431 2710 544 2752 spatia
569 2710 670 2751 vado,
684 2721 760 2753 quae
783 2714 864 2742 sunt
913 2708 980 2740 sibi
997 2707 1194 2749 supplicant
1216 2706 1411 2739 subveniri:
1442 2706 1506 2738 hoc
1523 2702 1622 2749 Virg.

156 2760 221 2794 sub
237 2765 331 2794 terra
345 2759 546 2795 inferorum.
570 2761 671 2794 Idm.

203 2813 265 2844 ns
292 2810 442 2852 Pur-enti]
463 2812 592 2853 OEdipo
604 2812 746 2854 pariter.
763 2814 864 2846 Idem.

914 2765 953 2793 ut
977 2765 1085 2801 raptae
1102 2759 1306 2793 Cassandrae
1328 2763 1491 2800 negatum
1515 2758 1621 2791 fuisse

914 2816 1140 2854 monstraret,
1156 2812 1227 2845 ait:
1245 2813 1255 2830 ‘
1268 2810 1323 2843 Ad
1337 2811 1459 2844 eoelum
1475 2810 1621 2842 tendens

243 2864 359 2907 Dema.
372 2867 404 2898 et
427 2865 601 2898 Vunfflas.
812 2862 817 2865 ”
843 2866 930 2899 Stat.
1457 2867 1478 2896 6
1500 2864 1533 2897 G
