1878 3164
295 224 409 270 1906

293 333 304 351 ‘
322 332 369 365 Et
383 329 463 364 ‘fors
487 329 684 373 ingentibus
711 330 802 363 ausis
825 331 917 362 Rara
939 339 996 362 co-

294 381 388 423 mes,'
404 391 483 414 nam
506 382 516 399 ‘
535 380 623 414 fors’
648 380 705 423 (ut
719 380 784 412 hoc
807 380 920 412 obiter
943 379 996 411 di-

294 431 385 473 cam)
414 442 477 474 pro
508 430 645 464 fortuna
675 435 735 463 aut
761 432 771 449 ‘
797 430 900 471 casu,'
929 440 995 472 qua

293 482 412 515 Poetis
430 492 497 524 qua
511 481 694 514 Historicis
709 485 840 513 notum.
883 480 995 512 Mani-

292 532 359 564 lius
374 532 434 564 lib.
448 541 473 564 1.
498 532 508 550 ‘
527 531 640 573 Atque
656 531 766 573 ipsum
782 540 856 563 esse
871 530 997 569 Deum,

293 591 358 614 nec
379 581 469 614 forte
494 581 604 613 coisse
624 580 813 622 magistra:
859 579 997 612 Curtius

292 631 354 664 lib.
372 641 407 663 v.
429 632 439 649 ‘
456 631 607 663 Eludant
632 630 728 669 licet,
755 629 878 671 quibus
904 626 995 661 forte

293 687 339 712 ac*
352 684 481 712 temere
497 680 643 711 humana
658 679 794 719 negotia
815 677 905 710 volvi
925 678 995 719 agi-

292 739 359 771 que
375 739 576 771 persuasum
593 725 846 770 esu-equidem
867 731 995 759 aeterna

293 779 542 813 constitutione
580 778 799 818 crediderim,
834 786 995 818 nexuque

293 838 473 861 causarum
500 828 694 865 latentium,
722 831 760 860 et
785 827 892 859 multo
915 830 994 858 ante

293 878 540 910 destinatarum
552 887 648 910 suum
659 886 829 920 quemque
840 876 994 908 ordinem

291 927 494 960 immutabili
509 929 584 969 lege
598 925 824 969 percurrere.²
854 926 994 959 Tacitus

292 977 386 1010 Hist.
401 987 444 1009 11.
466 978 476 995 ‘
493 978 562 1009 Seu
589 976 668 1009 dolo
690 976 780 1009 forte
805 976 995 1009 surrexerit

291 1037 411 1069 parum
442 1027 678 1069 compertum?
737 1027 835 1059 Idem
861 1027 921 1059 lib.
942 1036 992 1059 iv.

291 1079 301 1097 ‘
316 1077 419 1119 Apud
432 1078 620 1110 Germanos
636 1078 826 1110 inconsulta
841 1077 910 1109 ira:
928 1078 994 1109 Ro·

291 1137 411 1159 manus
450 1128 561 1167 miles,
594 1128 824 1169 periculorum
856 1136 993 1169 gnarus,

290 1177 439 1210 ferratas
455 1177 569 1218 sudes,
590 1178 708 1219 gravia
727 1188 810 1210 saxa
831 1177 922 1210 forte
939 1178 992 1219 ja-

291 1227 434 1267 ciebat,’
455 1227 488 1259 id
507 1232 570 1265 est,
592 1238 659 1260 non
677 1238 759 1260 casu
781 1232 817 1260 et
841 1229 914 1260 sine
935 1229 991 1269 Ju-

290 1275 383 1309 dicio
398 1281 457 1308 aut
472 1277 622 1310 delectu.
656 1278 838 1310 Sallustius
854 1278 897 1310 de
913 1279 992 1310 Bel-

291 1327 325 1358 lo
341 1326 480 1367 Jugurt.
500 1328 510 1345 ‘
527 1327 627 1359 Falso
643 1327 797 1369 queritur
815 1327 857 1359 de
875 1332 992 1359 natura

290 1385 353 1408 sua
368 1386 475 1417 genus
490 1377 685 1417 humanum,
707 1377 797 1419 quod
820 1377 992 1410 imbecilla

291 1432 395 1469 atque
423 1427 487 1459 aevi
514 1427 626 1459 brevis
649 1431 739 1459 sorte
767 1427 859 1470 (lege
885 1426 992 1469 forle)

291 1477 418 1518 potius,
441 1487 540 1519 quam
571 1478 698 1510 virtute
725 1477 888 1520 regatur?
908 1479 990 1510 Ber-

290 1531 374 1559 nart.

333 1580 398 1610 694
423 1578 524 1610 Latus
552 1588 641 1610 omne
668 1577 804 1618 redibat]
825 1577 989 1610 Jaculan-

290 1632 359 1658 tem
376 1627 562 1660 describit:
587 1628 690 1660 moris
715 1624 767 1660 est
789 1628 878 1660 enim
895 1628 989 1660 disco

289 1676 515 1717 certantibus,
544 1681 582 1709 nt
612 1677 675 1708 nisi
699 1676 788 1709 flexo
816 1681 890 1709 toto
913 1687 989 1710 cor·

289 1737 372 1768 pore
389 1732 560 1769 nequeant
574 1727 733 1768 jaculari.
756 1728 902 1771 Lactant.

330 1780 394 1809 697
419 1778 575 1819 Rari-sque
588 1788 624 1810 ea
637 1778 704 1810 visa
718 1778 874 1819 voluptas]
898 1779 987 1810 Pau-

286 1827 319 1859 ci
335 1831 502 1868 ceperunt
516 1827 559 1859 de
575 1828 662 1860 elusi
677 1827 812 1860 casibus
832 1829 987 1869 volupta-

286 1880 370 1917 tem,
398 1877 488 1919 quod
512 1877 642 1909 discum
671 1877 840 1918 Phlegeas
867 1877 986 1909 mulie-

284 1926 396 1958 briter
425 1927 585 1959 laudatus
612 1927 792 1959 amiserat:
817 1937 878 1959 seu
904 1937 986 1969 quo-

285 1977 375 2009 niam
405 1977 441 2009 in
473 1977 574 2009 rebus
604 1987 738 2020 quoque
771 1978 868 2010 seriis
900 1979 985 2010 risus

285 2027 477 2060 emittitur:
501 2027 578 2060 ideo
601 2036 727 2069 paucos
754 2028 909 2060 extitisse
934 2028 985 2060 di-

284 2076 347 2117 cit,
373 2076 497 2118 quibus
522 2077 687 2118 Phlegeae
710 2086 807 2109 casus
830 2076 985 2109 laetitiam

283 2126 479 2159 suscitaret.
499 2127 599 2159 Idem.

326 2179 393 2209 699
415 2177 461 2208 Et
473 2178 604 2208 multum
619 2180 650 2208 te
665 2172 758 2209 Maia
771 2178 843 2208 nale
857 2176 983 2217 rogato]

283 2226 374 2260 Quia
409 2227 577 2268 palaestris
615 2231 740 2268 praeest
777 2227 981 2258 Mercurius,

282 2276 457 2309 Arnobius
473 2276 648 2309 Adversus
661 2277 766 2309 Gent.
782 2285 842 2309 111.
864 2277 875 2294 ‘
889 2277 982 2308 Mer-

282 2327 399 2360 curius
413 2338 548 2368 ceroma
570 2327 791 2369 pugillatibus
816 2331 852 2359 et
873 2328 981 2359 lucta-

281 2377 430 2410 tionibus
469 2382 624 2420 praestat,
661 2383 698 2410 et
738 2387 799 2410 cur
838 2377 982 2410 invictos

281 2436 397 2459 omnes
418 2437 486 2460 non
507 2427 643 2470 perficit
669 2427 792 2470 quibus
818 2428 979 2469 praeest?

280 2477 434 2510 Bernart-

321 2528 385 2558 700
411 2527 558 2568 Castigat
579 2529 705 2569 pulvere
721 2527 838 2569 lapsus]
862 2528 978 2571 Corri-

279 2575 384 2616 gitur,
404 2575 468 2608 hoc
484 2581 538 2608 est
554 2578 750 2618 aspersione
770 2578 919 2619 pulveris
935 2587 978 2609 ne

278 2624 311 2655 ei
328 2625 526 2657 elaberetur
540 2624 657 2658 efficit.
680 2626 828 2659 Luceant.

319 2678 382 2707 703
407 2676 493 2707 Fixa
514 2677 675 2717 signatur]
700 2677 887 2718 Quousque
910 2676 976 2708 dis-

277 2733 337 2756 cus
351 2725 524 2757 Menestei
549 2726 676 2758 virtute
700 2725 814 2759 fuerat
829 2728 974 2760 missus:

276 2774 378 2807 moris
393 2775 483 2808 enim
498 2774 624 2815 fuerat,
649 2780 687 2809 ut
707 2777 802 2811 locus
817 2776 976 2810 cadentis

758 235 901 268 No'rAE
934 235 993 266 VA
1004 233 1198 267 monum
1232 233 1284 266 m

1044 328 1129 361 disci
1144 327 1214 360 fixa
1227 326 1422 369 signaretur
1438 326 1578 369 sagitta.
1602 325 1700 359 Idm

1087 381 1150 410 705
1174 379 1221 410 Et
1234 377 1369 417 fortuna
1386 378 1554 420 Menestei]
1575 377 1618 409 Id
1634 382 1687 410 est
1703 375 1746 415 (lq

1044 437 1119 461 mor
1142 429 1283 462 alterius
1312 429 1367 460 vel
1395 428 1540 460 imitatio
1566 424 1750 468 fortunat&

1046 476 1145 511 Idm·
1678 511 1681 515 .
1737 501 1748 516 4

1087 530 1150 560 707
1172 526 1341 559 Assuelum
1353 528 1475 569 dexlroe
1487 525 1666 568 gestum]
1676 524 1746 567 Po-

1045 580 1136 609 terat
1163 577 1252 609 enim
1281 586 1347 608 una
1370 586 1471 609 manu
1495 577 1584 608 hunc
1611 575 1744 608 discum

1037 627 1186 668 Jactare‚
1201 636 1301 669 quem
1314 636 1438 668 magno
1453 631 1579 659 conatu
1595 626 1651 659 vix
1665 635 1746 668 prof

1043 677 1230 709 movebant
1243 676 1373 709 caeteri.
1401 677 1471 709 Vet.
1490 676 1610 708 Comm.

1087 729 1151 758 710
1174 727 1241 758 Per
1268 726 1377 758 inania
1403 724 1504 767 saun]
1534 727 1586 758 Ut
1605 726 1743 768 jactam

1044 776 1140 818 vigor
1155 776 1308 817 corporis
1322 775 1514 817 adjuvaret.
1534 775 1684 808 Laetam.
1740 800 1741 804 ,

1086 829 1148 858 711
1174 826 1346 868 Servatque
1358 826 1510 867 tenorem]
1525 825 1662 868 Manus,
1675 835 1744 869 qua

1043 876 1159 909 fuerat
1187 877 1321 908 missus.
1378 875 1539 916 Terrorem]
1568 875 1744 910 ,luculum-

1045 927 1145 958 Idem.
1738 953 1742 957 .

1085 978 1150 1007 712
1173 974 1356 1007 Menesthea
1380 972 1511 1015 victum]
1533 974 1630 1007 Solet
1653 974 1744 1008 enim

1043 1024 1106 1057 hoc
1132 1024 1323 1058 certamine
1348 1025 1392 1057 de
1415 1025 1560 1057 victoria
1582 1024 1746 1059 dubitari.

1085 1127 1149 1158 714
1172 1124 1344 1167 Humerus]
1367 1126 1548 1158 Extremos
1564 1126 1670 1159 colles
1683 1126 1750 1172 qni.

1043 1174 1198 1216 spacium
1214 1176 1339 1208 theatri
1355 1175 1551 1217 cingebant.
1585 1175 1631 1208 Ee
1645 1186 1743 1218 opaca

1046 1225 1188 1265 Theaeri]
1225 1225 1410 1257 Theatrum
1438 1225 1525 1257 dicit
1553 1223 1742 1258 deductum

1042 1274 1212 1316 utrimque
1236 1275 1374 1306 vallium
1399 1284 1507 1316 prona
1522 1277 1564 1307 et
1584 1275 1742 1319 supinam

1041 1333 1185 1357 ascensu
1211 1325 1317 1356 arduo
1337 1325 1533 1357 lenitatem:
1559 1326 1667 1367 opaca
1681 1335 1741 1358 au-

1042 1377 1109 1406 tem
1125 1375 1272 1414 culmina,
1284 1375 1365 1416 quia
1376 1375 1482 1416 sylvae
1497 1375 1634 1408 summis
1649 1384 1744 1410 mon·

1041 1424 1132 1456 tibus
1148 1425 1379 1457 imminebant.
1405 1425 1503 1457 [dem.
1616 1418 1619 1422 ”

1083 1477 1148 1506 716
1169 1474 1394 1516 Polyphemus]
1426 1474 1621 1518 Homerum,
1641 1485 1739 1510 secu-

1042 1527 1096 1555 tus
1113 1528 1166 1555 est
1182 1524 1239 1565 qui
1253 1523 1348 1564 dicit,
1366 1525 1554 1566 Cyclopem
1566 1525 1690 1567 jecisse
1704 1525 1739 1563 in

1039 1574 1172 1615 Ulyssis
1192 1584 1326 1616 navem,
1344 1575 1422 1617 quia
1443 1575 1651 1617 impediente
1672 1586 1740 1610 cae-

1038 1624 1145 1656 citate
1163 1633 1237 1656 eam
1253 1629 1373 1657 tenere
1386 1635 1454 1658 non
1470 1630 1621 1668 poterat.
1637 1627 1738 1660 Idem.

1090 1677 1154 1706 718
1190 1675 1330 1716 Exegit]
1377 1675 1591 1708 Transmisit.
1636 1676 1738 1710 Idem.

1037 1724 1158 1764 Exegit
1189 1724 1346 1767 Ulyssem]
1374 1725 1460 1757 Post
1489 1726 1579 1758 bunc
1604 1735 1736 1759 versum

1036 1775 1268 1817 sequebantur
1279 1780 1348 1808 tres
1359 1776 1418 1808 alii
1430 1777 1465 1808 in
1477 1776 1736 1810 membranaceo

1036 1825 1167 1864 codice,
1198 1825 1256 1867 qui
1295 1825 1375 1857 olim
1406 1826 1474 1858 Bil.
1499 1826 1739 1867 Pircbeimeri,

1035 1884 1126 1907 nunc
1156 1874 1350 1908 Arondeliae
1380 1875 1523 1908 Comitis
1550 1880 1616 1918 est,
1643 1877 1735 1914 visus

1035 1925 1114 1956 mihi
1133 1925 1298 1958 beneficio
1323 1927 1387 1958 viri
1402 1927 1492 1959 omni
1507 1927 1607 1960 laude
1622 1929 1736 1961 excel-

1034 1976 1135 2008 lentis
1150 1977 1323 2010 Francisci
1337 1978 1445 2011 Junii.
1475 1979 1604 2011 Versus
1620 1971 1734 2020 autem

1034 2026 1108 2058 illos
1131 2037 1196 2059 nec
1211 2027 1310 2059 nimis
1327 2027 1513 2060 adfirmabo
1529 2027 1638 2070 Statii
1646 2038 1735 2071 esse,

1033 2076 1112 2118 quia
1132 2077 1165 2108 in
1190 2087 1258 2109 uno
1281 2078 1353 2109 solo
1374 2077 1491 2110 codice
1507 2078 1644 2120 reperi3
1666 2088 1733 2123 nec

1034 2126 1218 2158 excludere
1248 2127 1382 2159 omnino
1408 2137 1556 2169 possum,
1581 2127 1661 2170 quia
1688 2127 1732 2160 ab

1033 2176 1265 2221 ingenio-ejus
1287 2177 1386 2209 alieni
1403 2187 1470 2209 non
1486 2181 1577 2210 sunt.
1622 2178 1732 2211 Erant

1033 2225 1158 2258 ibidem
1175 2226 1225 2258 sic
1241 2226 1384 2267 scripti:
1402 2226 1458 2259 Sic
1472 2226 1649 2267 etAlon'doe,
1660 2236 1731 2269 em

1022 2276 1094 2315 jam
1111 2277 1244 2309 calcaret
1258 2277 1423 2318 Olympum
1433 2277 1575 2318 Desuper
1591 2277 1674 2308 Ossa
1686 2276 1731 2308 ri·

1028 2335 1116 2365 gens,
1128 2326 1198 2367 ipsa
1212 2326 1346 2366 glaciale
1351 2326 1479 2363 ferebat
1489 2325 1612 2363 Pelion,
1621 2329 1653 2358 et
1664 2329 1728 2359 tre-

1027 2375 1102 2416 pida
1115 2376 1281 2417 sperabant
1295 2376 1430 2416 jungere
1443 2375 1528 2407 coelo.
1571 2374 1729 2418 Apparet

1029 2425 1210 2467 legendum
1223 2434 1307 2466 esse,
1319 2426 1443 2462 ‹selca-et,
1460 2424 1482 2455 i.
1496 2433 1529 2458 e.
1544 2424 1728 2467 obtegeret

1028 2474 1238 2516 impositum,
1249 2480 1285 2507 et
1295 2475 1395 2516 ipsum
1406 2475 1454 2514 gl.
1467 2474 1628 2512 serebant.
1655 2474 1728 2507 Ha-

1028 2524 1088 2557 bes
1104 2525 1161 2557 lib.
1179 2534 1214 2557 x,
1237 2526 1248 2543 ‘
1264 2525 1382 2566 quales
1397 2524 1561 2556 mediisin
1578 2523 1726 2558 nubibus

1028 2575 1135 2607 aether
1154 2575 1253 2607 Vidit
1275 2574 1428 2614 Aloidas,
1454 2583 1529 2606 cuin
1555 2578 1727 2607 cresceret

1028 2625 1132 2666 impia
1142 2624 1475 2664 tellus‚Despeetura
1482 2624 1660 2664 Deos‚nec
1670 2624 1728 2656 ad.

1027 2673 1096 2705 huc⁴
1112 2673 1258 2705 immane
1273 2673 1406 2704 veniret
1418 2673 1551 2713 Pelion,
1566 2676 1603 2705 et
1618 2673 1724 2715 trepi-

1027 2723 1108 2755 dum
1130 2724 1205 2765 jam
1228 2727 1388 2765 tangeret
1404 2722 1498 2756 Ossa
1511 2723 1725 2757 Tonantem!

1027 2773 1156 2806 Eodem
1172 2773 1291 2806 ordine
1304 2783 1369 2816 quo
1383 2773 1473 2815 apud
1490 2776 1623 2820 patrem
1636 2773 1723 2808 Poe-
