1878 3164
443 236 487 268 1³.
519 232 715 267 mmm(
745 232 913 266 STATn
946 232 1092 265 THEB.
1124 232 1222 266 Lm.
1245 232 1312 264 lv.

153 327 243 367 nnn
257 331 297 363 et
323 326 500 371 plagarum
527 326 716 360 habebatur
745 330 855 360 certa-

153 385 252 423 men,
269 382 416 422 propter
438 378 503 412 hoc
523 377 633 410 dixit:
656 377 856 410 Laceaoemo-

150 429 241 470 niun
253 427 535 463 haeum.
560 428 719 460 Lactant.
765 427 855 459 Vide

150 479 326 513 Stobautn
341 488 444 513 serm.
459 477 503 511 de
519 477 691 521 Fortitud.
707 482 744 511 et
759 478 855 511 Plut.

149 530 186 562 in
202 529 335 563 Persii.

155 596 159 599 ·
190 581 238 613 49
249 578 488 613 immissius
497 579 618 620 origine
626 579 732 621 reges]
745 580 855 614 Quam

150 629 353 671 mitircges
359 629 513 671 Drepani
524 629 681 671 scopulos
690 634 727 662 et
736 630 855 672 Sicyo-

150 680 205 719 nis
214 680 314 713 culta
325 685 444 712 serunt
456 680 468 711 ἒ
494 679 680 712 parvulum
693 680 855 712 mendum

112 726 116 731 ⁴
150 725 268 765 >essisset
279 730 426 772 scriptos
441 729 619 771 editosque
631 730 734 762 libros
749 729 854 762 infes-

150 785 234 823 ten-
258 781 376 824 Lege:
400 781 579 813 transmissi
599 780 638 813 ab
662 781 785 822 origine
806 791 854 813 re-

145 831 212 872 gis.
233 831 404 864 Nimirum
420 829 572 864 Adrasti.
596 831 671 864 Lib.
683 841 725 874 μ.
744 833 755 850 ‘
769 832 855 866 Quis

148 887 186 917 t·
209 883 298 916 so‘lio
320 881 478 924 Sicyonis
500 882 602 915 avitae
625 882 786 915 Excitum
802 882 853 914 in-

149 933 268 967 frenos
277 941 485 976 componere
502 932 640 974 legibus
654 933 766 976 Argos
780 933 853 966 Ne-

148 983 238 1017 sciat
245 983 275 1016 ?’·«
293 983 434 1016 Omm-
475 1025 481 1032 θ

192 1036 237 1075 ὅθ,
257 1032 418 1076 Sicyonis]
448 1033 604 1066 Corinthi
627 1033 851 1076 municipium

149 1082 248 1125 olivis
269 1082 398 1116 fertile.
411 1086 426 1103 ’“
442 1084 546 1116 Hanc
567 1087 679 1116 autem
704 1084 851 1126 primum

147 1134 317 1169 Adrastus
331 1135 507 1168 civitatem
534 1135 709 1176 regnando
735 1145 851 1177 posse·

146 1185 213 1229 dit,
226 1191 266 1220 ut
280 1187 354 1230 ipse
368 1187 403 1219 iu
416 1186 569 1219 secundo
583 1186 671 1219 libro
691 1190 851 1219 testatur.

189 1291 231 1321 61
256 1289 384 1330 langiu
418 1288 552 1331 taeenti]
587 1288 629 1321 Id
663 1292 732 1330 est,
764 1298 849 1331 quos

146 1338 279 1380 ungis
291 1340 389 1381 palus
402 1339 532 1372 lambit.
554 1339 655 1372 Idem.

187 1391 231 1422 σθ
253 1389 412 1431 Heliseus]
437 1390 577 1422 Fluvios
590 1389 722 1423 Atticae
738 1390 850 1432 regio-

145 1440 210 1473 nis.
255 1441 360 1477 Hunc
386 1441 493 1482 igitur
517 1441 567 1474 ita
590 1446 738 1474 vocant:
760 1446 850 1475 trac-

146 1493 219 1523 tum
231 1499 353 1524 nomen
369 1490 566 1532 annexibus,
592 1493 650 1534 qui
673 1491 783 1524 fertur
805 1502 850 1524 ex

148 1542 282 1584 cocyto
316 1539 423 1574 fluvio
447 1540 644 1574 Insa-rorum
681 1542 850 1574 undarum

145 1597 330 1633 tumenta
345 1592 539 1635 percipere.
583 1592 649 1624 Vel
665 1592 701 1624 in
717 1592 784 1624 isto
800 1592 850 1624 di·

145 1647 271 1676 cuntur
281 1634 394 1676 Furio
410 1642 521 1675 solitae
536 1642 673 1675 morari.
697 1642 798 1675 Idem.

186 1694 230 1740 ξ7
252 1692 316 1725 Seu
330 1695 414 1726 tecta
427 1691 593 1735 Mycenis]
613 1693 719 1724 Forte
740 1692 848 1733 scrip-

145 1742 205 1783 sit,
225 1742 387 1786 Hymen.
407 1742 562 1775 Homero
591 1741 720 1785 Σπάρτη
733 1742 786 1775 καὶ
800 1743 850 1775 εὔ-

141 1791 278 1835 minu
307 1791 450 1831 Μυκήνη.
497 1793 605 1825 Silio:
644 1793 655 1810 ‘
668 1792 848 1834 Agamem-

137 1843 279 1887 jomim
302 1844 494 1886 gratissima
524 1847 620 1876 tecta
651 1842 850 1885 Mycenen.'

183 1947 228 1977 ³9
255 1943 395 1987 Ephyre]
415 1943 500 1985 Ipsa
513 1947 566 1978 est
584 1952 659 1986 quoe
675 1941 848 1975 Corinthi-

141 2003 201 2036 ου,
222 2005 300 2038 quse
321 1994 567 2037 Dyrrachium,
594 1995 630 2026 in
656 2003 723 2036 qua
739 1999 850 2026 mater

140 2044 347 2078 Paioemonis
361 2045 508 2078 colitur:
531 2045 609 2077 huic
621 2044 787 2086 templum
800 2045 848 2076 ci-

142 2095 232 2128 vitas
257 2095 369 2136 prima
394 2095 532 2138 Ephyre
561 2094 669 2134 dedit,
695 2094 778 2136 quia
803 2095 848 2127 de

140 2145 351 2186 Seyradibus
366 2146 474 2187 petris
490 2154 527 2178 se
540 2145 618 2186 Ino,
639 2154 725 2177 uxor
742 2144 848 2177 Atha-

141 2194 278 2236 mantis,
295 2195 574 2240 prpeipitavitin
584 2202 679 2227 mare
694 2205 702 2225 :
719 2199 758 2227 et
770 2204 846 2227 cum

139 2253 265 2287 cot-pus
306 2244 369 2278 filii
409 2245 605 2278 Melicertae
645 2245 848 2278 Corinthum

138 2294 264 2329 finisset
276 2296 472 2339 appulsum,
485 2295 531 2328 de
546 2296 667 2329 habitu
694 2300 847 2330 contem-

139 2347 228 2389 pisti
241 2347 331 2389 regis
346 2345 454 2380 fuisse
468 2346 590 2388 filium,
608 2347 847 2380 humaverunt.

139 2396 358 2430 cuihumato
367 2397 564 2430 institutum
578 2396 691 2430 fertur
705 2397 847 2430 lustrale

141 2451 332 2486 certamen,
344 2446 436 2489 quod
455 2450 464 2466 ⁸
475 2446 695 2480 Isthmicum'
710 2450 847 2485 vocant,

138 2499 180 2529 ut
213 2496 353 2539 quidam
383 2496 513 2529 volunt.
560 2496 617 2529 tta
653 2500 708 2530 est
735 2497 846 2530 solata

139 2549 280 2591 Ephyre
295 2549 412 2582 matris
431 2549 599 2592 querelas.
645 2549 710 2582 Est
731 2553 851 2585 autem,

140 2598 296 2632 Corinthi
319 2599 454 2632 civitas.
501 2599 698 2641 Cenchroeue,
727 2604 847 2641 portus

139 2655 197 2684 est
210 2651 379 2684 corinthi.
408 2651 577 2684 Luceant.-

179 2703 224 2735 01
248 2702 415 2742 Gorgoneo
427 2702 607 2744 percussus]
622 2702 720 2744 Equo
732 2702 846 2744 Pega-

139 2759 190 2791 so,
203 2750 303 2792 eujus
317 2752 443 2792 ungula
468 2761 652 2793 percussus
663 2752 759 2784 locus
772 2750 847 2784 fon-

138 2803 211 2842 tem
222 2797 362 2840 effudit,
373 2801 432 2843 qui
448 2801 693 2843 Hippocrenes
710 2802 848 2836 dicitur.

226 2852 342 2895 Daph.
356 2856 387 2886 et
410 2853 490 2888 Ver.
501 2854 586 2890 Clas.

827 2854 915 2887 Stat.

1501 224 1615 268 1841

908 326 986 360 Hoc
1003 326 1094 360 enim
1119 326 1218 360 fonte
1240 327 1299 370 qui
1325 326 1422 360 labra
1449 329 1617 370 proluerit

905 376 1009 418 poeta
1020 376 1081 410 fiet
1095 386 1104 408 ε
1120 377 1209 410 ideo
1223 371 1332 411 vatiam
1345 379 1501 411 conscium
1515 380 1616 412 dixit.

904 427 1059 469 Pegasus
1082 432 1210 469 autem,
1227 429 1383 470 Neptuni
1404 434 1442 462 et
1458 430 1615 463 Medusae

905 477 1076 519 Gorgonis
1085 477 1184 518 filius,
1194 478 1312 511 volare
1322 478 1458 519 solitus,
1471 489 1546 511 cum
1558 489 1616 512 ve-

905 527 1016 559 nisset
1032 528 1068 559 in
1083 532 1232 560 montem
1249 529 1468 571 Heliconem,
1482 532 1540 572 qui
1559 535 1614 563 est

903 577 938 609 in
954 578 1104 619 Boeotia,
1121 579 1249 621 ungula
1264 580 1339 612 loco
1351 590 1451 622 quem
1475 590 1616 622 percus·

904 633 1010 669 serat,
1046 627 1176 661 fontem
1213 629 1292 662 inde
1323 631 1487 663 excussit.
1534 630 1613 664 Hoc

904 677 993 710 dicit
1010 688 1147 711 servare
1164 679 1302 711 vatibus
1319 680 1484 713 carmina.
1507 681 1611 714 Idem.

947 731 990 760 62
1013 728 1165 769 Isthmos]
1189 728 1328 762 Achaiae
1345 740 1453 767 mons.
1473 732 1531 773 qui
1558 731 1613 764 ΙΕ-

903 788 1004 821 geum
1029 789 1125 811 mare
1148 779 1271 811 dividit
1300 780 1342 812 ab
1369 781 1481 813 Ionio.
1526 782 1613 815 Ideo

903 833 1017 861 autem
1039 830 1139 866 dixit,
1165 830 1276 862 Maria
1299 831 1454 864 inclinata
1478 833 1615 873 repellit,

902 878 993 921 quod
1007 879 1188 921 Achaiam,
1203 881 1238 912 in
1253 891 1320 922 qua
1336 886 1438 922 pater
1454 884 1614 923 regnavit

902 929 1043 970 Pelops,
1069 929 1137 960 duo
1157 930 1264 963 maria
1288 932 1506 974 circundant,
1523 933 1612 965 adeo

902 985 942 1012 ut
957 979 1101 1011 insulam
1117 979 1262 1020 faciant,
1275 982 1340 1014 nisi
1351 986 1535 1025 utrumque
1553 994 1612 1025 pe-

900 1031 996 1072 lagus
1013 1030 1171 1072 objectus
1199 1031 1349 1065 Isthmos
1376 1033 1611 1075 interjaceret.

901 1084 1002 1116 laem.

943 1139 986 1168 64
1010 1136 1093 1168 Pars
1111 1136 1203 1178 gesa]
1217 1136 1345 1177 ‘Gesa,
1362 1137 1469 1170 hastae
1483 1137 1612 1170 viriles.

904 1186 995 1218 Nam
1022 1192 1058 1218 et
1085 1186 1194 1218 fortes
1220 1187 1309 1218 viros
1331 1187 1425 1220 Galli
1438 1197 1537 1228 gesos
1554 1198 1612 1220 vo-

902 1236 1010 1270 cant!
1048 1238 1148 1270 Serv.
1165 1237 1208 1269 ad
1224 1237 1358 1270 AEneid.
1372 1247 1455 1270 vm.
1476 1238 1612 1271 Suntne

902 1292 940 1320 et
961 1288 972 1305 ⁴
984 1286 1152 1320 foemineae
1168 1289 1276 1320 liastae
1290 1289 1315 1320 ?'
1357 1289 1427 1321 Sed
1444 1289 1495 1322 vir
1506 1301 1612 1332 quan-

901 1339 1014 1381 doque
1030 1338 1182 1371 Heroem
1197 1343 1309 1371 notat.
1324 1348 1344 1372 e
1355 1339 1491 1372 Gallico
1504 1350 1612 1381 appa-

900 1393 979 1421 ratu
1010 1399 1090 1422 vox.
1135 1390 1254 1422 Claud.
1286 1390 1398 1423 Stilic.
1429 1400 1469 1423 11.
1508 1392 1518 1408 ‘
1533 1401 1611 1423 cum

899 1438 989 1472 flava
1024 1449 1155 1481 repexo
1199 1440 1315 1473 Gallia
1351 1441 1446 1473 crine
1497 1440 1611 1482 ferox,

900 1490 1106 1532 evinctaque
1132 1494 1255 1532 torque
1285 1490 1424 1532 decoro,
1454 1491 1615 1534 Binaque

901 1541 993 1573 Gesa
1009 1540 1156 1573 tenens.’
1178 1541 1297 1573 Barth.

943 1594 986 1623 66
1013 1592 1123 1632 Neque
1138 1591 1285 1632 sanguis]
1311 1591 1432 1624 Ordo:
1456 1592 1527 1624 Alii
1554 1603 1607 1632 ro-v

901 1641 982 1674 bora
1001 1640 1146 1674 flammis
1173 1642 1333 1674 indurata
1360 1652 1423 1683 pro
1450 1643 1530 1675 telis
1553 1644 1611 1675 ha-

899 1692 984 1724 bent
1001 1703 1010 1732 ;
1034 1701 1112 1724 nam
1129 1692 1209 1734 quia
1224 1702 1293 1724 non
1321 1692 1405 1733 ipsis
1430 1702 1514 1725 unus
1534 1702 1623 1726 san»

900 1743 975 1784 guis
991 1747 1052 1775 aut
1066 1742 1163 1784 origo
1178 1741 1256 1783 suit,
1270 1742 1349 1775 ideo
1364 1742 1543 1776 dissimilia
1558 1753 1611 1776 ar-

900 1803 955 1825 ma
971 1792 1165 1834 gestabant.
1187 1792 1335 1825 lactant.

942 1846 985 1876 70
1005 1844 1084 1875 Jam
1099 1844 1183 1875 lassa
1208 1843 1343 1884 cervice]
1370 1843 1522 1875 Veteres
1539 1843 1610 1882 jam

899 1896 973 1926 laxa
987 1895 1118 1931 cervice,
1132 1893 1226 1936 quod
1238 1903 1306 1926 non
1321 1893 1497 1935 displicet.
1521 1895 1608 1927 Sen-

899 1954 976 1977 sus:
995 1945 1140 1977 Cervice
1152 1953 1221 1976 non
1232 1944 1366 1985 pingui,
1377 1944 1436 1975 sed
1449 1945 1557 1977 macie
1574 1950 1612 1981 et>

900 1996 1064 2038 pendenti
1080 1996 1171 2038 pelle
1186 1995 1340 2028 deformi.
1372 1996 1527 2029 Bernart.

941 2049 984 2079 74
1007 2045 1181 2088 Dyrcaeus]
1203 2046 1323 2079 Gener
1342 2046 1529 2088 Polynices
1545 2052 1610 2089 est,

899 2097 943 2130 de
967 2096 1062 2129 fonte
1089 2097 1234 2129 Boeotiae
1261 2097 1310 2129 sic
1326 2097 1534 2139 nominatus,
1549 2099 1609 2140 qui

899 2157 943 2179 ex
957 2148 1106 2190 Dyreaeo
1121 2146 1256 2188 funere,
1270 2147 1370 2189 cujus
1386 2158 1513 2190 corpus
1528 2150 1609 2191 jux-

899 2202 934 2229 ta
957 2207 1036 2230 eum
1063 2195 1121 2238 qui
1146 2201 1281 2228 taurum
1307 2198 1415 2229 traxit
1430 2198 1608 2232 inventum
1663 2205 1665 2207 ’

898 2251 962 2280 est.
1006 2247 1093 2279 Inde
1121 2256 1245 2279 nomen
1271 2248 1420 2289 accepit.
1464 2249 1607 2292 Polyni-

898 2307 963 2330 cen
979 2307 1063 2339 ergo
1077 2297 1087 2315 ⁴
1097 2298 1288 2338 Dyrcaeum
1298 2297 1308 2312 ’
1321 2299 1488 2340 appellat,
1505 2309 1608 2341 prop-

899 2352 955 2380 ter
968 2356 1068 2389 quein
1086 2347 1129 2379 ab
1145 2346 1303 2379 omnibus
1317 2349 1453 2390 populis
1468 2350 1606 2391 prodie-

896 2398 998 2431 batur
1013 2398 1055 2430 ad
1072 2398 1209 2431 bellurn.
1234 2399 1436 2432 Lactantius.

940 2450 983 2480 78
1006 2450 1111 2480 Aucta
1126 2447 1229 2490 fides]
1250 2447 1293 2480 In
1310 2450 1433 2491 quibus
1449 2454 1503 2483 est
1519 2451 1607 2486 fides

899 2502 1001 2532 aucta
1023 2499 1292 2540 calamitatibus,
1317 2501 1399 2542 quia
1415 2502 1605 2535 misericor-

898 2550 956 2583 dia
969 2550 1130 2582 commoti
1144 2555 1236 2582 sunt.
1280 2550 1360 2583 Sive
1376 2553 1498 2594 quibus
1516 2563 1606 2595 prae-

898 2600 1038 2642 cipuum
1087 2604 1163 2633 erat
1207 2605 1368 2642 potentes
1412 2603 1607 2638 immutare.

898 2650 998 2683 Idm.
1571 2652 1580 2655 ”

939 2704 981 2733 81
1004 2701 1124 2742 AEgion
1138 2701 1342 2744 Amnenque]
1355 2703 1484 2745 Scripti
1502 2705 1605 2744 Codiff

898 2760 957 2783 ces
980 2755 1017 2783 et
1042 2751 1180 2794 quidem
1208 2752 1295 2784 bene
1322 2754 1441 2793 AEgion
1460 2746 1603 2788 {irenen-

896 2811 978 2843 qnoe3
994 2800 1111 2836 Arene
1127 2802 1294 2846 siquidem
1308 2804 1492 2837 Messeni-e
1509 2806 1604 2848 urbs,

1440 2861 1461 2889 6
1484 2857 1515 2890 Α
