1878 3164
236 204 351 249 1748

238 309 323 343 mae'
357 309 452 350 alibi,
476 313 512 341 et
539 309 588 341 sic
615 308 839 341 doctissimus
859 307 938 340 olim

238 361 366 393 amicus
388 364 504 392 noster
522 359 748 400 Marquardus
768 359 938 391 Freherus

239 411 284 443 de
301 412 402 442 Fama
414 409 472 442 lib.
489 418 515 442 ι.
531 418 607 450 cap.
622 411 654 440 4.
697 408 866 450 Intelligit
882 418 939 440 ve-

240 470 278 492 ro
307 461 362 491 hic
393 456 519 490 veram¹
535 468 605 491 rem
632 458 811 500 Papinius,
836 458 938 501 eique

238 511 329 542 hunc
347 510 455 541 locum
472 511 564 540 recte
575 508 648 549 jam
665 512 744 540 ante
762 518 822 540 nos
837 508 939 549 adap-

239 560 327 592 tavit
339 558 638 600 praestantissimus
646 558 793 591 casaub.
803 559 845 590 ad
854 559 938 590 Sue-

240 614 313 641 ton.
328 618 362 650 p.
378 611 453 640 310.
476 608 595 639 Barth.

284 659 346 690 110
374 657 490 690 Via-isti
515 656 644 697 gaudia,
671 656 739 697 tha]
762 657 938 698 Stupenda

240 709 408 750 supinitas
438 707 625 747 Bernartii,
651 708 709 749 qui
738 707 793 739 hic
818 712 936 739 notat:

241 760 310 791 ritu
342 760 504 790 Romano.
546 757 745 790 Juvenalis:
783 757 794 774 ‘
810 757 938 797 gremio

232 811 345 853 jacuit
353 820 438 841 nova
452 812 560 850 nupta
573 807 708 840 mariti!
750 807 914 848 Apuleius
928 818 937 840 z

239 860 251 879 ‘
263 859 499 892 Accumbebat
523 867 687 889 summum
709 861 820 889 torum
837 857 939 888 mari-

240 913 296 941 tus
321 908 478 949 Psychen
500 917 594 938 suam
620 907 748 947 gremio
771 916 830 938 suo
847 916 937 938 com-

241 957 388 999 plexus!
447 958 576 990 Statius
614 961 743 997 narrat,
779 966 845 999 quo
881 957 938 988 die

236 1008 469 1040 ›Abascantius
485 1008 519 1038 in
534 1007 669 1039 domum
685 1006 937 1047 imperatoriam

241 1056 391 1088 adscitus
406 1065 609 1097 magnosque
634 1056 776 1087 honores
793 1055 938 1095 adeptus

219 1140 225 1144 ,
241 1111 346 1146 esset,
383 1106 485 1147 epulo
525 1105 712 1144 celebrato,
746 1105 937 1137 Priscillam

241 1152 389 1188 Caesaris
403 1154 544 1196 genibus
561 1155 755 1187 advolutam
767 1155 798 1186 ei
811 1155 938 1196 gratias

240 1215 303 1247 pro
330 1206 453 1237 marito
482 1205 605 1246 egisse.
651 1205 853 1236 Bernartius
881 1204 939 1236 ob-

241 1260 357 1288 servat
372 1265 511 1297 sponsas
526 1254 672 1296 nuptiali
693 1263 792 1285 coena
813 1254 848 1285 in
863 1263 938 1295 gre-

241 1307 309 1338 mio
324 1307 436 1338 mariti
447 1307 610 1347 jacuisse.
638 1306 709 1337 Par
722 1303 880 1346 σίνγκρισις
895 1305 938 1336 ad

240 1356 327 1387 illud
347 1357 381 1387 iu
396 1356 548 1397 Epithal.
576 1355 715 1387 Stellae:
735 1356 746 1374 ⁴
759 1360 795 1386 et
822 1358 940 1386 nostra

240 1410 380 1447 poterat
395 1405 573 1437 considere
586 1404 738 1437 concha.’
782 1404 940 1436 Pertinet

241 1456 319 1495 hnc,
343 1455 463 1496 inquit,
479 1454 563 1485 illud
579 1454 739 1486 Horatii:
763 1454 773 1471 ⁴
787 1459 825 1485 ut
842 1454 938 1485 trabe

242 1505 369 1545 Cypria
387 1505 558 1545 Myrtoum
574 1504 715 1544 pavidus
727 1508 831 1535 nauta
843 1508 939 1536 secet

241 1553 357 1586 mare!
389 1554 477 1585 Haec
493 1553 660 1596 indicasse
675 1552 812 1586 sufficit.
837 1554 938 1585 Gron.

241 1603 353 1635 Diatr.
376 1613 444 1643 cap.
458 1606 512 1635 47.

286 1656 347 1685 113
376 1653 498 1685 Vertice
509 1652 626 1694 Aonio]
650 1653 821 1686 Parnassi.
849 1654 939 1686 Nam

241 1702 356 1735 Aones
373 1703 488 1744 populi
505 1712 581 1734 eum
597 1707 792 1743 tenuerunt,
804 1707 842 1735 ut
854 1704 939 1735 scri-

241 1752 295 1785 bit
318 1753 434 1785 Strab.
477 1753 557 1784 Non
582 1753 641 1790 sic,
658 1762 724 1784 non
740 1753 801 1793 sic,
817 1753 939 1795 inquit,

241 1803 352 1846 laetari
367 1804 455 1835 solet
479 1802 508 1834 is
527 1803 586 1844 qui
608 1803 767 1844 princeps
782 1802 939 1834 sacerdo-

242 1857 315 1885 tum
331 1852 491 1894 deligitur
505 1853 559 1883 vel
575 1862 595 1883 a
612 1852 739 1884 Phoebo
752 1853 806 1884 vel
818 1862 838 1883 a
852 1853 938 1884 Bac-

242 1903 318 1943 cho,
349 1907 387 1934 ut
409 1901 637 1933 Abascantius
663 1901 797 1942 gavisus
824 1906 878 1934 est
898 1911 939 1934 eo

240 1961 382 1984 munere
398 1952 440 1983 ab
456 1951 669 1992 Imperatore
682 1951 747 1984 sibi
766 1950 938 1992 delegato.

241 2002 366 2034 Domit.

285 2055 347 2084 114
372 2053 472 2088 Quem
482 2054 574 2092 pater
583 2052 690 2083 arcani
700 2049 858 2092 proefecit]
882 2052 936 2083 De

241 2103 371 2135 oraculi
394 2102 555 2143 Delphici
577 2101 744 2143 praefecto
769 2102 956 2143 intellige.-

241 2153 332 2184 Nam
353 2151 364 2169 ‘
377 2161 516 2183 arcanos
540 2151 629 2183 antri
645 2150 780 2190 hiatus,'
800 2151 855 2183 hic
877 2161 936 2192 ap-

241 2202 349 2243 pellat
369 2202 481 2233 locum
509 2201 565 2233 cni
591 2200 796 2242 Pythonissa
820 2201 937 2232 vatici·

241 2261 324 2283 nans
340 2251 522 2291 insidebat,
535 2255 571 2283 et
585 2251 742 2292 spiritum
756 2250 936 2282 fatidicum

241 2302 372 2333 nudato
387 2307 506 2334 ventre
526 2302 713 2343 hauriebat,
728 2302 817 2334 unde
833 2303 937 2334 etiam

245 2351 447 2392 Venti-itaqua
475 2351 571 2384 dicta
598 2351 675 2384 fuit.
717 2351 872 2383 Isidorus
902 2353 937 2384 in

242 2400 397 2433 Glossis:
427 2401 437 2418 ‘
455 2400 684 2443 Ventriloqui‚
709 2404 937 2441 praecantato·

241 2449 322 2481 res.'
356 2449 540 2493 ,Quocirca
554 2455 646 2482 errat
670 2449 823 2482 eruditus
835 2450 937 2491 juve-

241 2499 307 2538 nis,
333 2499 390 2541 qui
414 2509 521 2540 nuper
548 2500 637 2540 apud
658 2500 823 2532 Isidorum
841 2509 938 2531 erasa

241 2549 371 2588 littera,
394 2549 634 2590 ‘Ventiloqui‚’
649 2550 744 2591 quasi
760 2560 779 2581 a
793 2551 802 2566 ‘
817 2549 937 2581 ventis’

241 2598 322 2630 dicti
353 2599 431 2634 siut,
464 2600 670 2631 substituere
703 2604 843 2632 conatus
874 2604 938 2632 est.
963 2619 965 2621 ·

243 2649 330 2689 Nam
354 2649 546 2690 Ventriloquz·
569 2650 698 2681 Graecis
720 2655 799 2682 sunt
820 2650 936 2689 ἐγγασ-

240 2697 412 2740 τριμάντεις
423 2704 458 2731 et
470 2699 716 2741 ἐγγαστρίμυθοι,
726 2700 782 2742 qui
794 2701 938 2741 scilicet,
961 2728 965 2733 ,

243 2754 282 2780 ut
308 2749 391 2790 dixi,
421 2756 540 2782 ventre
567 2755 699 2792 aperto,
731 2751 936 2783 vaticinandi

676 215 817 246 NOTAE
851 205 1114 246 vAmoRuM
1149 214 1199 246 ιΝ

988 308 1056 339 vim
1072 307 1295 348 recipiebant.
1320 307 1501 341 Gener-eius.
1549 321 1554 326 ·

1031 360 1090 389 115
1117 357 1178 389 Cui
1192 357 1248 397 jus
1261 358 1447 400 venerabile]
1471 357 1514 390 Id
1539 361 1604 396 est,
1626 357 1682 391 cui

988 408 1144 440 Bacchus
1171 408 1291 440 tribuit
1311 409 1371 450 jus
1394 414 1429 441 et
1452 409 1682 450 principatum

985 467 1120 489 suorum
1146 458 1381 490 sacerdotum:
1413 468 1491 490 nam
1518 463 1621 490 antea
1646 458 1683 490 in

987 507 1142 538 omnibus
1158 507 1333 539 codicibus
1346 507 1395 539 ita
1410 507 1602 548 legebatur,
1613 506 1682 548 pri-

986 557 1029 588 mi
1040 557 1125 596 cnjus
1135 557 1306 589 venerabile
1316 557 1416 599 thyrsi
1425 566 1436 587 .-
1451 557 1524 594 sed,
1538 561 1577 589 ut
1589 561 1684 598 puto,

986 607 1094 639 cuivis
1119 607 1299 649 legendum
1326 612 1382 639 est
1402 617 1443 639 eo
1465 616 1568 639 sensu
1582 615 1684 648 quem

987 657 1244 698 explicavimus.
1271 656 1394 688 Domit-

1029 709 1093 738 116
1106 707 1263 739 Attonitoe
1269 707 1414 748 catervoe]
1428 705 1541 737 Ebria!
1551 708 1586 737 et
1599 705 1687 737 Boea

988 755 1042 787 chi
1068 756 1204 787 numine
1221 755 1364 788 affiatae:
1386 758 1506 787 mutata
1519 753 1617 796 quies,
1636 753 1686 786 sic

987 809 1090 837 vocat
1100 806 1218 838 virtuti
1235 805 1406 837 addictum
1418 810 1454 837 et
1466 805 1685 846 tranquillum

988 854 1146 891 animum,
1164 855 1231 887 vid.
1251 855 1371 887 Barth.
1386 854 1532 887 Advers.
1551 855 1574 886 l.
1589 857 1644 887 9⁶.

1030 906 1089 935 121
1107 905 1182 946 Ipsa
1194 906 1287 946 dapes
1299 905 1446 943 modicas,
1458 904 1529 946 Sym]
1545 905 1602 937 De
1611 904 1685 936 Do-

986 954 1059 986 mit.
1086 954 1321 997 Ὀλιγοδειπνίᾳ,
1340 954 1511 997 ξηροφαγίᾳ
1535 954 1570 986 ἐν
1592 965 1687 994 μετα-

987 1004 1128 1045 salvans,
1150 1006 1223 1037 sine
1252 1010 1328 1037 arte
1354 1015 1464 1045 coena,
1488 1009 1525 1036 et
1551 1004 1686 1037 modica

988 1055 1023 1086 in
1036 1056 1185 1096 ampulla
1195 1055 1404 1096 potiuncula,
1416 1053 1596 1087 Suetonius
1607 1063 1685 1096 cap.

987 1108 1041 1139 22.
1064 1107 1206 1138 Flaccus
1229 1106 1271 1138 ad
1288 1106 1361 1137 Pis.
1375 1105 1418 1137 de
1433 1105 1537 1138 Chori
1548 1104 1684 1138 officio:

989 1159 998 1173 ‘
1015 1156 1079 1187 Ille
1107 1155 1218 1196 dapes·
1243 1155 1361 1187 laudet
1390 1164 1515 1187 mensae
1546 1153 1685 1187 brevis?

989 1205 1112 1237 Claud.
1134 1207 1143 1223 ‘
1157 1205 1310 1237 Inventis
1322 1211 1420 1237 utere
1430 1203 1536 1236 cibis.'
1551 1205 1594 1237 B.
1606 1203 1686 1236 Arn-

988 1255 1076 1287 bros.
1096 1254 1205 1287 Serm.
1221 1255 1254 1286 in
1269 1256 1346 1286 Fer.
1366 1264 1408 1287 ιι.
1434 1258 1512 1296 post
1535 1255 1637 1286 Dom.
1652 1257 1686 1287 2.

990 1305 1120 1339 Quadr.
1144 1306 1154 1323 ‘
1167 1306 1284 1336 Fames
1294 1304 1401 1337 amica
1411 1304 1614 1345 virginitatis
1622 1308 1687 1345 est,

989 1355 1127 1386 inimica
1156 1354 1324 1386 lasciviae:
1357 1353 1517 1385 saturitas
1549 1353 1688 1385 castita·

990 1409 1059 1437 tem
1077 1405 1238 1446 prodigit,
1253 1404 1361 1435 nutrit
1379 1402 1580 1436 illecebras:
1616 1403 1687 1434 Ex-

989 1456 1119 1496 emplum
1142 1453 1253 1493 herr'le]
1285 1453 1455 1494 Principis
1482 1451 1687 1494 παράδειγμα,

988 1505 1107 1545 quanti
1132 1504 1177 1534 sit
1194 1503 1350 1545 ponderis
1365 1503 1407 1534 ad
1423 1512 1600 1534 censuram
1616 1512 1687 1535 mo-

990 1564 1076 1593 rum,
1092 1553 1183 1595 apud
1199 1552 1359 1593 εὒζήλους,
1380 1562 1447 1584 non
1461 1551 1687 1584 Ammonos»

989 1614 1046 1635 κας
1056 1601 1260 1643 κακοζήλους,
1274 1602 1444 1634 Diodorus
1455 1602 1522 1634 Sic.
1539 1602 1599 1634 lib.
1607 1610 1685 1634 xlv.

990 1652 1056 1684 rite
1080 1652 1243 1684 declarat.
1289 1652 1334 1683 Et
1354 1651 1510 1683 Tiberius
1535 1651 1629 1687 Nero
1649 1651 1686 1682 in

991 1701 1100 1733 literis
1136 1701 1178 1732 ad
1209 1701 1371 1733 Senatum
1402 1700 1446 1732 de
1476 1699 1686 1732 coercitione

990 1750 1202 1791 profusarum
1226 1751 1442 1791 cupedinum,
1466 1750 1556 1791 apud
1586 1750 1686 1783 Taci-

991 1805 1062 1832 tum
1090 1799 1182 1832 Ann.
1211 1809 1268 1832 ιιι.
1298 1806 1333 1832 et
1365 1801 1541 1833 claudian.
1566 1801 1610 1833 de
1635 1810 1686 1835 ιν.

990 1852 1092 1885 Cons.
1107 1852 1199 1884 Hon.
1236 1852 1363 1892 Her-ile]
1384 1850 1539 1893 Ἀρχυεὸν,
1561 1853 1685 1888 βασιλι-

989 1901 1056 1941 κὸν,
1084 1900 1275 1933 δεσποτικόν.
1316 1901 1459 1933 Aristot.
1490 1901 1630 1934 Politic.
1657 1908 1685 1934 1.

989 1952 1109 1993 Herus,
1135 1953 1231 1994 quasi
1257 1951 1328 1993 ἔρως
1341 1951 1361 1989 ἦ
1376 1950 1453 1994 ἔρος,
1475 1952 1518 1983 de
1535 1961 1602 1992 quo
1617 1951 1687 1984 dici

987 2007 1124 2043 potest:
1147 2001 1199 2034 ets
1209 2002 1347 2044 κοίρανος
1361 2001 1455 2044 ἔστω,
1471 2000 1514 2034 εἵς
1524 2001 1685 2038 βασιλεύς.

985 2052 1113 2085 Morell.
1588 2074 1590 2076 v

1031 2105 1092 2134 127
1121 2103 1188 2134 Per
1208 2103 1333 2142 Arctos,
1362 2101 1432 2144 ξω]
1460 2102 1518 2134 De
1545 2100 1686 2143 expedi-

987 2152 1079 2184 tione
1113 2162 1212 2193 qnam
1249 2151 1465 2184 Domitianus
1493 2153 1686 2183 necessario

986 2202 1138 2242 suscepit
1148 2201 1181 2232 in
1196 2201 1382 2242 Sarmatas,
1397 2201 1530 2242 legione
1544 2210 1622 2232 cnm
1636 2201 1687 2233 le-

988 2257 1070 2292 gato
1098 2252 1197 2283 simul
1220 2262 1322 2291 caesa,
1354 2256 1462 2293 utque
1486 2251 1529 2282 de
1550 2250 1592 2282 iis
1613 2251 1686 2282 lau·

990 2310 1081 2332 ream
1096 2301 1197 2332 modo
1214 2301 1404 2342 Capitolino
1416 2301 1495 2334 Jovi
1517 2300 1686 2341 retulerit,

988 2351 1129 2383 Sueton.
1144 2360 1228 2391 ›cap.
1243 2353 1276 2382 6.
1320 2351 1374 2382 De
1398 2350 1517 2382 iisdem
1542 2350 1684 2391 Dionys.

988 2399 1084 2432 Afer.
1098 2410 1146 2432 vs.
1159 2403 1235 2432 653.
1247 2399 1354 2432 Ἐθνέα
1362 2399 1588 2442 Σαυροματάων
1594 2401 1685 2433 Ἐσθ-

986 2449 1046 2482 λὸν
1059 2449 1199 2481 Εὒαλύου
1208 2448 1422 2491 γένος’ᾼρεος.
1446 2450 1546 2482 Idem.

1032 2503 1094 2532 130
1117 2500 1155 2531 Si
1169 2503 1273 2531 castra
1288 2498 1415 2538 darent]
1430 2500 1465 2530 Si
1483 2500 1538 2531 lex
1553 2499 1684 2532 militia

989 2549 1229 2590 permitteret;
1253 2558 1329 2580 nam
1358 2558 1426 2579 non
1456 2548 1584 2580 licebat
1613 2557 1685 2581 mu-

988 2599 1064 2631 lieri
1087 2604 1199 2630 castra
1213 2598 1358 2639 ingredi.
1402 2597 1487 2629 Inde
1503 2597 1560 2629 illa
1573 2597 1686 2639 indig-

988 2651 1080 2682 natio
1094 2650 1282 2690 virgiliana
1294 2660 1301 2679 :
1314 2649 1547 2690 ‘sequiturque
1556 2647 1685 2691 (nefas)

988 2700 1150 2742 AEgyptia
1165 2699 1334 2742 conjunxss
1370 2699 1467 2731 Idem
1483 2699 1687 2731 innuit-Pro-

988 2751 1142 2793 pertius:
1165 2755 1202 2783 et
1225 2750 1322 2783 Titus
1344 2749 1475 2782 Mutius
1506 2749 1684 2783 damnatus
