1878 3164
458 233 500 267 P.
534 228 725 265 PAP1N11
758 227 924 263 s'rA‘rll
956 227 1102 263 THEB.
1135 226 1232 262 LIB.
1257 229 1310 261 11.

150 324 268 365 fletur.
311 328 506 371 meumque
522 327 674 360 nonnulli
695 330 855 367 arguten-

154 385 214 415 1111·
226 389 271 414 ex
284 389 326 414 eo
342 376 431 422 quod
453 372 546 410 dicat
566 376 639 417 μίαν
657 374 856 417 ὁπλοτεράων

153 433 339 466 discrimen
354 429 538 462 eum‘iuter
557 426 702 461 Gratias
727 426 856 463 facere.

153 486 191 517 et
201 481 364 527 quasdam
370 479 540 524 juniores,
564 477 728 520 quasdam
743 481 857 509 vetus-

150 534 258 566 tiores
293 539 494 574 agnoscere.
539 529 608 562 Adi
645 523 855 561 Pausaniam

149 582 326 616 Boeot‘icin.
348 576 507 614 Bernarc
558 577 562 579 ’

191 635 257 667 289
289 633 402 665 Prima
413 631 500 674 fides
525 630 627 673 operi]
657 629 855 662 Periculum

149 678 252 726 hujus
265 681 400 716 monilis
419 681 522 714 fldem
546 680 633 713 fecit
656 680 856 721 Hermione,

146 739 227 776 qum
251 733 408 776 proxime
431 735 578 774 experta
600 735 662 763 est.
706 730 795 762 Nam
818 730 852 762 in

145 789 275 824 unguet
289 791 388 816 versa
401 787 455 814 est
469 791 546 814 eum
561 781 698 822 marito,
709 781 754 813 ob
764 781 852 813 hanc

147 829 298 876 eausam,
311 833 403 878 quod
418 833 590 876 Agenoris
617 836 654 865 et
679 831 850 873 Agriopes

145 883 238 918 filius
265 879 452 917 draconem
476 882 614 922 Martis,
635 882 693 924 qui
719 881 850 914 sontem

144 928 376 972 custodiebat,
397 933 538 967 oceidit.
584 933 670 966 Ideo
685 933 760 965 vult
785 933 850 965 hoe

142 982 342 1026 contigisse,
354 983 437 1027 quia
450 983 663 1026 nuptialibus
678 982 777 1015 donis
785 983 850 1015 hoc

143 1034 271 1068 mouile
286 1034 497 1077 possederat.
517 1033 669 1067 Ludunt.
778 1056 783 1059 -

185 1085 253 1119 292
272 1081 502 1127 Mox'Semle]
516 1084 604 1118 Vult
615 1084 719 1116 etiam
732 1083 848 1116 Seme-

139 1136 201 1170 len
213 1132 422 1170 infelicitate
438 1136 541 1178 hujus
565 1135 699 1168 monilis
713 1135 847 1168 extinc-

143 1190 229 1228 tam,
248 1190 286 1220 et
309 1187 419 1230 magis
439 1191 582 1220 ornatus
607 1186 736 1218 invidia
751 1195 771 1217 a
784 1186 846 1219 Ju-

139 1245 242 1277 uoue,
266 1246 368 1280 quam
392 1236 574 1278 pellicatus
602 1236 788 1277 inductam,
808 1239 847 1268 ut

140 1287 266 1321 a-Jore
278 1281 435 1330 improbe
450 1283 621 1329 posceret,
633 1286 726 1329 quod
749 1286 847 1319 nefas

138 1343 232 1374 esset
246 1345 371 1380 corpus
382 1335 552 1370 sustinere
566 1337 725 1369 mortale.
770 1334 846 1378 Op-

137 1387 224 1420 time
238 1392 352 1420 autem
365 1387 523 1420 Semelen
538 1387 846 1428 improbam‘dixit,

136 1438 231 1481 quod
253 1432 416 1472 voti'fuit
437 1437 634 1479 immodica,
658 1441 697 1470 ut
721 1438 847 1471 Jovem

137 1489 244 1522 vellet
255 1484 373 1522 videre
387 1495 464 1522 cum
474 1488 629 1521 fulmine.
651 1489 749 1521 Idem.

179 1541 246 1572 294
267 1539 425 1582 Deorum]
450 1539 508 1571 Ita
522 1539 601 1571 olim
618 1539 761 1572 editum.
798 1538 846 1572 At

138 1591 251 1623 omnis
277 1589 408 1632 scripta
423 1588 617 1622 nostrorum
633 1590 845 1632 aliorumque

138 1639 297 1673 codicum
323 1639 454 1672 lectio:
491 1640 847 1680 decor-una,Po³sedisse

133 1690 234 1730 nefus.
278 1690 366 1724 Quae
380 1688 473 1722 citra
489 1690 759 1722 controversiam
773 1700 845 1722 om-

137 1749 215 1773 nem
231 1749 314 1774 vera
328 1744 396 1782 est,
413 1745 545 1773 asserta
554 1740 629 1782 jam
645 1740 725 1772 olim
739 1740 844 1773 etiam

135 1789 321 1824 Francisco
354 1789 475 1823 Modio
514 1790 707 1832 Novautiq.
742 1791 844 1823 Leet.

134 1840 251 1886 Epist,
263 1851 327 1876 ur.
371 1843 576 1884 Quanquam
594 1851 748 1874 asserere
768 1851 842 1883 spe-

136 1893 224 1926 ciem
249 1893 392 1926 alterius
418 1893 528 1935 possis
553 1892 607 1924 vel
634 1901 678 1924 ex
705 1901 742 1924 re
758 1893 844 1934 ipsa,

138 1943 191 1976 vel
204 1953 249 1977 ex
261 1943 340 1986 ips'o
352 1942 456 1984 Vate,
467 1943 526 1985 qui
543 1942 676 1984 pariter
691 1943 842 1986 loquitur

135 1993 268 2028 libau.
283 2004 334 2027 vs.
345 1996 421 2027 641.
443 1993 561 2027 Barth.

178 2044 251 2078 209*
274 2045 362 2078 Amr
382 2049 456 2077 unte
478 2044 598 2086 omues]
630 2044 721 2078 Quia
750 2045 841 2086 apud

135 2095 291 2139 antiquos
306 2100 387 2128 aute
402 2104 479 2128 aras
500 2096 674 2127 numinum
690 2095 843 2128 celebra-

135 2146 222 2180 bant
241 2146 322 2189 jura
345 2146 564 2188 nuptiarum3
592 2151 630 2178 et
655 2151 708 2178 est
735 2146 841 2181 ordo:

136 2196 235 2237 Ante
250 2205 327 2230 aras
339 2201 375 2229 et
389 2196 509 2239 epulas
525 2196 736 2238 nuptiarum.
759 2196 842 2228 Luc-

131 2252 215 2282 ἰαί.

176 2301 242 2332 ⁸⁰2
263 2298 422 2341 Augurii-³
434 2297 536 2339 aditui
548 2298 744 2340 propinquis]
758 2299 841 2330 Pro-

131 2348 273 2392 Μυῖα,
288 2351 362 2383 sive
387 2350 468 2393 quia
490 2350 628 2390 auguris
652 2359 737 2381 uxor
758 2353 840 2382 est:

134 2401 191 2434 vel
209 2400 261 2434 his
276 2401 443 2444 prodigiis
459 2411 536 2443 quae
548 2401 650 2443 paulo
664 2406 745 2432 ante
767 2401 839 2442 ely·

133 2451 191 2494 pei
202 2461 284 2484 cusu
294 2453 541 2494 contigerant:
566 2451 648 2483 nihil
665 2451 840 2493 proderat,

78 2502 83 2507 “
133 2502 260 2545 inquit,
274 2502 365 2545 qnod
381 2511 543 2544 augurem
562 2501 714 2534 habebat
737 2502 839 2534 mari-

132 2557 229 2593 timu
249 2560 327 2586 natu
342 2552 493 2585 infausta
506 2553 616 2594 cupit.
643 2552 838 2584 Secundum

131 2602 217 2635 illud
231 2602 393 2645 Virgiliiz
415 2607 425 2621 ⁴
440 2602 509 2635 Sed
528 2611 596 2634 nou
613 2602 763 2644 auguriIs
781 2611 840 2645 po-

133 2652 202 2685 tuit
215 2652 392 2696 depellere
408 2651 563 2695 pestem!
586 2652 686 2685 Idem·

176 2706 242 2737 ⁸⁰4
264 2704 426 2747 Decepta]
462 2704 620 2746 Prodita,
646 2713 749 2747 quum
780 2704 840 2737 ille

133 2754 272 2788 {ateret-
317 2756 427 2790 Quam
455 2764 527 2787 rem
546 2755 596 2787 sic
622 2759 761 2788 enarrat
778 2755 839 2787 Hi-

139 2804 250 2848 ginu·‚
269 2814 346 2849 cap.
371 2809 426 2840 ⁷3.
461 2806 471 2825 ‘
485 2805 714 2848 Amphiaraus
730 2805 841 2841 OEclei

1498 216 1612 265 1805

907 331 943 358 et
953 324 1251 368 Hypermnestrae‚
1261 324 1340 358 filiae
1352 324 1495 366 Thestii,
1509 326 1613 369 filius,

907 376 1040 419 Augur,
1064 376 1119 420 qui
1143 377 1250 410 sciret
1274 377 1301 410 si
1331 377 1374 410 ad
1394 377 1528 410 Thebas
1551 388 1612 420 op-

906 432 1097 470 pugnatum
1111 428 1205 470 isset,
1223 438 1260 460 se
1283 427 1365 461 inde
1388 438 1456 461 non
1482 428 1614 461 reditu-

906 486 992 511 rum.
1037 478 1160 520 Itaque
1176 479 1305 511 'celavit
1320 489 1369 520 se,
1384 479 1522 511 conscia
1534 479 1612 511 Eri-

907 528 1023 570 phyle,
1035 528 1178 570 conjuge
1191 538 1264 566 sua,
1273 529 1367 560 Talai
1378 528 1470 561 filim
1483 529 1612 561 Adras-

907 583 961 611 tus
978 584 1092 612 autem
1119 584 1157 612 ut
1181 589 1255 612 eam
1279 575 1516 622 inuestigaret,
1537 589 1610 613 mo-

904 629 973 661 nile
989 639 1131 662 aureum
1146 639 1190 662 ex
1205 631 1348 672 gemmis
1363 630 1462 671 fecit,
1478 636 1515 663 et
1538 639 1612 663 mu-

904 681 977 713 neri
994 681 1090 714 dedit
1104 681 1212 714 sorori
1228 691 1298 714 suoe
1317 680 1505 723 Eriphylae,
1518 688 1610 724 quae,

903 732 983 764 doni
1024 733 1164 775 cupida,
1208 733 1388 775 conjugem
1433 733 1611 775 prodidit:

900 782 1021 815 Barth.
1457 791 1460 795 ’

943 835 1006 865 805
1029 834 1175 866 [κωπίω
1184 833 1251 866 nati
1260 832 1414 875 meruere]
1437 833 1610 867 Alcmaeo-

899 892 977 915 nem
1002 883 1101 922 dicit,
1126 884 1184 926 qui
1210 888 1288 925 post
1315 888 1462 916 mortem
1487 884 1608 917 matris

900 942 1084 967 conversus
1100 939 1153 966 est
1168 933 1202 966 in
1218 933 1381 974 furorem,
1395 938 1498 976 patre
1512 944 1609 967 man·

899 984 1016 1016 dante.
1059 984 1110 1016 Ut
1131 984 1259 1017 Juven.
1288 986 1298 1003 ‘
1314 985 1372 1016 Nil
1400 985 1496 1026 pueri
1521 985 1610 1018 faci·

899 1038 974 1076 unt,
997 1034 1107 1076 ipsam
1131 1033 1295 1077 configite
1324 1035 1495 1069 matrem.’
1525 1036 1609 1070 Lac-

898 1089 980 1118 tant.

941 1138 1004 1168 307
1017 1136 1203 1169 Hismem’us
1216 1136 1320 1178 heros]
1337 1137 1536 1179 Polynices,
1549 1137 1607 1180 qui

898 1195 919 1217 a
947 1184 1053 1218 fluvio
1089 1187 1252 1219 Thebano
1289 1196 1414 1219 nomen
1456 1186 1609 1230 accepit,

898 1245 1000 1277 quern
1024 1236 1129 1278 poeta
1151 1236 1291 1270 fluvium
1317 1237 1523 1280 frequenter
1546 1249 1609 1281 ap-

897 1288 1016 1328 pellat.
1038 1289 1187 1323 Luctant.

939 1341 1005 1370 308
1025 1340 1103 1371 Jam
1126 1339 1199 1381 sua]
1224 1340 1413 1381 Eleganter
1436 1350 1506 1381 sua,
1528 1341 1607 1383 quia

895 1392 933 1420 et
948 1389 1040 1429 apud
1056 1388 1167 1429 Argos
1183 1399 1226 1422 ex
1242 1390 1488 1432 conjunctione
1512 1391 1609 1433 regia

894 1439 1099 1480 imperabat.
1115 1441 1214 1472 Idem.

939 1492 1001 1521 311
1033 1490 1180 1523 Descisse
1203 1491 1304 1533 Deos]
1329 1491 1433 1525 Quasi
1458 1491 1518 1523 Dii
1534 1501 1605 1524 non

894 1539 1108 1581 innocentes,
1122 1541 1183 1574 sed
1201 1546 1361 1583 potentes
1378 1546 1414 1574 et
1429 1541 1604 1575 feliciores

895 1595 1108 1631 sequantur:
1130 1592 1181 1624 sic
1208 1602 1228 1624 a
1253 1601 1290 1624 se
1307 1592 1350 1624 ad
1366 1591 1510 1625 fratrem
1527 1602 1604 1626 esse

895 1641 1092 1674 traductos.
1135 1642 1300 1674 nescisse
1324 1652 1408 1684 ergo
1433 1642 1532 1684 quasi
1558 1643 1603 1675 ab

895 1690 1066 1732 amicitiis,
1092 1694 1131 1723 ut
1160 1691 1282 1723 civitas
1308 1702 1385 1734 quae
1413 1692 1456 1723 ad
1486 1692 1603 1724 hostes

893 1740 1058 1772 discurrit
1073 1742 1082 1759 ‘
1095 1741 1228 1773 descire
1240 1740 1249 1754 '
1265 1741 1405 1773 dicitur.
1416 1742 1464 1773 Ut
1477 1742 1605 1775 Lucan.

894 1790 1023 1822 ‘Lassa
1055 1791 1237 1833 triumphis
1271 1791 1431 1824 Descivit
1459 1791 1602 1824 fortuna

893 1841 982 1874 tuis!
1004 1843 1105 1876 Idem.

935 1896 998 1925 312
1031 1894 1159 1925 Nudum
1174 1894 1270 1936 latus]
1281 1893 1336 1926 Ab
1352 1893 1470 1926 amicis
1486 1894 1603 1926 desera

893 1949 963 1976 tum
979 1954 1120 1986 :regum
1138 1945 1227 1976 enim
1243 1954 1381 1987 semper
1405 1946 1516 1977 latera
1539 1946 1602 1978 sti·

893 2000 1052 2036 palorum
1062 1996 1318 2038 satellitumque
1332 2006 1458 2028 corona
1466 1996 1604 2028 claude·

891 2044 962 2077 bat.
986 2045 1085 2078 Idem.

934 2098 997 2127 315
1020 2096 1192 2138 Lacr-ymas
1211 2096 1396 2137 incluserat]
1421 2098 1533 2131 Quem
1558 2106 1601 2128 ex

891 2146 1040 2178 Marone
1056 2147 1110 2179 hic
1125 2157 1259 2179 versum
1275 2148 1364 2179 citat
1380 2148 1551 2187 Lutatius,
1566 2147 1600 2179 iu

891 2205 932 2227 eo
948 2205 1013 2228 nou
1027 2202 1165 2230 exstat:
1187 2202 1196 2216 ⁸
1208 2197 1423 2238 Inclusitque
1438 2197 1538 2229 dolor
1550 2197 1602 2228 la·
1649 2222 1651 2224 ,

890 2247 1050 2287 crymaS.'
1095 2248 1173 2279 Nec
1200 2256 1301 2289 quem
1331 2247 1524 2288 proximum
1550 2247 1599 2279 illi

890 2303 1067 2330 auctorem
1093 2297 1203 2329 citare
1228 2298 1329 2338 solet,
1358 2294 1534 2329 Lucanum
1565 2298 1600 2329 ei

889 2353 1064 2379 auctorem
1081 2347 1242 2379 arbitror.
1270 2347 1525 2389 Iueprissimum
1543 2357 1605 2381 au-

889 2402 958 2430 tem
977 2397 1020 2430 de
1037 2397 1213 2439 Antigona
1235 2397 1380 2438 Virgine
1407 2397 1606 2439 intelligere

887 2451 976 2491 haec,
1015 2449 1107 2492 quod
1141 2449 1321 2483 nonnullos
1359 2448 1449 2480 velle
1487 2448 1602 2489 arguit

888 2500 1157 2543 glossographus
1173 2504 1292 2530 noster
1317 2508 1394 2530 cum
1419 2498 1494 2530 ait:
1521 2499 1532 2516 ‘
1551 2497 1605 2530 vel

887 2553 941 2586 ille
956 2553 1012 2585 vel
1029 2551 1108 2584 illa!
1153 2552 1246 2584 Iram
1263 2555 1418 2583 mutuam
1442 2549 1603 2590 fratrum,

887 2608 1023 2635 mutuas
1052 2603 1127 2644 ejus
1157 2602 1434 2643 suppressiones,
1466 2606 1604 2632 mutuas

889 2652 1030 2685 insidias
1047 2652 1213 2693 dolosque
1241 2655 1353 2683 totum
1381 2651 1446 2682 hoc
1475 2649 1605 2683 Poe'ma

887 2703 1052 2745 loquitur.
1098 2702 1108 2720 ‘
1121 2702 1213 2734 Iram
1229 2710 1410 2743 superasse
1426 2700 1578 2732 dolorem
1589 2699 1599 2714 '

890 2754 975 2786 dicit
1002 2755 1037 2786 in
1062 2752 1244 2794 Polynice,
1263 2761 1307 2784 ue
1331 2751 1422 2783 illam
1440 2751 1473 2782 in
1490 2750 1600 2793 lacry-

890 2814 977 2847 mas,
995 2809 1034 2837 ut
1049 2803 1196 2838 Ovidius
1213 2803 1527 2846 loquitur,egerere
1545 2812 1606 2834 va·
