1878 3164
285 237 398 280 1940

740 249 882 281 NoTAE
915 249 1179 281 VARlORUM
1215 250 1265 280 ΙΝ

284 340 367 373 uus’
380 341 469 373 enim
486 341 530 373 ab
539 341 708 374 alimentis
721 341 858 374 dicitur.
881 341 981 374 Idem.
1028 341 1152 382 jejunii
1168 341 1322 374 cruciatu
1338 346 1490 374 vexatus.
1521 332 1620 375 lamia.
1689 352 1706 377 k

324 393 388 422 224
414 391 560 432 Poean'es]
583 391 652 423 Pro
672 391 827 422 laudibus
846 391 980 431 posuit':

282 451 360 474 nam
383 451 507 482 paeanes
529 451 646 473 versus
668 446 746 473 sunt
771 442 807 472 in
831 439 981 473 Homer'o

281 491 436 532 Apollini
447 492 544 529 dicti,
558 492 700 533 propter
713 492 898 523 extinctum
912 492 980 533 Py-

283 541 432 573 thonem.
445 541 552 572 omnis
570 542 643 573 laus
660 542 781 574 Graece
789 552 881 582 poean
898 542 982 574 dici-

282 595 352 630 tur,
367 591 409 623 ab
433 591 678 623 admiratione:
704 592 839 623 ἐπαινεῖν
853 592 981 624 etenim

283 642 410 673 laudare
439 642 562 673 Graece
582 642 717 673 dicitur.
752 641 874 682 Virgil.
898 641 981 673 ‘laz-

283 698 424 732 tumqne
439 692 542 723 choro
558 683 676 731 paea'na
690 689 876 722 canentes!
910 691 959 722 Id.

323 744 386 772 225
412 742 657 782 Coronatumque
683 742 816 783 merum]
853 742 980 774 Secun-

281 790 360 821 dum
376 790 564 822 Homerum
587 790 688 831 dixit,
710 791 767 832 qui
791 790 850 826 ait,
870 796 980 823 crate-

280 851 335 873 ras
360 842 395 873 in
423 842 545 883 quibus
581 843 693 874 viuum
724 848 777 875 est
807 848 996 879 coronant„

280 892 400 932 Virgil.
426 893 436 910 ‘
454 897 604 924 crateras
632 893 731 934 longe
754 896 921 933 statuunt,
943 897 980 925 et

280 940 358 973 vina
373 941 562 973 coronant.'
586 942 685 974 Idem.

321 994 386 1023 232
409 992 528 1023 Martis
542 992 650 1032 agros]
668 992 819 1032 Propter
834 1001 891 1026 eos
907 991 979 1023 dix-

277 1042 319 1083 it,
335 1042 394 1084 qui
407 1043 489 1074 satis
500 1041 659 1074 draconis
672 1041 831 1073 dentibus
843 1040 979 1073 fueraut

276 1094 361 1124 nati.
383 1092 532 1124 Lactant.

320 1145 383 1174 233
406 1144 459 1174 Aa
474 1143 596 1184 chelyn]
620 1143 662 1175 Id
679 1146 745 1182 est,
758 1142 799 1173 ad
816 1141 978 1183 Amphio-

275 1193 327 1225 nis
341 1193 516 1234 cissnaram,
528 1194 624 1234 cujus
636 1193 849 1224 dulcedinem
859 1197 978 1224 secuta

275 1252 359 1274 saxa
375 1247 559 1275 extruxere
574 1253 683 1275 muros
699 1242 892 1274 Thebanos.
924 1242 975 1275 Id.

317 1295 380 1324 237
406 1293 592 1334 Hydaspen]
626 1292 770 1334 Optima
796 1292 886 1324 enim
911 1291 975 1323 ibi-

274 1343 352 1375 dem
369 1348 447 1375 sunt
463 1344 612 1384 lapidum
629 1353 766 1384 genera.
791 1343 890 1374 Idem.

316 1395 379 1424 241
410 1393 539 1434 Semper
568 1394 602 1425 in
629 1393 801 1434 aspectum]
835 1393 973 1424 Veteris

271 1442 481 1474 membrauae
497 1444 569 1474 haec
583 1443 753 1483 scriptura
768 1446 834 1481 est,
850 1447 886 1473 et
900 1442 973 1474 sine

273 1491 376 1522 dubio
394 1492 542 1532 Papinii.
587 1492 709 1523 Mens:
736 1491 899 1531 OEdipum
915 1491 972 1532 qni

271 1541 435 1573 hactenus
451 1542 614 1580 latuerat,
630 1546 668 1572 et
690 1551 709 1571 a
733 1541 865 1572 nemine
883 1540 971 1572 visus

270 1590 395 1631 fuerat,
411 1591 445 1622 in
465 1591 638 1632 publicum
656 1590 832 1631 prodiisse.
869 1591 971 1631 Vulg.

270 1651 391 1682 semper
406 1642 437 1673 in
452 1645 620 1682 aspectum.
647 1641 750 1672 Bern.

314 1694 378 1723 246
403 1693 490 1728 Quin
515 1690 668 1731 hausisse]
701 1690 814 1722 Etiam
837 1690 900 1721 hoc
921 1688 971 1721 se-

270 1741 339 1773 cit:
364 1741 594 1773 confirmantis
616 1747 680 1772 est.
723 1739 972 1779 Insiccatumque

268 1792 421 1833 cruorem]
452 1791 679 1822 Inhaerentem
704 1790 872 1821 caecitatis
901 1799 970 1821 suae

268 1849 422 1872 cruorem
438 1841 532 1881 genis
549 1840 684 1872 eluisse.
714 1840 863 1871 Lactant.

310 1894 376 1922 250
401 1891 504 1922 Causa
518 1890 612 1931 latet]
647 1891 748 1922 Latet
765 1899 867 1920 causa
883 1889 969 1920 laeti-

267 1941 339 1982 tiae,
367 1941 450 1982 qnia
476 1941 549 1972 vult
580 1940 691 1972 Poeta
717 1939 856 1971 crudele
892 1949 969 1971 esse

266 1991 356 2032 quod
371 1991 518 2031 gaudet:
543 2000 647 2032 quare
664 1990 709 2021 sit
720 1999 803 2030 ergo
819 1999 966 2020 comnin-

266 2045 359 2071 tatus
372 2039 415 2071 ad
431 2040 590 2081 gaudium
605 2039 749 2080 OEdipus
765 2039 967 2080 ignorabant

265 2090 431 2122 Thebani.
477 2091 561 2121 Erat
583 2096 696 2120 autem
719 2089 768 2120 illi
790 2099 892 2120 causa
907 2090 966 2120 lae-

266 2139 366 2178 titiae,
380 2139 470 2181 quod
483 2140 621 2171 dimicat
634 2139 814 2171 adversum
825 2149 861 2170 se
873 2139 965 2171 ferro

264 2190 485 2230 germanitas.
510 2190 608 2222 Idem.

306 2242 369 2271 253
407 2239 533 2280 Semina
561 2240 648 2280 voto]
694 2239 736 2271 Id
764 2243 829 2276 est,
855 2239 964 2270 tacito

264 2295 355 2330 voto,
367 2290 502 2321 auribus
518 2295 699 2330 menteque
714 2289 876 2329 captabat
892 2290 964 2320 hos-

262 2341 346 2372 tium
385 2345 495 2371 motus
525 2349 568 2371 ex
601 2340 725 2371 laetitia
754 2339 963 2380 provenisse.

262 2390 361 2422 Idem.

303 2443 367 2472 254
391 2441 470 2473 Inde
483 2442 595 2482 epuloe]
620 2441 696 2472 Hae
719 2439 836 2481 utique
860 2449 962 2471 causa

261 2495 457 2531 perspecta.
485 2491 585 2522 Idem.

302 2544 365 2572 255
388 2541 518 2580 Jejunia
544 2540 659 2581 poenae]
708 2539 869 2580 Pbyneus
898 2549 959 2571 rex

259 2590 421 2622 Arcadiae
448 2591 561 2621 liberis
585 2590 652 2622 suis
675 2590 878 2631 superduxit
899 2599 958 2620 no-

259 2649 409 2677 vercam,
432 2641 530 2680 cujus
547 2640 712 2671 instinctu
729 2649 785 2670 eos
801 2640 958 2676 caecavit,

258 2690 304 2721 ob
327 2699 425 2730 quiam
448 2699 520 2720 rem
537 2690 615 2721 irati
628 2689 685 2719 Dii
701 2689 732 2719 ei
747 2689 864 2720 oculos
880 2689 957 2720 sub-

257 2740 423 2778 tulerunt,
449 2746 485 2770 et
500 2739 729 2770 adhibuerunt
749 2739 922 2780 harpyias,
935 2749 957 2770 a

259 2788 380 2829 quibus
396 2797 438 2819 ne
453 2788 559 2831 dapes
576 2787 764 2828 attingeret
785 2788 886 2828 longo
902 2793 954 2820 est

1074 394 1137 423 257
1161 391 1231 423 Nec
1245 393 1318 424 dum
1339 395 1405 424 tota
1417 391 1519 434 fides]
1534 400 1537 403 ·
1552 391 1735 426 Metuant

1033 441 1122 472 enim
1146 451 1190 473 ex
1211 443 1312 482 longa
1333 442 1578 474 consuetudine
1604 441 1733 475 reditu-

1032 500 1100 524 ras.
1129 491 1198 524 Vet.
1214 492 1319 524 Sahal.
1365 492 1515 525 Pulchre
1543 493 1592 525 de'
1611 485 1734 526 eodem

1033 541 1146 573 Flacc.
1162 542 1220 573 lib.
1233 551 1268 574 v.
1291 544 1302 562 ⁴
1319 543 1397 584 Ipse
1409 544 1500 575 inter
1510 543 1653 584 medios,
1664 543 1732 576 eeu

1032 590 1140 622 dulcis
1156 591 1301 631 imagine
1312 593 1419 624 somni
1428 593 1542 625 Laetns
1557 593 1600 625 ad
1611 593 1731 626 oblita

1032 640 1166 672 Cereris
1184 642 1332 683 suspirat
1345 642 1502 676 honores.
1503 642 1513 657 ’
1554 643 1732 675 Somniat-e

1031 690 1120 721 enim
1134 690 1211 729 sibi,
1225 701 1292 723 non
1308 701 1378 724 rem
1391 697 1522 725 certam
1539 692 1672 736 videre,
1681 702 1730 726 vt·

1030 739 1178 772 debatur
1192 741 1358 774 Phineus.
1378 743 1498 775 Barth.

1072 793 1136 822 259
1163 791 1347 833 Graiorum]
1380 792 1571 834 Descriptis
1597 792 1731 826 Theb*

1030 840 1082 871 nis
1108 840 1221 878 rebus,
1247 842 1337 874 redit
1358 842 1401 874 ad
1416 852 1475 874 eas
1500 843 1535 874 iu
1557 843 1700 885 castris,
1709 853 1731 876 a

1028 889 1118 921 laetis
1135 889 1179 921 ad
1206 890 1320 923 tristes
1335 897 1372 924 et
1387 892 1539 925 miseras.
1554 866 1729 926 subivi-{u-

1029 939 1090 971 dat
1120 940 1330 981 vigilantiam
1356 940 1511 974 Adrasti.
1557 942 1656 975 caris
1675 951 1729 976 ω·-

1027 990 1161 1030 misque]
1191 991 1340 1031 Propter
1366 1001 1515 1033 pugnam
1540 991 1728 1033 praeterito

1029 1041 1098 1072 diei
1130 1047 1167 1073 et
1196 1040 1358 1073 horribile
1396 1046 1616 1083 portentum.
1641 1042 1728 1075 Vct

1027 1091 1132 1124 Schol.
1623 1102 1627 1104 ’

1069 1144 1133 1173 262
1161 1142 1346 1182 Quanquam
1373 1152 1460 1183 oeger
1486 1142 1591 1184 senio]
1638 1143 1651 1163 ὖ
1661 1143 1727 1176 'Se-

1026 1191 1144 1228 nium‚'
1158 1193 1296 1224 morbus
1311 1198 1364 1224 est
1378 1194 1581 1226 senectutis.
1626 1194 1727 1227 Mine-

1025 1243 1124 1273 randa
1135 1243 1286 1284 potestas]
1319 1243 1409 1276 Quia
1436 1243 1544 1285 major
1571 1248 1725 1284 potestas

1025 1293 1172 1332 graviori
1187 1303 1321 1334 semper
1337 1294 1438 1325 laude
1454 1299 1610 1326 vexatur.
1632 1293 1726 1328 Lace.

1066 1344 1130 1374 270
1154 1343 1244 1374 Deus
1257 1344 1311 1384 qui
1325 1344 1456 1384 navigat
1473 1343 1561 1384 alno]
1595 1345 1725 1386 Deum,

1024 1393 1165 1424 tutelam
1191 1394 1298 1433 navis,
1325 1394 1545 1434 intelligimus
1566 1398 1644 1425 cum
1662 1393 1725 1435 g'u-

1023 1441 1207 1474 bernatore
1247 1443 1428 1484 navigare:
1474 1442 1602 1474 habent
1632 1443 1722 1475 enim

1023 1492 1167 1532 scriptos
1196 1493 1251 1523 vel
1290 1492 1400 1533 pictos
1438 1493 1603 1534 praesules
1631 1502 1722 1535 suos,

1022 1550 1163 1581 quorum
1194 1542 1387 1574 nominibus
1416 1547 1662 1603 nuncupantur
1685 1548 1723 1576 et

1021 1600 1135 1623 naves.
1166 1593 1266 1625 Idem.

1062 1644 1126 1673 272
1148 1642 1255 1674 Sentit
1278 1644 1384 1685 equas]
1405 1643 1549 1676 Ροὲῐὶοο
1569 1644 1721 1679 dictum.

1019 1691 1075 1723 hic
1092 1692 1221 1723 Lunam
1246 1702 1308 1733 pro
1330 1698 1431 1724 nocte
1447 1695 1572 1734 posuit.
1616 1694 1720 1727 cete·-
1737 1724 1747 1732 ,.

1020 1750 1092 1772 rum
1109 1751 1175 1773 nou
1192 1747 1244 1773 est
1260 1747 1298 1774 ut
1314 1744 1410 1774 Luna
1419 1743 1508 1775 Solis
1524 1744 1720 1777 inveniatur

1019 1800 1154 1832 semper
1181 1791 1342 1824 adventu.
1376 1793 1476 1824 Idem.
1529 1793 1730 1835 Penus-qne*

1017 1840 1139 1881 cavam]
1155 1841 1211 1872 Sic
1225 1841 1373 1882 optimus
1387 1842 1512 1882 aliique
1525 1842 1601 1873 libri
1614 1843 1718 1874 etium

1018 1891 1134 1921 nostri.
1179 1890 1253 1922 Nec
1269 1891 1473 1922 assentimur
1498 1891 1718 1925 mutantibus.

1021 1939 1140 1970 Oceani
1154 1940 1271 1976 domus,
1282 1945 1319 1971 ut
1327 1940 1445 1972 domus
1458 1941 1548 1981 caeli,
1559 1941 1717 1983 Olympi,

1016 1993 1052 2020 et
1068 1990 1208 2021 aliorum
1221 1991 1388 2030 Deorum,
1403 1991 1438 2022 in
1454 1991 1598 2023 Marone
1612 1997 1717 2023 caten

1016 2039 1130 2080 risque
1153 2040 1283 2072 Poe'tis.
1328 2041 1446 2072 Caeam
1471 2041 1558 2072 dicit
1582 2041 1627 2073 ob
1654 2041 1715 2074 de-

1014 2090 1199 2121 vexitatem
1222 2095 1258 2122 et
1277 2091 1531 2123 convexitatem
1552 2091 1717 2132 spatium·

1015 2149 1081 2180 que
1096 2139 1172 2172 hinc
1188 2140 1266 2172 inde
1277 2141 1486 2181 Sphaericam
1501 2141 1646 2183 figuram
1661 2142 1714 2175 fa-

1014 2190 1118 2221 ciens.
1177 2191 1251 2222 Lux
1275 2194 1399 2231 parata.
1429 2192 1503 2231 jam
1537 2192 1712 2232 processui

1013 2240 1191 2272 imminens
1219 2251 1295 2272 cum
1324 2242 1393 2272 suis
1419 2241 1482 2272 sibi
1505 2241 1612 2282 Equis
1637 2242 1709 2282 Sol,

1013 2300 1112 2330 quem
1129 2300 1204 2321 cnm
1221 2291 1335 2322 venire
1352 2291 1470 2331 sentit,
1483 2292 1597 2340 lumen
1611 2300 1709 2323 suum

1013 2340 1143 2380 colligit
1160 2341 1266 2371 Luna.
1287 2340 1405 2372 Barth.

1053 2392 1117 2421 277
1142 2389 1277 2430 Onbum]
1294 2390 1492 2429 viduatum,
1504 2388 1570 2421 hoc
1585 2393 1640 2422 est
1655 2399 1707 2422 sa·

1011 2439 1164 2470 cerdotio
1180 2449 1311 2471 carens.
1334 2440 1480 2471 Lactant.
1694 2459 1698 2463 -

1052 2491 1115 2520 282
1136 2489 1312 2530 Juxtaque]
1333 2489 1540 2527 Secundum,
1564 2492 1604 2520 ut
1627 2489 1705 2521 vir-

1009 2538 1067 2579 gil.
1083 2541 1092 2555 ‘
1106 2539 1286 2569 Proximus
1301 2539 1391 2576 hnic,
1407 2539 1506 2579 longo
1518 2538 1575 2569 sed
1591 2539 1705 2579 proxi-

1007 2588 1306 2620 mus‘intervallo!
1328 2589 1427 2620 Idem.

1049 2640 1112 2669 283
1138 2637 1309 2675 Confundit
1330 2637 1441 2678 Itonos]
1475 2638 1567 2670 Quia
1593 2638 1702 2672 victus

1006 2692 1059 2718 est
1075 2687 1335 2728 verecundatur,
1350 2688 1382 2718 id
1399 2687 1585 2728 estjudicii
1597 2688 1702 2729 ipsius

1005 2737 1114 2777 gratia
1140 2742 1313 2776 gravatur.
1358 2737 1466 2768 Recte
1490 2733 1586 2777 ergo,
1610 2738 1700 2779 quod

1006 2787 1193 2818 verecunde
1231 2786 1430 2827 excusabat,
1467 2785 1609 2827 diguus>
1625 2791 1702 2819 erat
