1878 3164
506 211 547 244 P.
577 209 769 242 PArlNu
803 209 970 241 S'I'ATIl
1005 210 1280 242 THEB-Lffl.
1306 211 1348 241 V.

186 312 225 341 ct
239 307 314 341 sine
338 306 510 341 acumine.
556 305 687 338 Nostra
711 303 818 336 lectio
846 303 891 335 ri-

188 367 262 392 tum
275 358 418 402 ingerit,
432 357 532 400 cujus
553 356 645 398 apud
668 361 805 388 veteres
819 354 891 388 fre·

186 418 296 452 quens
309 407 452 449 matio,
466 406 630 450 frequens
646 415 744 438 usus:
762 415 804 437 ea
816 415 892 447 gra-

185 458 238 492 tia
261 459 371 492 visum
396 457 477 497 milii
499 457 667 493 hocloco
682 455 892 497 (juventutis

185 507 444 550 sutsnveauss)
465 517 543 550 quie
566 507 714 548 sparsim
738 506 782 538 ad
802 506 892 538 hanc

187 568 261 597 rem
274 559 343 602 legi
357 559 507 592 collecta
521 558 673 599 vulgare.
695 557 809 598 Vitta,
822 555 891 588 fas-

186 610 256 652 ciq
268 606 433 652 antiquis,-
456 617 523 651 qua
547 608 677 640 circum
702 612 810 649 caput
824 607 892 639 cri-

187 668 262 693 nes'
287 658 495 702 religabunt.
554 658 721 700 Capella:
761 658 771 676 ‘
785 658 894 690 Vittae

187 714 271 747 am
292 719 372 753 qun
395 709 551 743 crinibus
571 709 809 749 innectuntur,
823 708 895 751 qui-

188 760 253 794 bus
263 758 413 797 fluentes
425 759 620 801 religantur
634 758 767 800 capilli,
779 764 816 790 et
829 758 893 791 vit—

189 814 236 848 tq
247 810 351 845 dicus
365 803 458 853 qn‘od
474 807 656 842 vinciunt.'
687 808 806 840 Fascia
819 808 897 850 bac,

189 861 262 895 sive
276 860 378 903 vitta,
390 864 560 893 matronae
584 859 751 901 imprimis
766 858 895 891 discre-

189 916 235 945 ιιι
261 920 283 944 a
308 910 509 952 virginibus,
531 914 638 942 castae
663 920 683 941 a
706 909 896 942 meretrici-

189 962 285 1003 bus.-
310 961 458 1000 Plautus
482 961 613 994 milite:
638 961 793 1004 ‘Utique
819 971 896 993 eam

189 1011 247 1046 bic
257 1015 414 1046 ornatam
422 1011 575 1044 adducas
586 1016 815 1045 matronarum
827 1021 897 1043 mo·

190 1064 257 1096 do:
282 1063 406 1106 Capite
438 1067 554 1096 comto
583 1063 696 1096 crines
721 1063 898 1104 vittasque

190 1115 332 1156 babeat,
368 1113 604 1157 assimiletque
630 1123 666 1146 se
698 1118 791 1147 tuam
822 1123 898 1146 esse

190 1160 356 1199 ux'oreml
396 1163 587 1198 Sumebant
607 1163 804 1206 nuptiarum
827 1164 898 1196 die.

191 1215 399 1258 Propertius
419 1216 481 1248 lib.
507 1224 558 1248 lv.
591 1215 601 1233 ‘
617 1215 705 1249 Quae
733 1214 814 1247 mihi
838 1214 896 1246 de-

192 1266 309 1300 ducta:
324 1265 384 1300 fax
398 1276 497 1299 omen
519 1266 686 1308 praetulit,
700 1265 758 1298 illa
777 1265 900 1297 Traxit

193 1317 239 1352 ab
250 1326 372 1351 everso
383 1317 511 1350 lumina
525 1317 623 1358 nigra
634 1326 720 1358 rogo
733 1327 742 1349 ε
762 1317 807 1348 Et
820 1317 900 1357 Sty-

195 1368 253 1411 gio
268 1367 342 1402 su'm
357 1377 478 1410 sparsa
500 1368 590 1408 lacu,
605 1377 669 1400 nec
685 1371 782 1402 recta
794 1367 899 1408 capil-

194 1418 342 1452 lisvttta
349 1417 434 1451 data
442 1422 512 1458 est;
522 1418 624 1460 nupsi
635 1427 700 1450 non
715 1418 899 1450 comitante

193 1468 300 1502 Deo!
355 1469 588 1504 Quodsutem
604 1468 739 1511 pudicae
755 1478 775 1500 a
790 1477 899 1500 mere·

196 1520 344 1555 uicibus
354 1521 599 1554 discriminatae
612 1521 665 1561 vel
681 1530 725 1552 ex
739 1529 807 1551 uno
818 1520 900 1551 Ter-

194 1573 343 1607 tulliano
357 1572 485 1613 disces,
499 1571 543 1604 de
559 1571 662 1604 Cultu
675 1571 765 1604 Mul.
789 1576 798 1589 ‘
808 1570 901 1604 Quid

196 1623 310 1657 miuus
320 1622 452 1655 habeut
465 1621 707 1659 infelicissimae
727 1622 794 1653 illae
816 1621 900 1663 pub-

193 1674 336 1712 licarum
364 1673 544 1706 libidinum
568 1673 731 1713 victimae,
757 1681 842 1714 quas
871 1661 918 1703 si’

194 1734 275 1768 que
298 1725 395 1767 leges
410 1734 430 1757 a
454 1723 619 1763 matronis
644 1727 681 1756 et
706 1722 900 1755 matronali·

196 1773 261 1809 bus
296 1775 546 1809 decoramentis
582 1773 805 1810 coercebant.
828 1774 902 1815 jam

194 1832 295 1861 certe
323 1826 444 1860 seculi
472 1825 678 1868 improbitas
707 1824 903 1857 honestissi-

198 1877 264 1923 mis
278 1877 470 1920 quibusque
491 1875 637 1916 feminis,
656 1885 764 1917 usque
787 1875 830 1906 ad
849 1885 903 1907 er-

197 1938 312 1962 rorem
324 1926 537 1964 dinoscendi,
553 1926 768 1969 coaequavit)
813 1926 906 1959 Quid

197 1980 290 2015 ‘cuim
303 1978 395 2012 aliud
409 1979 420 1997 ‘
431 1977 672 2011 matronalium
683 1977 906 2009 decoramen·

199 2031 261 2070 ta‚'
287 2040 388 2074 qnam
403 2031 515 2069 vittae,
530 2029 631 2069 stola,
645 2028 788 2061 instita?
825 2030 905 2061 Mos

199 2075 255 2116 bic
266 2080 472 2116 exoraecia
498 2081 642 2113 Romam
665 2080 830 2120 migrasse
859 2079 906 2111 vi-

199 2133 317 2166 detur.
361 2132 514 2173 Signatae
537 2130 626 2162 enim
649 2130 740 2171 apud
763 2129 906 2161 Atheni·

196 2193 303 2219 ,enses
318 2182 531 2222 meretrices,
543 2180 676 2223 pariter
690 2184 787 2212 veste
803 2190 823 2212 a
838 2189 906 2212 ma-

200 2233 310 2266 tronis
324 2232 500 2273 disci-em,
517 2236 556 2264 ut
577 2234 701 2264 notant
724 2230 847 2262 Suidas
871 2235 908 2263 et

202 2283 444 2318 Artemidorus
466 2283 527 2315 lib.
551 2292 591 2315 ιι.
615 2291 693 2323 cap.
716 2284 749 2314 3.
795 2281 908 2313 Caete-

201 2345 277 2379 rum
296 2334 435 2367 *firmam
457 2333 545 2366 hanc
569 2331 764 2374 opinionem
790 2331 907 2373 paulu·

203 2387 272 2418 lum
298 2385 456 2418 concutit
478 2383 639 2416 Valerius
665 2383 823 2421 Flaccus,
850 2382 909 2424 qui

203 2437 311 2470 vittas
335 2436 437 2469 etism
464 2435 498 2468 in
522 2433 713 2476 virginibus
738 2433 909 2476 agnoscit,

202 2487 262 2521 lib.
277 2495 362 2520 vm.
383 2487 394 2506 ‘
407 2487 538 2522 Ultima
553 2485 716 2527 virgineis
733 2489 805 2518 tum
824 2484 909 2516 flens

203 2537 303 2575 dedit
317 2537 435 2571 oscula
449 2535 572 2569 vittis!
615 2536 724 2569 Juvat
746 2535 909 2567 Flaccum

206 2588 372 2630 Papinius
401 2592 532 2626 noster,
563 2585 622 2629 qui
654 2584 865 2618 Achilleidos
880 2594 907 2616 1.

203 2637 394 2672 introducit
419 2637 592 2680 Ulyssem,
614 2637 707 2669 inter
731 2636 821 2668 dona
844 2635 910 2667 vir-

207 2689 342 2730 ginibus
363 2689 492 2729 oblata,
507 2687 615 2721 etiam
636 2687 742 2720 vittas
761 2685 909 2719 offeren-

208 2746 302 2774 tem:
337 2740 404 2775 imo
428 2740 563 2781 signate
588 2749 726 2772 ornasse
754 2749 790 2772 se
814 2738 910 2771 vittis

199 2790 354 2833 ‚virgines
369 2789 509 2828 scribit:
530 2789 732 2832 ‘gemmatis
754 2793 814 2823 sut
836 2789 909 2823 ciu-

1536 200 1651 244 1885

942 310 1027 346 gunt
1044 310 1199 347 tempora
1216 303 1332 336 vittis!
1378 303 1432 335 Ne
1448 303 1649 337 turbemur:

942 356 997 388 vel
1014 357 1088 388 solo
1105 355 1233 388 ainictu
1254 353 1359 386 facile
1377 354 1560 385 vitabimus
1575 355 1651 387 haec

943 407 1024 439 tela.
1068 407 1228 448 Virgines
1252 405 1356 438 etiam
1374 405 1499 437 vittam
1522 404 1651 437 habue-

943 462 1035 498 runt,
1048 458 1108 489 sed
1132 457 1338 498 simplicem,
1354 460 1518 487 matronas
1543 455 1655 496 dupli-

943 517 1042 540 cem:
1073 507 1195 539 author
1224 505 1417 538 affirmandi
1446 505 1652 546 Propertius

943 558 1005 591 lib.
1021 567 1071 591 ιν.
1093 559 1104 576 ‘
1121 558 1207 590 Mox
1224 557 1283 588 ubi
1301 556 1374 598 jam
1394 555 1528 588 facibus
1542 557 1653 589 cessit

944 612 1118 651 praetexta
1133 607 1278 646 maritis,
1291 606 1416 638 Vinxit
1437 610 1474 638 et
1488 610 1653 647 acceptas

946 659 1058 691 altera
1083 658 1170 690 vitta
1195 656 1333 690 comas.’
1379 656 1524 689 vittatae
1550 657 1654 697 igitur

946 715 1132 749 matronae3
1154 709 1215 741 sed
1242 718 1305 740 nec
1327 717 1458 747 omnes,
1480 717 1545 740 nec
1559 708 1652 740 solae.

946 762 1027 794 Non
1043 770 1182 799 omues3
1207 759 1287 802 quia
1302 758 1460 800 ingenuis
1476 758 1653 799 proprium

945 813 1009 845 hoc
1021 812 1091 854 jus,
1108 821 1174 844 non
1196 809 1379 843 libertinis.
1425 809 1483 841 Ita
1504 809 1653 841 exaudio

947 863 1140 895 Tibullum:
1178 862 1256 894 ‘Sit
1285 860 1386 892 modo
1423 864 1520 893 casta
1540 860 1654 899 vdoce‚'

948 913 1103 955 quamvis
1128 922 1194 944 non
1222 912 1308 944 vitta
1330 911 1456 952 ligatos
1475 910 1654 952 Impediat

947 963 1074 1003 crines,
1090 972 1156 995 nec
1172 963 1261 995 stola
1276 962 1380 1003 longa
1402 960 1530 1002 pedes!
1573 961 1654 993 Non

948 1015 1054 1054 solae;
1077 1014 1158 1056 quia
1180 1013 1296 1045 vittati
1312 1011 1522 1052 sacerdotes,
1538 1011 1655 1043 vittati

947 1070 1057 1102 vates,
1072 1071 1106 1096 et
1123 1071 1286 1106 tanquam
1299 1068 1396 1095 vates
1409 1062 1544 1095 Poetae.
1567 1062 1657 1094 Nos-

948 1122 1002 1150 ter
1033 1117 1096 1149 hoc
1122 1117 1198 1148 loco
1228 1124 1330 1158 quem
1357 1113 1581 1152 restituimus,
1612 1113 1656 1145 de

948 1169 1108 1211 Lycurgo
1145 1167 1242 1200 Jovis
1280 1164 1474 1198 sacerdote.
1517 1164 1656 1197 Tacitus

948 1219 1073 1251 Annal.
1089 1227 1126 1250 1.-
1139 1216 1328 1248 ‘Sacerdos
1354 1215 1446 1256 apud
1463 1224 1556 1246 aram
1571 1214 1658 1247 Ubi·

949 1279 1045 1301 orum
1057 1271 1192 1300 creatus
1206 1270 1345 1308 ruperat
1358 1264 1485 1297 vittas-¹
1502 1265 1656 1296 Bernure.

991 1322 1056 1351 670
1084 1319 1173 1350 Unus
1186 1327 1279 1349 avum
1291 1315 1438 1356 sanguis]
1472 1314 1504 1346 A
1527 1315 1658 1346 Perseo

950 1369 1053 1407 enim,
1070 1368 1185 1401 Danai
1211 1367 1293 1407 filio,
1316 1375 1435 1398 omnes
1451 1365 1570 1398 Graeci
1592 1366 1658 1397 ori-

951 1421 1065 1464 ginem
1082 1421 1226 1452 ducunt.
1274 1416 1458 1457 Indulgete]
1480 1416 1659 1448 Permitti-

951 1476 987 1504 te
1004 1481 1064 1503 seu
1080 1479 1219 1512 operam
1237 1469 1339 1501 date:
1364 1472 1402 1500 ut
1424 1466 1548 1508 Virgil.
1572 1467 1657 1500 ‘Ju-

953 1526 1012 1554 vat
1028 1522 1209 1562 indulgere
1226 1518 1359 1552 labori.'
1381 1518 1529 1550 Laetum.

994 1576 1057 1605 671
1081 1572 1196 1604 Sedato
1210 1569 1346 1613 pectore]
1371 1569 1538 1601 Patienti.
1561 1568 1660 1609 Mag·

951 1634 996 1656 na
1024 1624 1113 1656 enim
1138 1623 1248 1654 virtus
1278 1626 1331 1653 est
1362 1630 1440 1662 quae
1464 1619 1563 1652 irasci
1590 1628 1659 1651 non

951 1674 1058 1708 novit.
1079 1674 1178 1706 Idem.
1588 1700 1592 1704 .

955 1749 959 1751 -
994 1728 1058 1758 673
1083 1723 1243 1765 Ingratis]
1265 1723 1346 1755 Non
1362 1721 1586 1754 reddentibus
1601 1721 1660 1752 be-

953 1775 1088 1815 neficia,
1103 1780 1163 1806 aut
1179 1773 1333 1815 praestito
1355 1772 1494 1804 minime
1514 1771 1660 1813 gratiam

954 1826 1125 1859 relaturis.
1149 1826 1250 1857 Idem.
1644 1851 1646 1853 .

996 1879 1062 1909 676
1086 1875 1208 1916 Stirpis
1229 1874 1321 1916 avus]
1352 1873 1549 1916 Hypsipyle
1575 1872 1662 1905 dicit

954 1928 1115 1961 Liberum
1144 1932 1278 1968 patrem
1303 1931 1448 1967 propter
1469 1924 1661 1956 Thoantem

955 1989 1057 2011 avum
1073 1977 1193 2010 fuisse.
1218 1977 1319 2009 Idem.

998 2031 1061 2061 677
1087 2028 1176 2060 [nter
1206 2027 1319 2068 rapida
1349 2025 1495 2066 agmina]
1530 2025 1662 2057 Vocem

955 2078 1091 2121 reposui
1107 2088 1150 2111 ex
1166 2077 1234 2109 fide
1249 2078 1457 2117 scriptorum
1472 2075 1638 2108 librorum
1651 2086 1660 2107 :

956 2130 1084 2171 vulgati
1101 2140 1110 2161 2
1130 2130 1216 2161 inter
1229 2129 1354 2169 trepida
1365 2128 1494 2167 ugmim
1506 2138 1518 2165 ;
1534 2127 1666 2167 inepte.

957 2181 1027 2215 Qui
1042 2180 1134 2212 enim
1146 2179 1310 2211 convenit
1324 2177 1455 2219 Tydeo,
1472 2177 1674 2209 fortissimo.

957 2231 1042 2270 viro,
1057 2229 1322 2272 trepidationem
1346 2228 1517 2260 exercitui
1534 2227 1663 2259 tribue-

958 2283 1091 2324 re,jam
1105 2281 1148 2313 ad
1162 2280 1292 2312 hostem
1309 2278 1471 2311 alacriter
1484 2277 1662 2310 tendenti?

958 2334 1112 2366 Ber-nurt.

1001 2387 1064 2416 681
1114 2382 1246 2424 Thebes]
1297 2380 1527 2423 singulariter
1563 2380 1665 2412 dixit.

958 2434 1159 2466 Lactantius.

1002 2488 1066 2518 682
1090 2486 1135 2516 Et
1150 2482 1294 2523 hostiles]
1325 2480 1493 2520 Subaudi,
1515 2490 1583 2512 non
1611 2489 1665 2512 re-

960 2535 1023 2568 bar
1039 2536 1105 2567 huc
1128 2544 1188 2566 vos
1212 2532 1385 2565 hostiliter
1408 2530 1603 2568 advenisse,
1631 2531 1665 2561 in

960 2585 1132 2618 excidium
1148 2585 1285 2618 scilicet
1298 2592 1422 2615 meum.
1447 2582 1549 2613 Idem.

1003 2639 1067 2668 684
1091 2637 1192 2668 Arma
1206 2634 1306 2675 domi]
1338 2633 1380 2665 Id
1397 2636 1462 2673 est,
1478 2631 1667 2664 domestica

962 2687 1081 2719 caede:
1107 2686 1264 2727 subaudi,
1288 2695 1364 2717 mea
1379 2691 1504 2724 morte,
1527 2687 1564 2714 et
1579 2682 1666 2714 soci-

962 2747 1017 2769 um
1034 2736 1131 2779 regni
1145 2735 1345 2768 communis.
1370 2734 1469 2766 Idem.

1005 2790 1067 2820 685
1094 2787 1221 2828 Templa
1247 2785 1355 2827 Jovaeh]
1392 2785 1479 2819 Quae
1508 2783 1667 2817 coluntur
