1878 3164
248 224 362 267 1980

249 326 434 360 convertit.
457 326 556 359 Idem.

290 379 352 410 765
376 377 473 410 Ferte
487 380 572 408 retro
585 374 712 416 bellum]
735 375 842 407 Retro
858 373 951 415 agite

247 427 364 459 hostes
380 427 413 458 in
427 426 556 468 fugam.
603 427 770 466 Captaque
784 425 950 466 impingite

247 475 374 516 Lernae]
396 476 446 510 Ut
460 476 517 517 qni
533 484 622 507 nunc
633 475 779 507 victores
790 479 869 506 sunt
885 474 951 506 Ar-

249 526 332 567 givi,
358 526 548 562 vincantur,
576 529 613 557 et
642 525 699 566 qui
726 525 952 567 insequuntur

248 574 396 616 fugiant.
423 576 524 607 Idem.

254 655 256 657 .
289 627 353 656 768
376 624 508 663 Domus,
534 622 699 662 connubia,
723 623 792 664 ‹ise-J
826 623 951 654 Paucis

248 673 363 705 verbis
390 683 522 705 omnem
548 672 750 704 felicitatem
772 672 952 705 indicavit.

250 723 401 755 Deorum
417 723 558 763 templa,
579 722 613 754 id
637 726 703 761 est,
728 722 955 763 Religionem,

250 772 409 812 patriam,
433 781 548 812 agros,
572 772 685 812 urbes,
707 772 879 812 conjugia,
900 782 953 803 so-

249 822 374 862 bolem,
390 822 599 863 conjunctim
612 832 736 854 vovens
749 823 955 863 prosperari.

258 871 330 904 Vct.
345 872 517 904 Comment.
561 872 616 903 Ita
631 872 663 903 in
677 872 834 904 Carmine
849 873 954 904 Secu-

251 921 315 955 lari
341 922 521 962 Horatius,
551 923 695 963 primum
736 923 848 954 omnia
877 927 955 955 vota

251 972 454 1013 conjungit;
476 971 603 1003 deinde
629 981 692 1013 per
714 977 829 1013 partes
846 973 954 1014 expli-

252 1026 323 1061 cat,
340 1026 379 1053 ut
395 1031 457 1062 per
470 1020 588 1054 faciles
603 1027 735 1062 partus,
756 1032 817 1063 per
830 1022 954 1055 feraci-

253 1075 375 1112 tatem,
384 1077 418 1103 et
429 1070 547 1103 felicia
558 1072 742 1113 connubia,
753 1077 789 1104 et
799 1073 955 1105 sic-dein-

254 1133 337 1164 ceps
351 1135 361 1155 ε
386 1122 506 1155 ‘Alme
528 1125 593 1164 sol,
616 1135 717 1156 curru
741 1126 848 1157 nitido
864 1126 955 1158 diem

254 1173 312 1214 qui
330 1173 464 1205 Promis
475 1179 512 1206 et
523 1175 641 1215 coelas,
652 1175 805 1217 aliusque
815 1181 852 1208 et
865 1176 956 1208 idem

254 1223 426 1264 Nason-is,
450 1225 557 1265 possis
580 1226 659 1257 nihil
675 1226 759 1258 urbe
775 1227 884 1258 Roma
898 1227 956 1259 Vi-

254 1283 329 1305 sere
345 1274 478 1315 majus?

299 1326 363 1355 770
385 1324 425 1355 Si
446 1334 508 1356 mm
533 1325 694 1367 attonitis]
717 1325 753 1357 Si
778 1335 844 1357 non
864 1325 949 1357 divi-

254 1374 370 1405 nantis
413 1375 562 1415 Tyresiae
601 1375 706 1407 verba
741 1375 955 1417 stupefactus

257 1423 385 1464 accepi.
421 1423 593 1464 Attonitis]
625 1425 779 1457 Timidis.
815 1426 957 1458 Attoniti

255 1473 346 1504 enim
370 1472 546 1514 dicuntur,
569 1484 654 1515 quos
683 1474 795 1516 fragor
818 1476 957 1508 tonitrui

254 1522 290 1553 in
316 1532 417 1554 unum
442 1523 553 1554 locum
580 1523 716 1556 defixit:
741 1534 825 1566 quos
840 1525 959 1561 Graeci

256 1573 411 1605 vocant*
432 1574 497 1606 hoc
506 1580 560 1605 est
576 1580 768 1616 stupentes.
788 1576 937 1609 Lactant.

298 1628 361 1657 773
384 1627 540 1667 Exorate]
565 1627 806 1660 Consolamini.
837 1628 936 1660 Idem.

298 1679 361 1707 787
386 1676 587 1717 Concinitur]
612 1677 845 1708 collaudatur.
891 1677 959 1710 Or·

254 1725 319 1756 do:
345 1725 548 1756 Concinitur
577 1726 692 1767 vulgo,
717 1736 792 1758 eum
811 1727 958 1768 populus

255 1775 469 1806 conditorem
511 1775 604 1806 urbis
634 1785 703 1807 suae
734 1776 892 1816 vocabat,
922 1780 959 1808 et

257 1825 388 1856 Cadmo
421 1831 525 1866 atque
563 1825 756 1867 Amphione
788 1827 958 1858 meliorem

256 1875 408 1908 dicebat.
431 1875 531 1907 Idem.

299 1928 363 1957 788
392 1925 482 1957 Veris
492 1926 605 1957 honore
616 1926 730 1968 soluto]
754 1926 894 1968 Apertis
906 1936 961 1959 ro·

254 1975 312 2007 sis.
333 1975 436 2006 Idem.

298 2028 363 2058 791
401 2025 667 2067 Lachrymabilis]
705 2027 794 2060 Quia
821 2027 962 2060 dolebat

256 2076 381 2113 fraude
397 2077 580 2118 deceptum
606 2086 627 2108 a
650 2076 733 2119 filio,
747 2082 783 2109 et
799 2087 877 2110 eum
893 2078 961 2110 ira-

256 2131 312 2159 tus
330 2127 467 2158 nolebat
486 2125 581 2158 flere.
607 2127 704 2159 Idem.

298 2179 362 2208 793
385 2176 578 2217 Lustralem]
605 2177 767 2208 Lustrare
784 2177 961 2210 civitatem

256 2227 402 2258 humana
417 2226 528 2258 hostia
543 2227 698 2259 Gallicus
714 2236 784 2258 mos
797 2231 869 2267 est;
886 2237 960 2259 nam

259 2278 380 2319 aliquis
405 2277 448 2308 de
476 2277 702 2318 egentissimis
722 2278 963 2319 pelliciebatur

256 2329 417 2370 praemiis,
434 2333 471 2361 ut
486 2338 523 2360 se
540 2328 582 2360 ad
605 2329 668 2361 hoc
691 2330 880 2362 venderet:
905 2332 963 2372 qui

259 2389 346 2411 anno
373 2382 446 2410 toto
473 2379 621 2420 publicis
644 2379 835 2420 sumptibus
851 2380 962 2412 aleba-

258 2434 314 2461 tur
331 2429 524 2470 purioribus
539 2428 640 2467 cibis,
653 2428 802 2470 denique
817 2433 912 2461 certo
926 2434 963 2462 et

258 2479 402 2512 solemni
414 2479 482 2519 die,
498 2488 560 2520 per
572 2482 678 2510 totam
691 2479 867 2511 civitatem
882 2479 962 2511 duc·

258 2535 313 2562 tus
330 2539 372 2560 ex
390 2528 487 2568 urbe,
501 2533 600 2560 extra
617 2530 782 2570 pomoeria
798 2529 888 2562 saxis
904 2539 961 2562 oc-

259 2579 437 2611 cidebatur
450 2589 469 2610 a
484 2579 623 2620 populo.
646 2579 746 2611 Idem.

301 2633 366 2662 796
391 2629 486 2660 coitu
509 2630 651 2661 revoluta
669 2629 790 2671 notavi]
814 2629 961 2662 Quando

258 2679 319 2711 filii
335 2679 446 2710 coitus
463 2679 496 2709 in
513 2683 654 2710 matrem
672 2680 785 2712 rediit.
827 2680 871 2712 Ut
887 2680 961 2721 ipse

260 2729 369 2761 alibi:
406 2728 583 2770 ‘proprios
611 2734 761 2762 monstro
786 2730 960 2763 revolutus

259 2780 295 2811 in
308 2778 426 2812 ortus!
450 2778 549 2812 Idem.

709 231 852 263 NOTAE
886 231 1150 262 VARlORUM
1185 231 1236 262 IN

1042 327 1103 357 805
1129 325 1209 360 Quae
1222 325 1305 356 mla
1327 324 1464 366 pignora
1476 322 1572 366 sudi]
1600 314 1702 365 opu'-

999 375 1063 407 mi:
1089 385 1156 415 quoe
1178 374 1260 407 male
1281 375 1417 417 pignora
1430 374 1508 414 sudi
1520 385 1532 412 ,·
1554 373 1621 406 hoe
1635 378 1704 413 en,

999 422 1200 465 infeliciter,
1215 435 1335 466 magno
1348 426 1438 457 malo
1454 429 1491 456 et
1505 425 1600 456 luctu
1612 432 1702 456 meo.

1000 473 1051 506 Ut
1081 474 1224 507 Ovidio:
1248 475 1258 492 ‘
1275 475 1432 517 Dumque
1455 474 1545 508 male
1567 476 1704 515 optatos

1001 523 1149 555 nondum
1174 524 1300 564 premis
1319 523 1446 555 inscius
1461 521 1570 555 axes!
1615 521 1704 555 No·-

1002 576 1080 604 ter:
1106 573 1116 590 ‘
1129 577 1164 604 et
1179 573 1213 604 in
1230 573 1378 606 tumulos
1393 573 1421 604 si
1435 571 1517 614 qui'd
1539 572 1628 605 male
1641 570 1706 604 foe-

1002 629 1037 657 ta
1051 625 1192 666 reliquit
1207 623 1349 656 Mater?
1371 624 1510 657 Gronov.

1000 699 1003 701 .
1045 677 1109 706 8οὸ
1134 674 1281 716 Efflorm't
1303 674 1414 716 armis]
1442 674 1535 708 Quia
1562 673 1606 707 de
1634 681 1706 706 ser·

1003 730 1107 766 pente
1123 725 1193 765 illo,
1201 734 1296 766 cujus
1310 724 1458 757 Cadmus
1472 727 1608 756 severat
1621 723 1706 758 den·

1004 781 1070 815 tes,
1088 776 1198 808 Creon
1222 775 1393 806 Menoecei
1419 778 1518 816 pater
1532 784 1552 806 a
1566 783 1707 815 serpen·-

1005 827 1096 859 tibus
1112 825 1209 857 duxit
1230 825 1418 866 originem3
1442 824 1598 866 queritur
1620 831 1705 865 ergo

1004 880 1116 907 mater
1130 874 1313 914 Menoecei,
1331 875 1445 906 omnia
1460 874 1554 906 illum
1570 884 1590 906 a
1602 877 1706 915 patre

1005 925 1172 964 habuisse,
1194 929 1231 956 et
1255 923 1337 955 nihil
1358 923 1401 955 de
1424 929 1547 964 matre,
1571 928 1609 956 et
1626 922 1707 955 inde

1004 975 1099 1006 illum
1117 984 1231 1006 amore
1247 974 1365 1006 mortis
1384 973 1578 1016 abreptum.
1614 973 1706 1006 lact.

1049 1029 1112 1057 810
1150 1024 1335 1057 Nolentibus
1363 1023 1463 1064 satis]
1505 1024 1596 1057 Quia
1624 1028 1706 1055 ante

1006 1075 1095 1107 diem
1113 1075 1255 1116 periisti.
1280 1075 1378 1106 Idem.

1048 1128 1111 1157 812
1136 1125 1216 1157 Haec
1239 1124 1362 1166 manue]
1382 1125 1454 1156 Tua
1467 1122 1615 1164 scilicet,
1631 1131 1706 1166 quae

1008 1178 1042 1207 te
1059 1174 1198 1207 occidit.
1222 1175 1321 1207 Idem.

1052 1228 1114 1257 813
1142 1224 1266 1265 Viden']
1288 1223 1427 1266 Syllaba
1441 1233 1519 1256 cnm
1543 1223 1708 1256 naturali·

1008 1280 1059 1307 ter
1070 1276 1172 1316 longa
1183 1275 1239 1311 sit,
1253 1280 1365 1306 tamen
1379 1283 1452 1306 eam
1465 1273 1643 1314 corripuit,
1653 1282 1707 1306 se-

1007 1330 1106 1357 cutus
1135 1325 1375 1356 authoritatem
1410 1323 1562 1356 Maronis
1590 1322 1707 1355 dicen-

1009 1376 1076 1408 tis:
1099 1375 1109 1393 ‘
1122 1375 1246 1411 Viden’
1278 1379 1315 1407 ut
1331 1375 1473 1415 geminae
1496 1378 1588 1410 stent
1603 1373 1707 1405 verti-

1007 1436 1049 1458 ce
1061 1425 1194 1458 cristae.'
1233 1424 1464 1466 Consumpserit
1477 1422 1594 1464 ensem]
1608 1418 1708 1458 'Quia

1009 1480 1118 1509 totum
1132 1479 1272 1517 pectore
1287 1470 1418 1517 recepit
1432 1474 1570 1507 ferrum.
1586 1474 1687 1507 Idem.
1728 1487 1733 1489 ·

1049 1529 1113 1558 814
1136 1526 1234 1557 Haud
1261 1524 1436 1567 quisquam]
1468 1525 1546 1556 Non
1576 1527 1708 1556 tantum

1008 1576 1051 1608 ab
1066 1576 1164 1608 hoste
1180 1576 1300 1607 fuisset
1311 1574 1433 1606 infixus
1445 1574 1586 1615 gladius.
1608 1574 1709 1606 Idem.

1050 1629 1115 1658 816
1137 1624 1303 1665 Perosam]
1326 1624 1418 1658 Odio
1433 1624 1614 1657 habentem
1626 1633 1707 1657 con-

1006 1676 1166 1708 solantes.
1189 1675 1288 1707 Idem.

1051 1727 1116 1757 819
1155 1726 1274 1757 Tellure
1302 1723 1443 1764 relictos]
1481 1723 1572 1758 Quia
1599 1724 1705 1758 solam

1009 1780 1135 1809 terram
1151 1776 1382 1808 intuebantur.
1405 1775 1504 1807 Idem·

1051 1829 1114 1858 822
1137 1826 1232 1867 Saxi]
1254 1826 1449 1867 Speluncae,
1477 1825 1512 1856 in
1535 1834 1604 1867 qua
1619 1823 1708 1858 filios

1004 1876 1118 1913 ,edidit
1133 1877 1187 1907 vel
1202 1875 1384 1908 educabat.
1407 1875 1508 1908 Idem.

1052 1929 1116 1958 824
1130 1924 1272 1965 Proeter]
1284 1925 1397 1958 Juxta
1406 1925 1564 1966 tigridem
1577 1925 1707 1958 orbam.

1010 1977 1110 2008 Idem.

1052 2029 1115 2058 825
1144 2025 1205 2057 Ubi
1225 2024 1320 2066 enim]
1339 2024 1607 2067 Interrogative‚
1629 2025 1711 2067 quia

1010 2086 1176 2118 nusquam
1189 2076 1327 2108 videbat
1341 2074 1442 2113 filios,
1456 2075 1578 2117 quibus
1591 2075 1709 2107 alimo-

1006 2128 1099 2160 niam
1116 2127 1213 2159 lactis
1227 2130 1376 2167 pararet.
1398 2126 1499 2158 Idem.

1054 2180 1116 2209 827
1140 2177 1303 2209 Hactenus
1326 2185 1426 2216 armo,
1448 2175 1546 2217 tuboe]
1567 2176 1646 2210 Jam
1665 2174 1711 2208 de

1010 2227 1165 2258 humanis
1189 2226 1310 2267 pugnis
1338 2225 1467 2257 dictum
1489 2226 1544 2258 sit.
1589 2226 1712 2259 Restat

1012 2286 1101 2309 nune
1128 2282 1166 2308 ut
1189 2276 1287 2309 Jovis
1307 2286 1383 2308 cnm
1399 2276 1560 2317 Capaneo
1583 2275 1710 2308 bellum

1012 2332 1231 2367 memoretur,
1257 2325 1302 2358 ad
1323 2325 1413 2367 quod
1427 2334 1512 2366 opus
1530 2329 1628 2366 putat
1642 2334 1711 2357 non

1014 2378 1114 2410 unius
1130 2378 1316 2414 Musarum,
1336 2375 1395 2407 sed
1410 2375 1558 2407 omnium
1573 2375 1710 2407 omnino

1013 2436 1177 2459 succursu
1194 2430 1230 2460 et
1245 2425 1477 2466 inspiratione.
1499 2425 1615 2457 Barth.

1055 2480 1119 2509 828
1158 2475 1352 2516 Comminus]
1389 2476 1472 2507 Mox
1504 2475 1712 2517 insequenti.

1016 2526 1193 2566 Tollendus]
1216 2525 1428 2557 Carminibus
1451 2525 1553 2557 altius
1569 2523 1713 2558 efferen-

1012 2577 1085 2609 dus.
1110 2578 1258 2609 Laetam.

1055 2631 1117 2660 831
1142 2625 1321 2666 Profunda]
1343 2624 1498 2658 Inferna.
1530 2626 1626 2663 Idem.

1054 2680 1117 2710 833
1139 2678 1239 2708 Arma
1252 2675 1377 2716 Jovem]
1398 2675 1572 2708 Invidiose
1584 2686 1710 2710 secon-

1013 2733 1068 2760 tra
1082 2728 1203 2761 Jovem
1221 2726 1400 2766 Capaneus
1415 2727 1571 2768 armavit,
1585 2732 1623 2760 ut
1639 2729 1709 2770 glo-

1012 2777 1101 2810 riosa
1116 2780 1224 2808 morte
1242 2775 1381 2817 periret.
1405 2775 1503 2809 Idem.

1708 14 1726 18 -
1812 0 1843 29 ‘7⁶3

1836 37 1840 46 2

1850 0 1878 166 ἓ

1842 154 1871 177 4,

1857 179 1878 208 ⁴2*

1860 271 1877 309 Ἰ’1
