1878 3164
243 200 359 243 1982

243 304 368 348 timent
393 311 436 335 ne
458 311 526 335 non
556 302 670 335 valeat
697 301 826 334 fulmen
856 301 944 342 peri·

246 364 338 387 mere
355 354 563 396 Capaneum.
587 353 687 385 Idem.

286 406 352 435 926
374 404 535 436 Renovare
541 402 648 443 faces]
671 401 703 434 A
717 405 752 434 te
768 401 848 433 mihi
864 411 943 442 snp-

245 452 423 495 peditandi
460 456 537 484 sunt
566 453 672 493 ignes,
703 451 794 483 unde
830 461 940 482 meam

244 512 407 544 quercum
419 501 608 534 accendere
622 505 658 532 et
668 501 800 532 Thebas
816 509 940 532 exure-

246 563 284 585 re
300 554 438 594 possim.
459 552 529 584 Vct.
545 553 720 584 Commeat.

286 604 351 634 928
375 602 498 642 Fugere
520 601 555 633 in
575 601 696 641 nubila]
719 602 771 633 Ex
798 601 942 643 Euripe-

243 651 297 684 dis
321 652 443 684 Phoen.
473 654 569 683 1200.
592 655 601 669 ‘
617 650 746 682 comis'
777 650 944 682 decenter

242 703 357 734 cristas
370 701 456 734 fecit
476 701 652 742 Papinius.
695 701 772 733 Nec
787 701 871 732 illud
893 701 943 732 ἐσ-

244 753 414 793 φενδονᾶτο
449 752 569 784 melius
613 750 760 783 reddere
796 755 944 792 poterat.

247 803 322 835 Lib.
353 811 388 834 v.
411 811 462 833 vs.
487 804 561 834 587.
583 800 626 832 de
651 801 793 836 eodem:
832 801 945 833 ‘Moti

245 857 360 883 tamen
388 860 471 883 aura
507 850 660 882 cucurrit
696 849 872 889 Fulminis,
907 853 944 881 et

246 911 393 934 summas
401 901 522 932 libavit
534 900 662 931 vertice
672 899 819 931 cristas.'
828 900 944 932 Barth.

286 955 351 984 936
374 951 544 984 Fumantiu
557 949 670 990 muris]
693 950 740 981 Ut
751 959 808 980 eos
822 959 942 991 corpo-

244 1003 290 1034 ris
305 1002 357 1033 sui
372 1001 440 1043 igni
455 1000 694 1033 succenderet.
716 999 864 1032 Lae-tant.

286 1054 350 1083 937
383 1051 446 1083 Sed
473 1049 609 1082 membra
635 1048 752 1090 virum]
787 1048 851 1080 Sed
879 1058 941 1090 pro

583 1285 685 1332 TH
693 1283 1004 1333 EBAIDOS
1058 1284 1199 1333 LIB.

256 1385 261 1387 ”
289 1393 305 1421 1
332 1390 560 1431 Expiruritque
577 1394 744 1431 receptum,
766 1390 837 1432 lisa]
866 1391 944 1422 Una

239 1440 321 1472 'cum
352 1441 472 1473 anima.
526 1441 687 1472 Indicant
716 1442 790 1473 haec
819 1450 943 1482 corpus

244 1490 398 1531 Capanei
427 1490 676 1521 incombustum
706 1490 945 1531 permansisse,

244 1539 334 1582 quod
361 1539 452 1571 infra
481 1549 558 1571 mox
588 1540 681 1571 clare
710 1540 815 1572 dicit:
850 1540 943 1572 ‘Ille

234 1590 332 1631 jacet
345 1590 467 1621 lacerae
482 1590 678 1630 complexus
689 1588 859 1631 fragmina
872 1595 943 1621 tur-

244 1640 291 1671 ris
314 1641 442 1671 Torvus
465 1640 574 1678 adhuc
601 1640 699 1672 visu!
742 1640 841 1674 Quod
865 1650 943 1672 con-

242 1689 363 1720 cordat
380 1689 604 1729 Physicorum
624 1690 858 1721 nonnullorum
876 1694 943 1721 tra-

241 1738 336 1779 ditis,
365 1738 530 1770 Fulminis
553 1739 665 1779 ignem
681 1739 806 1770 nullum
821 1748 943 1780 corpus

243 1797 453 1821 consumere.
487 1788 576 1820 Vide
590 1789 775 1820 Minutium
793 1789 942 1821 Felicem

245 1838 405 1870 Octavio.
439 1838 552 1870 Barth.

286 1892 306 1920 4
333 1888 483 1928 Signavit
498 1887 615 1929 muros]
641 1889 811 1922 Excussit.
835 1890 927 1922 Lact.

286 1941 304 1968 5
329 1937 505 1976 Fragmina
530 1938 645 1978 turris]
669 1939 755 1972 Quae
776 1948 853 1970 cum
869 1939 942 1980 ipso

244 1992 297 2018 est
311 1986 501 2019 fulminata.
524 1988 624 2019 Idem.

287 2040 327 2068 12
354 2037 531 2069 Temerator
543 2037 668 2078 matris]
689 2038 828 2080 Tityon,
844 2039 944 2071 Lato-

242 2096 296 2118 11ae
328 2087 546 2119 concubitum
577 2087 744 2119 violenter
766 2087 945 2128 affectans,

243 2135 414 2176 Apollinis
437 2140 490 2168 est
514 2143 713 2180 peremptus
738 2139 884 2179 sagittis,
911 2143 946 2170 et

244 2195 263 2216 a
279 2186 367 2218 Jove
390 2185 481 2226 apud
504 2184 633 2217 inferos
652 2190 817 2228 perpetua
842 2197 943 2228 poena

244 2236 434 2267 damnatus.
458 2236 559 2267 Idem.

287 2289 329 2318 14
349 2285 509 2326 Volucres]
526 2286 721 2318 Secundum
741 2287 941 2328 Homerum,

243 2336 301 2377 qui
337 2336 435 2373 dicit,
464 2336 596 2367 viscera
624 2337 778 2377 Tityonis
807 2338 941 2377 gemino

243 2387 379 2417 vulture
402 2386 515 2427 exedi,
540 2396 608 2417 non
628 2396 706 2427 uno,
726 2391 764 2418 ut
778 2388 876 2429 Virg.
892 2389 942 2420 di·

243 2436 301 2468 cit.
324 2437 423 2468 Idem.

285 2489 325 2518 21
349 2487 395 2518 At
416 2497 498 2526 vaga
514 2487 673 2530 palantes]
698 2488 798 2520 Hanc
824 2489 943 2520 lectio-

242 2546 319 2568 nem
349 2537 471 2578 scripti
494 2536 569 2568 libri
591 2541 627 2568 et
652 2538 758 2568 editio
782 2539 943 2580 princeps

242 2585 447 2626 approbant,
464 2586 635 2618 sententia
655 2586 799 2629 flagitat.
842 2589 943 2630 Vulg.

243 2636 311 2666 Aut
327 2644 418 2674 vaga.
445 2636 606 2667 Bernart.

286 2687 327 2716 24
353 2685 520 2725 Gaceaeque
545 2686 669 2727 tonant]
692 2686 797 2719 Velut
814 2687 943 2720 tonitru

242 2736 415 2772 insonant.
438 2735 586 2767 Laetam.

707 208 851 239 No'rAE
883 206 1105 238 vARlORU
1116 206 1148 235 M
1186 205 1241 236 IN.

995 300 1109 334 ‘nisi.'
1132 302 1232 336 Idem.
1274 333 1278 336 ,

1038 353 1102 382 938
1135 351 1271 384 Paulum
1297 351 1326 384 si
1355 347 1495 389 tardius]
1528 345 1699 381 Nonnulli

994 400 1071 432 libri
1100 400 1252 433 inserunt
1279 399 1563 433 exclamationem
1592 397 1623 429 0
1648 395 1695 433 '⁸¹‘-

994 449 1084 492 quod
1110 456 1306 483 annotatum
1327 451 1369 483 de
1394 450 1463 483 suis
1482 449 1588 481 etiam
1610 447 1696 479 Ber-

993 500 1118 533 nartio.
1162 501 1323 543 Optimus
1339 506 1454 534 noster
1468 499 1553 532 nibil
1567 500 1695 537 mutat,

995 560 1105 592 neque
1131 555 1183 582 est
1212 561 1274 584 cur
1298 551 1477 594 quicquam
1503 547 1702 586 novandum

995 600 1213 633 arbitremur.
1258 601 1386 633 Locum
1409 599 1469 632 ubi
1492 599 1564 631 ictu
1584 596 1696 629 fulmi-

995 652 1048 682 nis
1063 651 1167 692 periit
1181 651 1360 692 Capaneus
1375 649 1554 683 adnotavit
1567 649 1702 689 Pausa-2

997 701 1069 732 nias
1096 700 1155 732 lib.
1183 709 1234 732 rx.
1270 701 1323 732 via
1348 700 1426 732 nim.
1446 710 1466 732 a
1486 699 1624 730 Plataea
1647 695 1694 729 ad

998 749 1206 781 Eleatridem
1230 756 1364 791 portam
1380 750 1540 788 ducente,
1555 751 1707 779 secutus-

997 800 1203 842 AEscfiylum,
1228 799 1284 841 qui
1306 799 1354 831 ibi
1380 799 1424 831 ab
1450 808 1492 830 eo
1505 800 1699 840 pugnatum

997 849 1094 881 dicit.
1139 849 1298 881 Fabulati
1312 853 1391 880 sunt
1416 849 1458 880 de
1477 852 1612 880 mortuo
1627 846 1696 887 alii,

998 900 1083 931 vivis
1101 899 1282 940 redditum,
1309 902 1518 931 memorante
1533 896 1702 939 Apollinis,¹

994 949 1054 981 lib.
1070 958 1129 981 111.
1174 949 1274 982 Quod
1297 949 1370 990 jam
1396 952 1476 981 ante
1499 946 1696 981 nobisindi-

996 1004 1111 1031 catum
1127 999 1297 1045 existimo.
1321 999 1441 1031 Barth.

1257 1285 1362 1334 XI.

1039 1393 1082 1423 26
1100 1390 1237 1431 Coelique
1247 1391 1382 1422 tumultu
1395 1389 1512 1431 utitur]
1527 1389 1622 1424 Jovis
1630 1377 1702 1423 full

996 1439 1086 1471 mine
1104 1440 1279 1472 audaciam
1295 1440 1479 1472 dimicandi
1501 1441 1597 1482 plebs
1611 1441 1702 1482 'I'lie-x

998 1489 1084 1520 bana
1100 1495 1316 1531 conceperat.
1341 1491 1439 1524 Idem,

1039 1542 1081 1573 27
1105 1541 1260 1582 Marsylla
1276 1551 1335 1582 per
1353 1541 1444 1583 arra]
1466 1542 1590 1574 Terras
1605 1535 1702 1575 Afri-Q

998 1597 1059 1619 cae.
1085 1589 1182 1620 Idem.

1039 1641 1082 1669 29
1106 1638 1207 1670 nauci
1226 1642 1300 1671 tunc
1323 1640 1458 1671 cominus
1478 1639 1559 1682 ursi]
1584 1639 1694 1675 Utin-

998 1697 1108 1727 genue
1123 1689 1253 1730 loquar,
1269 1699 1336 1721 non
1360 1690 1443 1721 satis
1465 1689 1620 1731 percipio
1633 1699 1703 1730 cnr·

997 1737 1215 1769 raucedinem
1235 1739 1322 1770 ursis
1336 1739 1474 1771 tribuat.
1522 1739 1601 1771 Fuit
1617 1748 1703 1770 eum»

997 1787 1186 1819 divinarem
1211 1788 1406 1829 legendum,
1430 1789 1589 1822 ruoilum·
1601 1788 1695 1820 comi-

994 1847 1054 1868 nus
1072 1838 1152 1876 ursi,
1179 1847 1198 1869 a
1221 1838 1333 1870 colore
1358 1838 1507 1871 deducto
1528 1839 1694 1881 epitheto.

994 1887 1063 1919 Sed
1079 1887 1188 1919 adbuc
1202 1887 1368 1920 delibero.
1391 1889 1543 1922 Rerum.

1038 1939 1080 1968 32
1103 1937 1191 1968 Him-
1199 1938 1313 1978 premit
1328 1937 1542 1979 Eurymedon]
1558 1939 1610 1974 Ex
1621 1947 1695 1979 par-

996 1992 1031 2020 te
1041 1988 1150 2019 altera
1160 1989 1372 2030 Eurymedon
1385 1989 1453 2020 dux
1459 1989 1695 2022 Thebanorum

998 2038 1188 2079 premebat,
1214 2038 1311 2079 cujus
1334 2040 1367 2070 in
1390 2040 1547 2082 catalogo
1562 2038 1695 2071 fecerat

998 2088 1217 2128 mentionem,
1246 2091 1256 2106 ‘
1274 2088 1454 2120 Proximus
1476 2088 1695 2130 Eurymedon

998 2140 1055 2180 qui
1086 2139 1269 2180 pastoralia
1297 2139 1405 2171 Fauni
1434 2138 1539 2170 Arma
1567 2137 1696 2180 patris!

995 2188 1142 2221 Lactant.

1039 2241 1079 2270 35
1091 2239 1303 2280 Juvenemqae
1309 2237 1444 2280 patrem]
1461 2238 1490 2270 E
1499 2237 1634 2270 diverso
1645 2237 1695 2268 di-

997 2288 1046 2320 cit
1061 2288 1252 2330 Pythonem
1269 2298 1346 2321 cum
1364 2287 1544 2330 Adelpbilo
1567 2288 1693 2320 bellum

995 2347 1145 2378 movere,
1161 2338 1235 2380 pari
1259 2347 1357 2379 poene
1377 2341 1482 2373 aetate
1502 2338 1694 2379 pollentes:

997 2392 1033 2420 et
1048 2388 1190 2420 istorum
1205 2388 1356 2420 meminit
1373 2388 1407 2419 in
1423 2387 1591 2428 catalogo.
1612 2387 1622 2405 ‘
1635 2396 1694 2428 pa-

998 2442 1052 2468 ter
1067 2442 1118 2468 est
1139 2442 1319 2480 natusque,
1341 2438 1400 2469 sed
1420 2437 1486 2470 aevi
1500 2435 1693 2469 confudere

995 2488 1138 2520 modos!
1160 2488 1256 2524 Idem.

1040 2541 1082 2570 39
1105 2539 1160 2570 Ex
1181 2538 1306 2578 agmine
1332 2537 1462 2578 nauum]
1489 2537 1586 2569 Licet
1614 2537 1695 2570 libri

997 2587 1081 2618 nibil
1106 2592 1250 2627 mutent,
1275 2593 1387 2619 tamen
1414 2588 1522 2628 magis
1550 2586 1692 2627 γνήσιον,

996 2647 1051 2669 me
1058 2637 1190 2678 judice,
1204 2637 1347 2669 examine
1359 2638 1482 2669 uallum.
1504 2637 1665 2669 Bernart.

1037 2690 1079 2719 43
1101 2686 1245 2718 Alternis
1254 2687 1442 2728 procumbit]
1457 2687 1551 2718 Male
1564 2688 1694 2723 obtem-

995 2741 1152 2781 peratum
1162 2737 1345 2769 Bernartio
1357 2737 1404 2769 sic
1417 2738 1608 2784 reponenti,
1617 2747 1694 2779 cuni
