1878 3164
254 238 256 240 ’
311 238 426 282 2018

311 347 383 375 tem
409 342 566 378 Chironis
587 342 757 385 expressit
783 344 840 386 qui
862 343 1012 385 discipu-

311 393 382 425 lum
416 393 599 425 abeuntem
630 403 731 435 quam
762 393 865 435 longo
901 393 1014 435 potuit

310 443 387 475 visu
421 448 475 475 est
508 447 727 484 prosecutus.
772 444 862 475 Nam
900 444 1015 476 media

310 497 410 534 parte
425 492 614 534 posteriore
629 497 705 525 erat
721 502 843 535 equus.
870 494 969 526 Idem.

353 545 417 575 23⁷
443 542 590 575 Thessala
608 543 733 584 Tempe]
754 544 866 576 Locus
886 549 941 576 est
964 545 1013 576 in-

309 597 365 625 ter
401 593 524 625 Ossam
558 597 594 625 et
630 594 818 635 Olympum
854 604 1014 636 passuum

310 643 395 685 quin
422 642 632 684 quemillium
661 643 907 685 longitudinis:
951 654 1014 685 per

309 693 457 725 medium
495 692 633 725 Peneus
668 693 831 726 discurrit
857 704 877 726 a
910 695 1013 726 Pindi

309 741 482 784 profluens
498 741 683 783 radicibus,
699 743 853 784 gramine
877 744 1012 776 vestitis

308 792 535 834 marginibus,
559 792 747 834 aviumque.
767 797 948 834 concentu,
977 798 1014 826 et

309 843 516 874 calculorum
535 852 769 884 aquarumque
786 844 899 875 sonitu
914 853 1012 885 pera-

309 902 452 932 moenus,
481 902 547 924 nec
577 892 665 924 alius
695 893 792 925 locus
822 898 886 933 est,
913 894 1011 935 cnjus

309 943 542 974 amoenitatem
567 947 748 984 tantopere
773 943 915 975 laudent
931 943 1011 985 poe-

310 998 368 1025 tae.
390 994 572 1026 Maturant.

351 1046 416 1076 238
437 1043 571 1084 Pholoe]
608 1042 703 1075 Silva
732 1047 786 1076 est
814 1044 1011 1084 Thessaliae,

310 1094 405 1126 dicta
416 1103 436 1125 a
448 1093 559 1125 Pholo
579 1097 743 1124 centauro
756 1094 812 1136 qui
829 1104 903 1126 eain
918 1095 1011 1127 inco-

308 1143 425 1175 lebat:
458 1142 515 1185 qui
547 1142 675 1174 Pholus
698 1147 851 1184 tempore
876 1154 943 1186 quo
969 1145 1012 1177 ab

308 1193 471 1226 Euristeo
495 1202 579 1234 rege
610 1192 781 1224 Hercules
810 1194 929 1226 missus
959 1199 1013 1227 est

307 1243 500 1283 Thraciam,
518 1247 557 1274 ut
574 1242 754 1274 Diomedis
779 1253 884 1284 equos
906 1244 1011 1276 addu-

307 1298 418 1334 ceret,
444 1293 502 1335 qui
532 1293 685 1325 humanis
712 1294 870 1326 carnibus
896 1304 1012 1327 vesce—

308 1343 447 1384 bantur,
461 1353 537 1375 eum
554 1343 702 1384 hospitio
718 1344 868 1385 recepit.
891 1344 1011 1386 Aliqui

307 1393 442 1430 dicunt,
464 1393 553 1435 quod
580 1402 657 1424 eum
686 1393 856 1425 Hercules
884 1394 1011 1425 occidit

307 1447 486 1484 susceptus
526 1442 570 1473 ab
607 1451 648 1473 eo
685 1442 847 1484 hospitio.
891 1443 1010 1475 Velius

306 1493 421 1535 Asper
444 1494 580 1535 Longus
598 1493 745 1525 Pholum
769 1494 875 1526 tradit
890 1494 1010 1527 adver·

307 1554 380 1576 sum
397 1547 578 1576 centauros
595 1543 638 1575 ab
665 1543 818 1575 Hercule
845 1544 1011 1586 adjutum.

308 1594 393 1626 Cum
419 1594 609 1625 Herculem
636 1594 826 1634 recepisset
850 1595 1011 1636 hospitio,

305 1644 421 1685 Asper
444 1644 563 1685 tradit,
585 1644 664 1676 dum
687 1645 826 1686 sagittas
850 1646 1009 1678 Herculis

306 1698 436 1735 stupet,
451 1693 508 1735 qui
532 1697 585 1725 tot
606 1694 796 1726 Centauros
821 1695 1010 1736 occiderat,

305 1754 409 1776 unam
438 1753 481 1774 ex
507 1744 574 1774 illis
607 1744 640 1775 in
668 1744 791 1785 pedem
822 1745 1008 1783 cecidisse3

307 1794 446 1825 vulnere
462 1793 572 1824 sanari
587 1803 655 1825 non
673 1793 795 1834 potuit.
833 1793 918 1826 Ideo
933 1803 1008 1833 cre-

306 1841 394 1873 dunt
418 1841 570 1873 nonnulli
600 1842 644 1874 ab
671 1841 825 1874 Hercule
846 1843 1008 1876 occisum.

306 1893 456 1926 Laetam.

348 1947 413 1976 239
452 1944 639 1985 Sperchias]
673 1944 812 1977 Fluvius
844 1945 901 1977 cui
930 1955 1007 1977 suas

301 2003 421 2026 comas
445 1993 598 2026 Achilles
625 1995 813 2028 devoverat
841 1995 870 2026 si
903 1996 1008 2027 redis-

306 2049 372 2075 set.
406 2045 515 2076 Pater
527 2049 643 2077 autem
660 2044 814 2076 Narcissi
825 2043 890 2076 fuit
903 2044 1008 2086 Sper·

307 2094 412 2126 chius.
437 2095 536 2127 Idem.

341 2146 412 2176 -240
435 2144 545 2185 Muta]
571 2144 660 2177 Quia
685 2144 780 2185 prius
801 2144 1007 2176 carminibus

305 2194 499 2226 resonabat.
544 2194 664 2235 Fauni]
689 2195 748 2226 Dii
764 2195 895 2236 proprii
912 2193 1008 2226 fuere

306 2244 517 2283 Latinorum,
533 2253 618 2286 quos
632 2244 667 2275 in
690 2244 902 2276 silvestribus
923 2245 1008 2276 locis

306 2293 471 2325 traditum
494 2298 547 2326 est
569 2294 688 2326 solitos
713 2293 792 2336 fari,
817 2300 853 2327 et
869 2305 889 2327 a
903 2294 1007 2327 fando

306 2343 441 2375 Faunos
458 2343 587 2376 vocari.
619 2345 796 2377 Maturant.

348 2396 412 2424 241
424 2393 558 2434 Sperata
567 2394 733 2435 connubia]
744 2394 908 2426 Maritum
918 2395 1007 2427 enim

306 2442 473 2475 Achillem
499 2443 627 2476 habere
648 2451 886 2486 speraverant,
908 2455 1007 2487 quem

306 2496 487 2532 tantopere
503 2493 675 2525 amabant.
702 2494 801 2526 Idem.

349 2544 413 2573 252
436 2543 586 2574 Dedisset
608 2553 682 2584 quos
693 2544 803 2584 dabat]
826 2544 917 2576 Illud
934 2548 1008 2577 tan-

306 2590 357 2632 git
373 2592 462 2633 quod
479 2593 514 2624 in
539 2594 708 2635 principio
732 2594 844 2635 operis
861 2604 1008 2627 comme-

306 2642 531 2673 moravimus:
555 2643 679 2675 Jovem
703 2643 882 2676 ducturum
905 2644 1008 2676 fuisse

304 2691 483 2723 Thetidem
499 2703 651 2733 uxorem,
666 2694 729 2725 nisi
741 2705 759 2726 a
770 2695 921 2726 Protheo
937 2705 1007 2727 mo-

305 2741 398 2772 nitus
427 2740 549 2774 fuisset
579 2743 644 2775 sibi
674 2745 862 2776 cavendum
889 2755 961 2776 esse
988 2755 1008 2776 a

305 2790 369 2823 tali
386 2791 560 2832 conjugio,
581 2793 671 2834 quod
695 2803 739 2825 ex
761 2804 801 2826 eo
816 2795 1006 2827 nasciturus

779 250 921 282 NOTAE
955 250 1220 282 VARIORUM
1255 249 1306 281 m

1062 347 1154 376 esset
1170 343 1227 386 qni
1244 344 1350 385 patris
1362 342 1456 377 facta
1467 347 1657 385 superaret.
1679 343 1765 378 Sen-

1062 402 1116 425 sus
1140 398 1195 426 est
1217 402 1321 435 ergo:
1346 393 1378 426 O
1402 403 1480 426 care
1495 393 1557 435 fili,
1572 394 1602 426 si
1616 403 1660 426 ex
1673 393 1777 431 Jove,

1060 445 1115 486 (ut
1137 454 1209 477 sors
1232 443 1386 486 ferebat)
1402 449 1502 477 natus
1529 454 1636 486 esses,
1649 445 1766 478 nultus

1063 502 1117 525 me
1132 499 1242 526 metus
1264 495 1418 536 pulsaret
1435 499 1503 527 tuae
1519 496 1652 536 mortis,
1665 491 1766 537 qussi·

1063 542 1156 575 dicat
1175 544 1244 576 noli
1267 543 1383 575 mirari
1397 544 1488 586 quod
1505 544 1539 576 in
1556 545 1632 577 loca
1646 544 1764 585 ignota

1064 598 1099 625 te
1115 593 1325 626 advexerim.
1369 594 1458 627 Nam
1471 595 1596 628 iccirco
1605 595 1672 628 hoc
1685 594 1766 636 feci,

1063 644 1153 685 quod
1174 649 1243 676 tuae
1267 645 1386 677 mortis
1407 649 1565 688 tempora
1578 646 1766 688 appropin-¹

1063 703 1168 735 quare
1183 695 1480 735 cognoscebamus.
1501 696 1626 738 Sieque
1642 696 1764 728 suadet

1063 743 1106 774 ab
1122 743 1198 775 utili
1213 744 1277 776 sibi
1292 746 1480 777 cavendum
1497 755 1585 787 esse,
1596 749 1634 778 et
1643 755 1763 788 paren-

1062 793 1143 825 dum
1160 795 1309 840 consiliis
1323 796 1404 828 suis.
1431 797 1580 829 Britan.

1104 847 1168 876 257
1190 844 1220 877 Α
1248 845 1362 887 matre]
1402 845 1434 876 A
1469 855 1538 886 me,
1570 855 1646 888 quas
1684 846 1763 879 Dea

1061 903 1132 925 sum
1149 900 1184 927 et
1206 895 1417 936 immortalis,
1443 901 1480 928 et
1497 895 1685 928 secuudum
1698 896 1761 930 Ju-

1061 945 1282 977 risconsultos
1297 946 1392 987 loqui
1412 946 1559 986 videtur,
1573 945 1632 988 qui
1646 951 1762 979 natum

1061 1004 1105 1026 ex
1131 1000 1237 1027 matre
1268 995 1387 1036 libera,
1413 1001 1513 1037 patre
1538 1005 1620 1028 vero
1646 1005 1762 1037 servo,

1061 1046 1246 1087 ingenuum
1282 1047 1400 1078 volunt
1441 1047 1546 1080 nasci.
1591 1047 1763 1080 Metire-da

1061 1098 1212 1139 tempora]
1242 1097 1333 1129 Belli
1356 1097 1506 1138 Trojani,
1528 1097 1562 1128 in
1587 1107 1657 1139 quo
1682 1096 1763 1129 mihi

1061 1155 1261 1186 responsum
1287 1152 1341 1179 est
1367 1157 1387 1179 a
1409 1146 1563 1180 Protheo
1579 1151 1616 1180 te
1631 1146 1762 1189 peritu-

1060 1204 1147 1227 rum.
1170 1196 1350 1229 Muturant.
1755 1221 1759 1223 -

1102 1248 1166 1277 260
1188 1246 1227 1278 Si
1240 1247 1342 1289 Lydia
1362 1247 1461 1289 dura]
1482 1246 1608 1289 Arguit
1633 1247 1676 1280 ab
1701 1257 1762 1280 ex-

1060 1295 1172 1335 emplo
1185 1306 1195 1334 3
1210 1296 1300 1337 quod
1313 1296 1522 1337 particulare
1538 1297 1761 1339 praepositum

1059 1344 1220 1386 quiddam
1231 1346 1411 1379 contendit
1426 1346 1619 1380 ostendere.
1642 1346 1761 1379 Debes

1059 1394 1260 1427 muliebrem
1284 1395 1436 1428 habitum
1465 1405 1652 1436 assumere,
1677 1405 1760 1439 quo-

1058 1443 1149 1476 niam
1165 1445 1335 1478 Hercules
1353 1456 1489 1488 quoque
1504 1446 1707 1488 assumpsit:
1731 1447 1762 1478 si

1057 1495 1151 1527 illu'm
1167 1505 1234 1528 non
1259 1497 1394 1537 puduit.
1419 1507 1481 1530 cur
1502 1501 1538 1530 te
1554 1498 1686 1539 pudere
1702 1497 1762 1530 dc-

1060 1545 1160 1578 beat?
1196 1547 1325 1579 Fabula
1355 1548 1419 1580 hoc
1443 1548 1567 1581 habet:
1590 1548 1760 1581 Hercules

1059 1603 1137 1626 cum
1158 1594 1192 1625 in
1208 1595 1351 1636 Lydiam
1373 1596 1581 1637 provinciam
1597 1597 1761 1638 venisset,

1059 1644 1102 1675 ab
1134 1645 1326 1685 Eurystheo
1361 1646 1481 1678 missus
1519 1646 1564 1678 ab
1593 1647 1759 1688 Eurytum

1058 1693 1232 1734 Lydorum
1269 1703 1384 1735 regem
1414 1695 1665 1737 trucidandum,
1701 1698 1761 1739 qui

1057 1743 1209 1785 hospites
1233 1745 1393 1785 necabat,
1415 1750 1538 1787 captus
1564 1751 1619 1779 est
1644 1756 1760 1780 amore

1058 1794 1154 1826 Ioles.
1166 1795 1288 1836 Euryti
1309 1794 1404 1835 filiae,
1419 1806 1519 1837 quam
1535 1797 1594 1828 alii
1608 1797 1762 1839 Ompha-

1057 1845 1123 1876 lem
1148 1849 1285 1876 vocant.
1331 1845 1441 1877 Fuere
1466 1846 1535 1886 alii,
1556 1846 1612 1888 qui
1635 1847 1760 1888 Euryti

1057 1899 1136 1927 sunt
1156 1895 1259 1936 dicti,
1274 1899 1312 1927 ut
1334 1896 1410 1927 Rex
1425 1895 1603 1936 OEchaliae,
1619 1900 1655 1929 et
1670 1905 1758 1929 unus

1058 1954 1102 1976 ex
1118 1944 1312 1977 Centauris.
1353 1944 1421 1976 Sed
1436 1945 1534 1977 Iolen
1548 1945 1596 1978 sic
1619 1945 1758 1987 perdite

1058 1995 1184 2027 amavit
1199 1994 1384 2035 Hercules,
1405 1999 1443 2027 ut
1463 1995 1497 2026 in
1522 1996 1596 2036 ejus
1612 1997 1757 2037 gratiam

1056 2044 1203 2086 neverit,
1216 2048 1252 2076 et
1267 2044 1400 2078 habitus
1415 2044 1581 2078 femineos
1595 2045 1758 2080 induerit.

1057 2095 1157 2127 Idem.
1588 2120 1591 2123 Δ

1098 2149 1162 2178 262
1183 2145 1222 2178 Si
1235 2147 1320 2178 decet
1334 2146 1462 2187 aurata]
1489 2147 1616 2179 Rursus
1633 2139 1677 2180 ab
1697 2156 1756 2179 ex-

1057 2195 1171 2236 emplo
1198 2196 1310 2236 arguit
1335 2196 1475 2232 Bacchi,
1501 2196 1611 2236 Jovis‚
1636 2197 1757 2238 Cenei.

1057 2246 1104 2277 Et
1118 2246 1276 2277 Bacchus
1289 2246 1425 2288 quidem
1441 2247 1475 2278 in
1498 2246 1662 2278 conviviis
1683 2257 1756 2279 mu·

1056 2296 1201 2327 liebrern
1216 2296 1369 2328 habitum
1394 2305 1642 2338 nonnumquam
1663 2306 1755 2329 assu-

1056 2347 1184 2380 mebat.
1227 2349 1351 2379 Aurata
1372 2347 1473 2388 palla]
1496 2347 1662 2379 Honestae
1684 2357 1757 2379 niu-

1057 2398 1149 2429 lieris
1162 2397 1399 2430 vestimentum
1410 2402 1463 2428 est
1474 2397 1575 2439 palla,
1588 2397 1610 2430 i.
1622 2408 1653 2430 e.
1665 2399 1756 2430 tuni-

1057 2457 1106 2479 cae
1131 2448 1283 2488 pallium,
1306 2446 1486 2479 descendit
1509 2451 1622 2479 autem
1650 2457 1755 2489 usque

1057 2497 1100 2529 ad
1118 2497 1273 2538 vestigia.
1295 2497 1394 2530 Idem.

1098 2550 1162 2579 263
1183 2547 1312 2588 Jupiter
1338 2547 1443 2578 induit
1475 2546 1578 2587 uum]
1615 2545 1755 2587 Jupiter

1056 2596 1226 2629 adamavit
1265 2596 1439 2637 Antiopen
1475 2595 1580 2627 filiam
1613 2595 1756 2637 Nyctei,

1056 2646 1336 2687 speciosissimam
1359 2645 1533 2687 puellam;
1553 2645 1650 2686 cujus
1673 2645 1754 2678 dum

1057 2699 1156 2737 pater
1184 2699 1380 2736 suspectum
1416 2694 1560 2727 haberet
1598 2699 1754 2736 stuprum

1056 2753 1130 2775 eam
1146 2750 1261 2776 custos
1276 2744 1497 2785 mancipavit.
1542 2745 1665 2777 Puella
1680 2745 1755 2786 ipsa

1056 2803 1132 2826 cum
1167 2794 1371 2827 adolevisset
1406 2795 1529 2828 Dianae
1564 2805 1601 2828 se
1637 2803 1754 2829 conse·
