1878 3164
381 230 422 261 P.
454 227 646 260 rammi
667 217 844 259 ‘STA'rn
877 224 1080 257 actum..
1112 225 1207 258 mn.
1233 227 1262 257 1.

103 320 227 356 scribit
259 319 448 364 Homerus)
476 321 603 354 Peleus
639 319 806 362 Sperchio

103 370 371 406 connum-flavam
391 371 535 405 Achillis
551 369 806 413 promiserat‚si

103 423 134 456 is
149 433 168 456 e
184 422 275 456 bello
289 422 440 464 ijsno
463 421 499 454 in
514 422 660 463 patriam
676 421 805 453 incolu-

102 472 168 506 mis
185 476 428 511 reverteretur,
440 481 540 515 quam
551 481 681 504 comam
691 470 805 503 Achil-

103 523 156 556 les
181 520 343 556 Patroclo
372 520 539 557 defuncto
567 521 711 562 largitus
741 523 808 554 est.

103 573 159 607 Aa
169 573 339 606 dammis
347 571 483 613 alumni]
497 570 552 604 An
562 581 619 604 me
629 570 809 612 impuden-

103 628 177 656 tem
192 621 370 665 appellant
393 623 580 663 alumnum,
593 621 650 664 qui
672 621 808 654 deserui

104 670 304 715 magistrum
318 670 455 704 meum?
475 670 573 703 Ordo
589 675 661 704 est:
687 669 742 702 An
757 669 808 702 di-

106 717 169 755 'cor
182 719 256 754 esse
270 721 384 754 nullus
397 722 503 754 honos
513 721 640 754 alumni
655 721 808 753 deserto-

100 770 179 810 ris?
201 775 241 804 ut
264 770 421 814 dicimus,
442 772 557 805 nullus
579 772 687 805 honos
711 771 808 815 impii

108 820 282 864 discipuli.
309 820 459 855 Britanna.

149 873 215 904 688
237 871 402 915 Patrocle]
422 873 514 905 Nam
528 872 712 909 Patroclus
731 880 807 904 cum

107 920 253 967 Opunte
275 922 421 964 ‚AEanem
450 931 594 965 puerum
622 920 809 964 Amphida-

63 1009 66 1012 ,
107 972 235 1005 mantis
257 970 363 1005 filium
383 973 492 1005 iratus
514 972 606 1004 inter
620 970 809 1004 ludendum

108 1021 324 1066 peremisset,
357 1021 638 1065 confugissetque
667 1021 712 1054 ad
742 1022 810 1054 Pe—

108 1073 212 1110 lenm,
226 1072 284 1117 (ut
298 1072 419 1106 scribit
442 1071 605 1116 Homer.)
620 1072 664 1105 ab
680 1082 721 1105 eo
742 1082 811 1104 una

108 1122 188 1157 eum
204 1116 339 1156 Achille
364 1123 436 1157 filio
462 1123 506 1156 ad
529 1123 713 1157 Chironem
734 1123 812 1155 mis-

109 1182 166 1207 sus
175 1178 247 1212 est,
263 1177 302 1207 ut
317 1173 446 1208 eisdem
469 1174 603 1217 pariter‘
612 1174 763 1207 moribus
775 1178 812 1207 et

110 1226 302 1270 'disciplinis
317 1226 564 1260 imbuerentur.
586 1227 686 1259 Idem.

112 1273 118 1279 '
152 1271 218 1310 689
241 1276 312 1310 Nee
328 1277 488 1321 probaris]
510 1277 590 1310 Nou
617 1276 814 1318 probaveris

99 1322 149 1362 >te
163 1329 274 1362 virum
296 1329 416 1362 saltem
437 1329 472 1361 in
497 1338 625 1369 amore,
642 1329 736 1370 quasi
760 1337 814 1359 ar·

110 1383 196 1422 'guat
225 1388 274 1418 se,
299 1379 391 1423 quod
416 1379 570 1423 quamvis
595 1379 631 1411 iu
658 1378 813 1411 omnibus

111 1427 342 1477 dissimularet
362 1429 484 1472 virum,
499 1430 623 1462 saltem
647 1430 682 1461 in
698 1437 814 1461 amore

111 1486 180 1514 non
191 1480 371 1518 debuisset
381 1481 608 1514 dissimulare.
632 1481 815 1513 Mutuo-unt.

115 1529 118 1533 '
166 1533 233 1564 644
270 1531 471 1573 Rubuerunt]
514 1532 655 1564 Pudore
693 1530 819 1564 affecta

113 1586 207 1621 sunt,
222 1585 346 1623 utpote
356 1582 497 1624 virginis
514 1581 663 1624 pndicae.
687 1582 788 1613 Idem.

157 1633 221 1663 647
244 1630 364 1672 Signa]
386 1631 475 1664 Nam
491 1630 697 1663 clamoribus
712 1629 819 1662 daba-

114 1684 172 1713 tur
181 1681 313 1724 signum
326 1681 443 1722 sacris,
457 1680 566 1713 unde:
590 1680 601 1699 ‘
614 1685 818 1712 nocturnus-

117 1739 184 1774 que
198 1735 301 1764 vocat
320 1731 468 1763 clamore
495 1729 703 1772 Cytheron;’
726 1729 819 1762 unde

114 1780 175 1814 irbi
203 1781 263 1813 illa
285 1780 504 1824 exclamavit,
533 1779 698 1812 violentia
722 1780 820 1812 illata

115 1836 250 1864 sorores
265 1835 303 1864 et
318 1831 394 1864 aliae
419 1834 585 1874 putarunt
597 1830 820 1868 exclamasse,

115 1885 156 1923 ut
177 1881 310 1923 siguum
325 1881 424 1914 daret
437 1882 516 1914 illis.
537 1882 644 1920 Idem.

158 1934 222 1965 ⁶⁶1
245 1931 400 1974 Peliacis]
433 1931 477 1964 Id
505 1937 573 1972 est,
601 1930 819 1968 Thessalicis.

117 1991 194 2014 uam
209 1980 331 2015 Pelion
346 1988 442 2015 mons
457 1986 511 2014 est
525 1982 725 2015 Thessaliae.
756 1982 820 2014 Ni-

116 2032 222 2076 sibus]
244 2028 278 2067 A
302 2034 430 2066 laboris
444 2034 663 2077 perpessione
683 2039 821 2076 sumpta

121 2087 174 2116 est
196 2078 463 2126 commendatio,
476 2085 525 2118 sic
541 2085 630 2117 enirn
652 2095 714 2127 per
729 2085 821 2117 labo-

120 2145 174 2168 res
196 2135 304 2167 virtus
327 2134 517 2177 perficitur,
537 2146 615 2168 uam
639 2135 822 2177 frigoribus

119 2191 156 2218 et
170 2185 345 2218 laboribus
359 2185 572 2218 assuefactus
593 2192 679 2218 esva
693 2187 822 2219 teneris

121 2236 230 2277 annis,
253 2234 401 2268 Chirone
421 2235 470 2268 ita
492 2236 705 2276 instruente3
733 2236 822 2268 unde

122 2285 311 2320 Horatius:
354 2290 364 2305 ⁴
389 2286 503 2318 Multa
540 2287 634 2327 tulit,
670 2285 823 2328 fecitque

122 2346 222 2380 puer,
236 2335 371 2368 sudavit
387 2341 421 2368 et
440 2335 543 2368 alsit.'
565 2337 719 2370 Britanu.

163 2390 229 2420 652
251 2387 361 2429 Neque
375 2396 431 2428 ego
445 2386 499 2419 hos
509 2386 626 2428 παίω]
639 2386 824 2420 Favorabi-

121 2438 190 2470 lem
212 2447 250 2471 se
277 2436 364 2469 facit
388 2437 661 2470 commendanda
686 2438 823 2480 puella:

123 2497 243 2522 sensus
268 2492 336 2528 est,
351 2497 524 2530 nunquam
550 2497 615 2530 ego
635 2487 695 2520 has
711 2492 825 2520 vestes

124 2536 307 2572 muliebres
327 2538 559 2580 sumpsissem,
581 2538 646 2571 nisi
671 2543 707 2571 te
731 2540 825 2581 prius

126 2586 288 2621 vidissem
306 2589 341 2621 in
357 2589 487 2622 littore.
512 2590 614 2622 Idem.

167 2641 232 2672 657
257 2639 359 2672 Pater
369 2638 458 2680 ante]
475 2639 749 2682 Anthypophora
760 2644 825 2683 est,

1443 216 1559 260 2033

861 322 958 361 patre
983 319 1212 356 interimatur,
1228 322 1265 351 et
1284 319 1313 351 is
1338 320 1558 363 respondeat,

858 373 939 401 ante
955 373 1054 410 pater
1074 373 1154 401 tuus
1168 375 1205 402 et
1219 373 1294 402 tota
1308 369 1457 413 denique
1472 371 1562 404 insu·

859 420 893 451 la
923 419 994 461 igni
1020 422 1055 451 et
1080 418 1173 452 ferro
1195 420 1332 461 penitus
1357 422 1562 462 vastabitur,

859 479 960 512 quam
985 469 1097 510 patiar
1121 473 1156 501 te
1174 479 1194 501 a
1216 476 1315 511 patre
1337 470 1501 513 interfici,
1524 478 1562 505 et

859 524 1013 553 nostrum
1029 519 1280 555 matrimonium
1296 521 1394 554 solvi.
1419 522 1520 555 Idem.

903 571 968 602 659
999 568 1089 601 Soevo
1108 570 1241 611 sunere]
1277 571 1379 605 Quod
1409 571 1562 606 Achilles

860 619 1076 652 interficeret
1094 620 1334 661 Lycomedem.
1356 616 1540 656 Matar-«int.

904 673 969 702 660
992 670 1129 712 Funere]
1150 670 1252 704 Quod
1279 676 1381 713 pater
1407 677 1441 705 te
1461 674 1567 705 inter·

861 719 970 761 ficiat,
982 723 1020 752 et
1032 729 1095 761 ego
1109 720 1145 751 iu
1161 729 1301 753 uxorem
1324 731 1391 754 non
1406 722 1565 764 habeam,

862 770 1016 814 quamvis
1031 771 1240 812 exposuerit.
1275 772 1404 814 Omnia]
1425 772 1467 804 In
1495 783 1566 805 om-

861 822 983 863 nibus3
999 831 1079 854 narn
1094 820 1273 853 ostendam
1289 831 1345 854 me
1356 831 1433 855 esse
1444 822 1565 856 virum.

863 873 965 905 Idem.
1377 868 1380 869 ⁷

908 926 971 956 661
995 922 1058 955 Sed
1071 926 1230 964 arreptum
1244 926 1349 955 taceas
1362 925 1498 966 celesque
1510 934 1568 966 pu·

863 975 985 1016 dorem]
1007 974 1187 1008 Restituo:
1219 976 1273 1007 sed
1299 979 1440 1017 ereptum
1465 980 1569 1010 taceae

862 1027 999 1067 celesque
1006 1026 1173 1067 pudorem5
1188 1029 1225 1057 et
1235 1025 1323 1057 hanc
1334 1027 1569 1068 conjecturam

864 1086 932 1108 non
948 1085 1071 1108 recuso
1095 1075 1187 1118 exigi
1209 1075 1252 1108 ad
1278 1076 1464 1110 obrussam.
1486 1078 1570 1110 Ber-

864 1129 950 1159 mre.

907 1179 972 1209 662
996 1175 1138 1217 Regina]
1160 1176 1346 1209 Deidamia
1368 1176 1439 1209 filia
1468 1177 1570 1218 regis.

866 1228 1020 1260 Britann.

909 1279 973 1309 663
998 1277 1184 1318 Quanquam
1210 1277 1284 1309 olim
1308 1281 1452 1319 suspecta
1469 1278 1571 1321 fides]

869 1329 959 1362 Haec
985 1338 1048 1371 per
1071 1329 1305 1371 parenthesim
1334 1330 1512 1371 leguntur,
1534 1335 1573 1362 ut

867 1381 913 1413 sit
940 1380 1049 1413 ordo:
1073 1380 1241 1412 exterrita
1268 1384 1337 1421 est,
1366 1385 1403 1413 et
1431 1380 1574 1413 horruit.

869 1431 1038 1474 Suspecta]
1063 1432 1118 1464 Ne
1143 1432 1267 1464 mulier
1293 1441 1362 1464 non
1386 1436 1478 1465 esset
1491 1442 1574 1475 qua-

869 1482 939 1514 lem
955 1482 1147 1515 simulabat.
1170 1483 1271 1514 Idem.

913 1535 979 1565 664
1002 1533 1047 1564 Et
1060 1532 1166 1571 facies
1177 1534 1310 1564 multum
1323 1536 1446 1565 mutata
1463 1532 1574 1572 suten-

871 1582 930 1623 tis]
954 1582 994 1614 Id
1011 1586 1078 1622 est,
1093 1583 1193 1623 longe
1209 1582 1276 1614 alia
1290 1582 1362 1614 visa
1378 1587 1433 1615 est
1455 1582 1575 1624 facies,

873 1637 909 1665 et
925 1632 1132 1673 apparentia
1158 1632 1194 1664 in
1221 1642 1276 1666 eo.
1324 1633 1482 1675 Fatentis]
1507 1633 1575 1666 Os-

872 1682 1047 1714 tendentis
1064 1692 1100 1714 se
1116 1692 1190 1714 esse
1205 1682 1329 1715 virum.
1350 1683 1452 1716 Idem.

914 1733 978 1764 668
1001 1731 1060 1763 Ille
1092 1732 1149 1763 diu
1183 1733 1328 1774 deeeptus
1357 1733 1459 1775 unwr]
1496 1733 1575 1767 Jam

873 1782 986 1824 aperit
1011 1782 1044 1813 in
1076 1791 1178 1824 quam
1207 1788 1341 1824 partem
1372 1783 1577 1817 deliberatio

874 1831 1039 1875 pendeat,
1055 1836 1093 1864 ut
1113 1833 1245 1865 scilicet
1271 1833 1384 1865 omnia
1399 1834 1491 1866 celet
1516 1844 1576 1876 pa-

875 1889 973 1915 trem.
999 1882 1118 1923 AEgru]
1142 1883 1319 1925 Sollicita;
1342 1893 1420 1916 nam
1445 1894 1576 1926 aegrum

874 1933 1030 1973 dicimus,
1043 1933 1142 1974 cujus
1157 1937 1226 1965 tam
1243 1933 1373 1966 animus
1388 1944 1490 1976 quam
1503 1943 1579 1966 cor-

875 1993 939 2026 pus
954 1984 1105 2024 languet.
1129 1984 1228 2016 Idem.

916 2036 981 2066 672
1004 2033 1135 2074 AEgros]
1163 2034 1342 2076 Molestus,
1358 2035 1417 2078 qui
1440 2035 1578 2078 aegritu-

875 2079 988 2116 dinem
1003 2083 1163 2117 afferunt.
1187 2085 1368 2117 Britannic-

917 2137 980 2167 673
995 2134 1156 2176 Oce-aluit]
1178 2135 1294 2167 Texit.
1318 2135 1430 2179 Statu]
1452 2136 1494 2168 Id
1511 2141 1579 2178 est,

876 2189 1019 2227 statuta,
1032 2191 1067 2217 et
1082 2186 1245 2227 legitima.
1265 2187 1365 2219 Idem.

918 2238 983 2268 674
1004 2236 1122 2277 Index]
1160 2237 1262 2270 Quod
1289 2246 1413 2278 pueros
1439 2236 1580 2278 indicet,

877 2291 914 2320 et
928 2287 962 2318 in
979 2287 1089 2318 lucem
1100 2286 1236 2326 mittat;
1261 2296 1340 2318 nam
1356 2286 1401 2318 ob
1417 2296 1492 2319 eam
1507 2297 1579 2320 rem

878 2336 1148 2381 parturientibus
1172 2346 1322 2378 praeesse
1349 2336 1473 2376 fertur,
1489 2337 1580 2379 quod

879 2388 996 2420 statim
1012 2393 1092 2418 nata
1106 2396 1245 2427 operam
1257 2386 1399 2418 nutricis
1417 2386 1582 2428 praestitit

879 2436 1021 2472 Latonae
1037 2438 1137 2470 matri
1154 2437 1359 2480 parturienti
1372 2437 1582 2479 Apollinem.

878 2482 1021 2530 Luc'im}
1050 2489 1178 2530 Diana,
1205 2498 1281 2531 quae
1312 2487 1583 2529 parturientibus

881 2548 1030 2582 praeesse
1048 2538 1186 2579 dicitur,
1203 2547 1393 2580 nomenque
1409 2538 1545 2580 accepit
1561 2548 1583 2571 a

880 2591 972 2630 luce,
988 2599 1029 2621 eo
1044 2589 1136 2632 quod
1153 2589 1187 2622 in
1208 2589 1320 2622 lucem
1344 2587 1449 2622 foetus
1465 2588 1581 2631 profe-

882 2637 955 2673 rat.'
980 2640 1080 2673 Idem.

127 2690 225 2733 quasi
249 2690 364 2733 puella
389 2690 518 2723 dixerit
541 2700 578 2724 se
598 2691 710 2724 vereri
737 2701 780 2725 ne
804 2702 825 2724 a
885 2732 889 2735 Ι

212 2840 326 2883 ΠεΙρΙι.
337 2845 367 2874 et
391 2841 464 2876 ναν.
481 2843 565 2877 Clas.

811 2844 895 2877 Stat.

1422 2843 1499 2877 ΒΝ
