1878 3164
302 231 417 274 1834

302 337 375 369 filia
401 336 616 378 redderetur,
645 338 693 370 ita
721 340 835 370 tamen
863 338 892 369 si
920 337 1002 369 nihil

301 387 396 428 apud
419 387 551 420 Inferos
571 388 788 429 gustavisset,
803 392 839 420 et
863 397 940 420 cum
967 388 1002 420 in

301 447 346 470 eo
358 436 479 470 fuisset
494 443 533 470 ut
546 445 689 471 matrem
701 438 770 471 filia
785 445 1000 481 sequeretur,

303 485 530 528 Ascalaphus,
552 488 610 529 qui
634 488 725 530 apud
749 487 886 521 Inferos
911 493 1001 530 erat,

303 535 392 568 dixit
408 537 650 579 Proserpinam
665 547 685 570 e
701 540 856 580 pomario
870 539 965 571 Ditis
980 549 999 571 e

300 587 390 618 mala
419 588 541 628 punico
569 589 758 630 gustavisse
788 590 856 621 tria
882 599 998 630 grana.

300 636 484 678 Indignata
521 639 627 671 Ceres
657 639 829 672 convertit
858 639 998 672 Ascala-

299 686 404 727 phum
427 687 461 718 in
485 686 666 720 bubonem.
711 689 767 720 De
790 689 1000 731 Proserpina

295 746 383 769 <vero
398 737 447 769 sic
468 737 553 769 ficta
571 737 690 770 fabula
715 743 780 771 est.
823 739 998 772 Caeterum

297 791 420 819 tenore
436 787 656 829 philosophiae
669 788 785 820 divina
800 789 912 821 anima
924 799 998 822 esse

297 837 465 878 signatur,
480 847 556 879 quae
581 837 735 870 indicans
756 843 888 871 naturae
904 839 998 872 nefa-

297 887 360 918 rias
376 887 604 928 cogitationes
618 886 639 907 ⁶
654 892 690 920 et
707 888 863 929 polluens
879 899 997 922 necess

299 937 404 970 nitate
434 938 535 970 baesit
570 942 668 971 tenta
703 938 861 971 infernali
898 940 962 972 hoc
978 940 998 959 ³

296 986 423 1019 mundo
450 988 630 1029 praelibans
653 988 728 1020 dira
744 990 786 1022 vi.
832 990 909 1023 Qua
924 991 996 1032 ejiis

294 1037 407 1079 fruge.
421 1038 456 1070 id
472 1043 539 1080 est,
554 1040 704 1071 cruentis
719 1041 838 1081 epulis.
859 1042 997 1074 Buboni

296 1092 412 1120 autem
429 1089 497 1120 tale
522 1088 670 1120 studium
693 1098 763 1122 non
778 1095 848 1122 tam
864 1090 994 1134 fabula,

294 1146 394 1178 quam
410 1144 531 1170 natura
545 1140 768 1180 praescripsit.
791 1141 890 1174 laem.

337 1191 400 1219 513
425 1189 646 1230 Hisne-dari]
679 1190 876 1232 Indignatio
906 1192 994 1225 vatis

294 1238 436 1269 senioris
460 1238 493 1269 in
521 1239 682 1280 Numina,
706 1240 795 1282 quod
817 1241 994 1282 patiantur

294 1296 440 1328 regnare
465 1298 528 1329 per
553 1290 708 1330 apertum
735 1290 897 1323 aetherem
923 1297 992 1324 tam

294 1341 387 1372 diras
414 1341 526 1372 avium
553 1341 723 1380 cobortes,
746 1351 823 1374 cum
852 1344 993 1375 meliora

292 1391 507 1432 speraverint
528 1391 649 1427 omnia,
667 1392 775 1433 justa,
799 1396 838 1424 ut
854 1393 992 1425 videba-

293 1445 362 1479 tur,
377 1450 479 1472 causa
495 1441 620 1472 bellum
637 1443 776 1482 gesturi.
806 1443 991 1475 Vasa-1201.

334 1493 400 1522 616
428 1491 518 1523 Varii
540 1495 634 1533 pater
656 1493 771 1529 omina,
797 1493 868 1534 εμπ]
902 1495 991 1535 ΤιιΙὶ,

291 1539 415 1582 inquit,
445 1538 537 1573 varia
562 1541 674 1574 omina
696 1543 831 1583 Phoebi,
854 1553 898 1576 ex
923 1555 990 1586 quo

289 1592 402 1623 omine
432 1591 523 1623 inter
558 1602 656 1635 reges
692 1594 859 1626 semideos
889 1595 989 1636 pinus

289 1640 390 1674 duxit
404 1642 577 1674 Thessala.
612 1643 711 1675 Dicit
728 1649 855 1684 autern,
870 1654 913 1676 ex
927 1646 989 1677 illo

289 1696 445 1733 tempore
461 1702 528 1734 quo
544 1703 620 1724 cum
642 1692 852 1735 Argonautis
867 1700 988 1728 vectus

287 1749 337 1773 sc.
368 1742 473 1775 Jason
506 1743 651 1775 Colchos
683 1744 784 1785 petit.
830 1745 989 1778 Semideos

285 1801 376 1832 reges
390 1792 451 1832 ait,
467 1792 548 1834 quia
568 1791 628 1824 filii
650 1802 767 1834 regum
782 1804 898 1826 omnes
910 1795 986 1828 'fue-

286 1847 380 1883 runt,
397 1842 504 1884 quiin
530 1843 589 1875 illa
611 1844 690 1875 navi
717 1844 870 1885 impositi
897 1850 986 1878 sunt.

286 1893 434 1925 Thessala
444 1893 553 1934 pinus]
588 1894 694 1935 Argo,
721 1905 797 1936 quae
825 1895 859 1926 in
886 1896 986 1927 Pelio

284 1948 401 1974 monte
415 1943 598 1974 Thessaliae
625 1942 793 1976 fabricata
809 1949 874 1978 est.
917 1946 986 1978 Pe-

284 1993 340 2024 11ae
369 1993 475 2034 igitur
508 1994 662 2033 Neptuni
692 1993 763 2025 filio
791 2004 811 2026 a
837 1995 984 2027 sortibus

283 2047 498 2085 praeceptum
511 2048 597 2084 erat,
608 2054 683 2075 cum
698 2044 865 2086 Neptuno
880 2046 984 2077 sacri-

282 2092 417 2130 ficaret,
433 2098 469 2126 et
482 2094 602 2135 aliquis
616 2094 708 2126 nudo
726 2095 812 2136 pede
824 2105 984 2137 superve-

282 2145 401 2184 nisset,
423 2149 505 2177 tunc
521 2145 553 2176 ei
570 2149 713 2176 mortem
729 2147 983 2188 appropinqua-

282 2194 331 2228 re.
375 2195 410 2226 Is
434 2204 516 2236 ergo
542 2204 618 2226 cum
641 2205 750 2227 annua
772 2206 870 2228 sacra
889 2197 984 2238 Nep-

283 2250 367 2278 tuno
383 2245 528 2286 faceret,
540 2246 562 2278 J
566 2255 647 2277 ason
659 2246 792 2278 AEsonis
806 2246 895 2279 filius
908 2258 982 2280 cum

281 2296 430 2328 venisset
445 2296 488 2327 ad
514 2295 652 2337 flumen,
673 2297 707 2327 in
731 2297 810 2328 limo
833 2307 934 2329 unum
950 2298 983 2330 ei

281 2345 540 2377 calciamentum
557 2345 722 2378 adliaesit:
759 2347 816 2379 ille
833 2351 870 2379 ut
891 2349 982 2380 cele-

280 2396 348 2426 rius
365 2396 511 2435 veniret,
525 2395 691 2436 neglexit.
722 2397 806 2428 Cum
822 2407 982 2438 superve-

281 2446 371 2477 niret
407 2445 588 2483 sacrificio,
619 2446 735 2478 Pelias
771 2449 916 2488 aspexit,
944 2452 982 2480 et

280 2509 411 2531 memor
447 2499 588 2530 sortium
612 2499 719 2540 jussit
758 2508 834 2530 eum
863 2499 979 2531 arietis

280 2550 404 2590 pellem
421 2550 612 2581 inauratam
635 2559 655 2581 a
669 2549 808 2582 Colchis
824 2553 944 2590 petere
960 2560 979 2581 a

280 2608 360 2639 rege
379 2599 472 2638 OEta‚
488 2600 544 2640 qui
567 2605 756 2631 convocata
779 2599 977 2631 Graecorum

277 2649 439 2681 nobilium
457 2650 645 2690 juventute
670 2650 817 2682 Colchos
842 2650 978 2692 profec-

282 2705 337 2731 tus
353 2702 416 2730 est.
440 2699 636 2731 Lactantius.

321 2750 384 2794 521
408 2747 544 2779 Auditus
559 2748 669 2779 Iasone
695 2747 842 2790 Mopsus]
875 2749 977 2791 Mop-

279 2807 336 2832 sus
355 2798 522 2840 Apollinis
539 2801 577 2831 et
592 2797 766 2831 Himantis
781 2797 880 2842 filius,
896 2798 977 2832 ami-

758 243 900 274 NOTAE
934 242 1198 276 unionum
1230 245 1284 276 m
1335 236 1337 238 ’

1052 338 1134 371 citia
1146 338 1266 372 Jasoni
1282 338 1350 371 fida
1364 340 1578 381 coniunctos,
1593 339 1751 378 divinari}

1051 388 1086 420 di
1102 389 1242 430 peritus.
1265 388 1326 422 Ait
1341 399 1422 431 ergo
1435 399 1526 422 nunc
1539 389 1746 432 Melampus,

1050 447 1119 470 non
1135 439 1210 480 plus
1226 449 1280 471 me
1296 439 1432 472 auditus
1453 444 1508 471 est
1528 439 1748 481 Mopsusimv

1050 487 1259 520 minentibus
1272 488 1424 520 cladibus
1445 498 1523 521 cum
1545 497 1608 528 ego
1621 487 1748 526 summ

1050 538 1284 579 praedicerem.
1327 539 1369 571 In
1394 543 1528 572 tantum
1544 539 1636 576 enirn
1651 547 1746 582 m&

1048 597 1112 620 nus
1123 587 1339 630 fuitMopsus
1355 589 1389 620 in
1405 589 1593 631 augurandi
1609 589 1747 631 puritia,

1049 642 1088 670 ut
1103 643 1181 679 post
1195 643 1338 678 mortem
1350 639 1383 671 ei
1395 640 1525 681 templa
1537 638 1656 677 dicata
1668 639 1748 681 aiut,

1049 697 1069 719 a
1093 698 1236 729 quorum
1260 688 1373 729 adytis
1398 698 1492 731 saepe
1508 689 1746 728 nonninus&

1048 748 1173 780 sponsa
1186 739 1373 781 accipiunt.
1396 740 1496 776 Iden.

1089 791 1153 820 528
1187 789 1258 821 Hac
1284 798 1355 821 rere
1378 789 1414 821 in
1435 788 1588 830 imagine]
1623 789 1671 826 In
1681 788 1747 824 hac

1047 838 1194 879 imagine
1216 848 1291 870 esse
1313 837 1405 880 finge
1428 839 1572 873 Thebas.
1608 834 1746 879 ‚Reddit

1047 897 1168 920 causas
1182 898 1243 920 cur
1256 898 1318 930 pro
1329 888 1456 921 Thebis
1468 889 1581 930 accipi
1593 888 1746 927 debeant

1047 938 1159 979 cygni,
1177 938 1256 980 quia
1279 943 1319 970 ut
1336 938 1491 974 Thebani
1509 939 1628 980 muris,
1641 939 1700 974 illi
1708 949 1746 978 aa

1047 997 1131 1030 gyro
1147 987 1763 1022 vallabant.1aem.·

1089 1041 1153 1070 532
1175 1038 1377 1079 Armiger-as]
1410 1038 1589 1081 Significat
1601 1012 1746 1082 aquilas.

1047 1098 1123 1130 quae
1140 1088 1173 1120 in
1190 1090 1300 1121 tutela
1312 1088 1409 1123 Jovis
1424 1094 1534 1123 erant.
1558 1089 1660 1125 lae·-
1726 1112 1741 1125 -.

1088 1141 1152 1170 533
1178 1139 1312 1181 Concipe
1325 1139 1430 1180 reges]
1461 1139 1570 1181 Finge
1587 1139 1676 1180 jam,
1692 1139 1743 1176 is,

1045 1188 1133 1229 quit,
1154 1188 1217 1221 tibi
1234 1189 1440 1231 Argivorum
1462 1198 1584 1230 regen
1611 1193 1743 1231 septem

1044 1239 1133 1272 enim
1156 1249 1255 1281 reges
1279 1245 1399 1274 contra
1412 1239 1544 1273 Thebas
1568 1240 1743 1282 compita

1045 1294 1179 1321 verunt
1204 1290 1304 1322 Idem.
1701 1307 1704 1310 ⁴
1736 1307 1740 1317 ·

1085 1342 1149 1371 539
1173 1340 1256 1371 Face
1268 1340 1344 1372 solis
1357 1339 1487 1382 inarsit]
1505 1339 1634 1372 Omnes
1649 1319 1743 1381 aqui*

1042 1388 1098 1429 lae,
1115 1399 1199 1431 quas
1220 1399 1283 1432 pro
1305 1395 1439 1432 septem
1466 1389 1610 1424 ducibus
1634 1389 1742 1424 inter

1042 1443 1235 1481 pretantur,
1249 1449 1290 1472 eo
1315 1449 1441 1482 genere
1467 1440 1630 1482 periturae
1645 1445 1742 1480 aum,

1042 1494 1080 1522 ut
1108 1490 1199 1531 ipsos
1228 1490 1332 1522 duces
1364 1490 1507 1524 exitium
1535 1494 1665 1530 manet,
1700 1495 1741 1527 Μ

1040 1539 1251 1573 docebimus.
1291 1541 1453 1583 Capaneus
1464 1540 1621 1580 fulmina,
1653 1540 1741 1577 Inde

1040 1590 1139 1628 dixit,
1154 1591 1362 1631 inarsitsace,
1383 1591 1471 1632 quod
1492 1600 1592 1624 ausus
1607 1591 1652 1626 sit
1671 1591 1740 1626 Dei

1040 1645 1240 1683 contemptu
1266 1651 1360 1675 arma
1382 1641 1517 1682 tollere,
1541 1645 1578 1674 et
1599 1651 1676 1675 cum
1704 1642 1738 1676 in

1038 1691 1142 1723 altum
1157 1691 1354 1724 sustolleret
1378 1694 1500 1723 contra
1513 1689 1566 1725 fas
1581 1690 1738 1725 fulmina

1038 1744 1094 1772 tus
1109 1740 1249 1774 decidit.
1271 1740 1370 1774 Idm.

1078 1794 1143 1823 640
1165 1791 1261 1823 Illum
1273 1790 1424 1831 vestigia]
1458 1771 1737 1832 Parthenopourn

1036 1842 1221 1885 significat,
1248 1843 1306 1885 qui
1329 1842 1452 1884 puerili
1475 1847 1582 1876 aetate
1605 1843 1736 1884 mnjora

1035 1894 1163 1926 viribus
1180 1894 1250 1926 suis
1272 1892 1449 1932 tentando,
1469 1892 1643 1929 consessus
1667 1898 1736 1929 est.

1035 1944 1139 1976 Idem.

1075 1996 1139 2026 542
1157 1994 1222 2026 Hic
1233 1993 1332 2034 hosti]
1346 1976 1534 2035 Polynicen
1549 1978 1736 2036 significat,

1035 2045 1092 2087 qui
1121 2045 1221 2077 fratri
1249 2045 1411 2077 morienti
1439 2045 1624 2086 implicitus
1654 2044 1735 2080 fuit.

1033 2095 1236 2138 Hunc-suga]
1251 2096 1439 2129 Adrastum
1453 2097 1552 2138 dicit,
1569 2097 1626 2139 qui
1641 2097 1734 2130 seius

1033 2147 1158 2179 evasit.
1179 2147 1280 2178 Idem.

1075 2199 1138 2229 544
1168 2197 1236 2228 Hic
1261 2195 1380 2238 nimbo]
1416 2195 1732 2237 Hippomedontem

1032 2247 1201 2288 significat
1210 2247 1358 2279 fluminis
1368 2247 1555 2288 periturum
1569 2255 1644 2278 esse
1657 2254 1731 2279 uer-³v

1032 2298 1151 2338 tigine.
1196 2297 1264 2328 Hic
1277 2295 1426 2337 proepeee]
1459 2295 1613 2336 'l‘ydeum
1635 2294 1732 2335 dicit,

1031 2347 1101 2389 qui,
1115 2346 1347 2378 interfectoris
1357 2345 1409 2376 sui
1429 2344 1622 2386 Menalippi
1633 2345 1730 2376 obla·-

1031 2400 1067 2429 to
1093 2397 1159 2428 sibi
1188 2396 1315 2436 capite,
1345 2394 1521 2426 cerebrum
1551 2395 1626 2436 ejus
1649 2395 1731 2428 dnm

1029 2445 1221 2478 nior-eretur
1237 2443 1426 2477 absorbuit.
1447 2445 1550 2477 Idm.

1071 2499 1135 2528 552
1167 2495 1301 2527 Miseria
1341 2494 1565 2536 animantibus]
1609 2495 1728 2527 Homi-

1029 2545 1143 2587 nibus,
1166 2545 1224 2587 qui
1250 2543 1326 2576 fere
1349 2543 1530 2576 miserrimi
1554 2546 1644 2576 inter
1658 2546 1729 2577 ani-

1028 2596 1129 2627 malia
1152 2604 1256 2636 super
1283 2598 1422 2634 terram,
1449 2604 1525 2626 cum
1541 2596 1670 2637 seipsos
1686 2596 1727 2627 iis

1027 2646 1128 2678 rebus
1158 2644 1366 2685 excruciant,
1391 2654 1475 2686 quas
1500 2651 1632 2678 mutare
1658 2656 1726 2678 non

1026 2701 1179 2739 possunt.
1207 2696 1277 2728 Vet.
1292 2695 1460 2727 Scholiast.

1031 2746 1036 2751 '
1067 2750 1132 2779 568
1154 2747 1391 2787 Numerataque
1417 2746 1536 2779 unzin«
1563 2746 1662 2788 lunoe]
1687 2748 1724 2780 Si

1025 2798 1155 2840 semina,
1177 2801 1318 2841 propter
1342 2805 1495 2840 spumam
1519 2797 1658 2839 magicae
1675 2807 1728 2830 ar·
