1878 3164
290 208 403 251 19¹8

290 323 363 347 sum
379 313 556 348 Bacchum
569 313 710 355 fugasse
731 297 883 356 tingitur.
905 313 989 345 Ber·

290 368 510 448 ”digia-Anne
529 413 749 456 triumphatos]
770 414 874 446 Liber
899 413 989 446 enim

290 465 417 496 dicitur
432 464 554 496 deinde
566 464 675 505 egisse
687 464 905 505 triumphum.
920 465 996 496 Une

290 514 333 546 de
350 515 444 555 Virg.
487 515 497 532 ‘
511 515 585 546 Nec
603 514 659 556 qui
675 514 864 555 pampineis
880 514 991 546 victor

285 565 369 606 juga
408 563 520 597 flectit
556 564 694 597 habenis
730 565 846 606 Liber,
885 573 990 606 agens

290 615 381 648 celso
407 615 503 647 Nisae
532 614 576 646 de
607 616 735 647 vertice
757 614 886 659 tigres!
909 614 991 646 Lac-

290 669 372 698 tant.
416 665 508 697 Anne
530 664 750 706 triumphatos]
773 665 816 696 Id
839 669 904 706 est,
929 674 992 706 per

291 716 493 756 triumphum
509 714 642 747 ductos.
684 715 846 757 Virgilius
858 715 990 756 Georg-

290 773 348 795 111.

292 813 334 844 ab
351 813 466 846 littore
482 813 624 854 gentes.'
667 814 830 846 Horatius
848 822 906 845 ιιι.
923 813 991 846 Od.

289 865 298 881 ‘
314 863 608 905 Triumphatisque
634 864 740 905 possit
764 864 870 896 Roma
892 863 991 896 ferox

291 913 465 954 darejura
481 913 620 945 Medis.’
665 914 809 946 Ovidius
826 915 868 947 de
885 915 990 947 Pont.

292 972 334 995 11.
352 963 447 1005 Eleg.
462 966 496 995 2.
539 963 549 981 ‘
567 963 667 995 Adde
680 964 904 1005 triumphatos
919 974 990 996 mo-

291 1012 516 1046 ‹lo-Paeones?
539 1014 691 1045 Ber-nort.

334 1066 396 1095 182
418 1063 554 1095 Latonia
567 1063 692 1104 frater]
716 1063 910 1107 Apollinem
941 1063 998 1095 di..

291 1113 350 1153 cit,
373 1114 431 1155 qui
457 1114 569 1144 Delon
597 1113 739 1145 insulam
766 1114 800 1145 in
829 1115 988 1146 honorem

290 1162 436 1194 materni
465 1166 585 1204 partus
610 1163 765 1195 stabilem
793 1163 887 1196 fecit.
910 1164 991 1196 Lac-

289 1216 372 1246 tant.
535 1218 537 1220 ’
922 1219 925 1222 ’
968 1220 974 1226 ‘

333 1264 396 1294 184
421 1264 643 1295 Commendare
657 1262 771 1303 fretis]
795 1263 834 1295 ld
850 1268 916 1305 est,
931 1264 990 1295 du-

290 1314 373 1345 abus
389 1313 506 1345 insulis
533 1314 686 1354 alligare.
708 1318 711 1325 '
729 1314 738 1331 ‘
751 1313 874 1345 Freta’
900 1314 989 1346 euim

290 1363 428 1404 proprie
458 1363 565 1394 maria
593 1363 768 1401 dicuntur,
797 1372 991 1405 qnae-aestu

290 1413 410 1453 rapido
430 1413 560 1444 vicinas
576 1417 684 1444 terras
698 1413 920 1446 interfluunt:
946 1414 991 1446 de

290 1473 357 1504 qua
375 1463 483 1494 insula
499 1463 547 1494 ait
568 1463 690 1503 Virgil.
713 1468 722 1482 ‘
735 1464 885 1504 Mycone
900 1464 993 1496 celsa

290 1511 477 1553 Gyaroque
501 1512 670 1545 revinxit-¹
715 1513 869 1546 Hostiles
883 1513 992 1546 Atlie-

290 1571 350 1593 nas
365 1561 464 1603 dicit,
481 1572 564 1604 quas
581 1573 656 1595 cum
676 1563 874 1596 inundasset
898 1565 991 1605 Nep-

290 1616 405 1652 tunns,
419 1613 578 1645 Minerva
593 1624 649 1646 eas
665 1614 794 1647 diluvio
807 1614 966 1646 liberavit
980 1625 988 1646 :

289 1672 352 1704 pro
366 1673 432 1704 qua
446 1663 529 1695 urbe
542 1664 762 1696 contendisse
774 1664 903 1697 dicitur
914 1674 990 1696 cnm

289 1714 455 1755 Neptuno
482 1715 629 1747 inventis
652 1715 868 1747 muneribus:
894 1716 988 1756 Nep-

289 1767 392 1795 tunus
421 1773 470 1796 sc.
501 1773 637 1806 equum,
667 1765 824 1796 Minerva
853 1765 989 1805 olivam,

290 1823 389 1854 quam
406 1812 557 1845 fabulam
571 1814 686 1855 tetigit
699 1814 826 1855 Virgil.-
845 1814 986 1846 dicens:

289 1862 379 1902 “Cui
403 1863 512 1904 prima
529 1862 731 1895 frementem
746 1863 849 1896 Fudit
863 1874 989 1905 equum

288 1921 412 1953 magno
433 1913 534 1943 tellus
550 1922 712 1953 percussa
734 1912 910 1945 tridente.’
953 1914 987 1946 1-

289 1965 359 1993 tem
377 1972 385 1993 :
409 1962 419 1980 ‘
435 1961 602 2004 Oleaeque
616 1962 772 1994 Minerva
787 1962 988 1997 Iuventrix.'

237 2032 247 2036 -
290 2012 390 2043 Idem.

334 2063 397 2093 186
423 2062 600 2104 Epaphum]
623 2063 720 2096 Jovis
743 2067 779 2096 et
794 2064 834 2096 Io
866 2063 986 2107 filium,

290 2111 348 2152 qui
373 2112 529 2151 regnavit
548 2113 582 2143 in
603 2113 777 2154 AEgypto;
799 2114 896 2155 cnjus
917 2125 986 2146 ma-

290 2167 346 2194 ier
369 2171 468 2193 versa
506 2166 559 2194 est
593 2162 627 2194 in
658 2164 861 2205 juvencam3
897 2166 987 2197 unde

289 2211 387 2251 Virg.
431 2212 441 2230 ‘
458 2210 508 2243 At
527 2212 636 2244 levem
661 2213 819 2254 clypeum
845 2214 987 2247 sublatis

290 2261 450 2293 cornibus
466 2260 530 2293 10)
551 2262 650 2295 Idem.

333 2313 394 2342 187
410 2311 552 2353 Cyllene]
576 2312 739 2353 Arcadia,
755 2313 788 2345 in
804 2324 872 2356 qua
895 2314 990 2346 Mer-

290 2361 402 2393 curius
419 2361 543 2392 dicitur
558 2366 667 2394 natus.
711 2363 860 2396 Minoave
884 2364 990 2405 curat]

291 2410 403 2441 Minos
419 2415 456 2442 et
484 2411 737 2446 Rliadamantus
752 2413 848 2446 Jovis
871 2418 907 2446 et
922 2415 989 2446 Eu·

290 2469 383 2500 ropae
400 2459 473 2500 filii,
497 2461 711 2494 Cretensium
726 2472 826 2504 reges
843 2475 852 2495 :
874 2464 934 2495 sed
950 2468 989 2496 ut

291 2510 452 2541 conciliet
479 2510 601 2543 Jovem
626 2512 660 2543 in
689 2522 834 2544 amorem
859 2514 990 2546 Theba-

291 2569 376 2598 runi,
418 2567 657 2593 commemorat
686 2572 769 2604 quos
796 2565 988 2596 mortalium

293 2619 405 2640 amare
420 2609 577 2650 dignatus
598 2612 641 2643 sit
657 2611 884 2653 foeminarum3
909 2613 990 2645 Alc-

291 2668 438 2698 menam,
460 2660 657 2702 Antiopam,
672 2662 704 2693 N
708 2661 881 2702 icteidem,
898 2667 989 2703 post-

291 2717 384 2739 remo
398 2709 580 2750 Europam,
601 2711 699 2752 cujus
711 2711 818 2746 frater
840 2713 987 2746 Cadmus

292 2758 447 2791 condidit
461 2759 610 2793 Thebas.
634 2761 731 2793 Idem.

408 764 558 805 ‘Bisque
595 764 819 804 triumphatas
846 768 998 805 utroque

746 219 889 250 NOTAE
920 216 1286 250 VAmoRUM·1N·
1315 222 1317 224 ’
1343 221 1346 224 “

1080 314 1144 344 189
1158 312 1225 344 Hie
1240 311 1299 343 tibi
1314 310 1450 353 quando]
1465 309 1634 345 Quoniam
1645 319 1656 344 ε
1668 309 1748 344 01²⁶:

1039 362 1083 395 do
1109 366 1188 395 est:
1214 362 1282 394 Hic
1309 361 1373 394 tibi
1397 366 1517 394 noctes
1543 361 1749 403 Hercule-e

1039 417 1076 445 et
1086 413 1187 445 ardor
1201 412 1386 455 Anthiopae
1396 412 1478 446 filiae
1490 413 1619 454 Nictei‚
1631 420 1749 455 quau

1040 464 1132 505 Lyco
1153 464 1297 505 expulsa
1312 473 1376 505 per
1398 464 1540 505 Dyrcen
1561 471 1581 494 ι
1602 462 1692 495 Jove
1705 459 1749 501 in.

1040 517 1174 545 taurum
1205 523 1301 545 verso
1340 518 1503 554 corrupta
1537 517 1613 544 est:
1650 510 1742 545 unde

1038 563 1148 595 Zetus
1160 569 1197 595 et
1206 563 1375 605 Amphion
1389 563 1560 606 progeniti
1571 562 1748 596 feruntur.

1042 614 1144 646 Idem.
1577 619 1580 622 ”
1700 620 1702 622 “

1055 686 1058 688 -
1084 665 1147 694 190
1170 662 1336 694 Nicteidas
1359 663 1468 704 ardor]
1492 662 1598 696 Amor
1619 662 1743 696 Antio·

1040 722 1092 754 pae
1107 713 1237 754 Nyctei
1253 711 1342 745 filiae.
1366 713 1514 746 Laetam.
1669 740 1673 745 .
1744 735 1749 744 ,

1086 765 1147 795 191
1172 763 1239 795 Hie
1270 763 1398 804 Tyrium
1428 763 1544 804 genus]
1588 763 1742 805 Propter

1041 813 1211 854 Europam
1229 818 1265 845 et
1288 813 1467 852 Cadmum,
1484 813 1574 855 quod
1593 813 1741 847 Cadmus

1037 863 1133 905 Tyrii
1149 862 1319 904 Agenoris
1331 862 1420 894 filius
1439 862 1518 903 fuit,
1533 863 1591 906 qui
1607 863 1742 896 Thebas

1039 912 1209 952 condidit,
1235 911 1346 944 frater
1369 913 1544 955 Europae:
1567 913 1667 956 cujtu
1689 913 1742 947 rei

1039 962 1294 995 necessitudine
1341 963 1510 995 Thebanis
1554 962 1741 999 conciliare

1040 1013 1113 1045 vult
1138 1013 1273 1046 Jovem.
1316 1012 1454 1045 Felicior
1471 1013 1566 1054 igne]
1587 1013 1746 1046 Amoresz·

1038 1061 1171 1095 felicior
1185 1072 1266 1104 ergo
1292 1063 1430 1103 Europa
1451 1062 1597 1104 Semele,
1613 1062 1742 1106 quippe

1040 1122 1115 1153 qnae
1137 1111 1264 1144 fulmen
1282 1122 1343 1153 pro
1367 1121 1481 1144 amore
1497 1123 1660 1155 perpessa
1673 1117 1740 1147 est.

1039 1162 1125 1194 Ideo
1140 1163 1269 1195 Nostro
1284 1161 1499 1202 ignefelicior.
1522 1162 1630 1196 Idem.
1642 1181 1649 1184 ’ν

1084 1215 1147 1244 193
1169 1212 1326 1244 Invidiam
1353 1212 1430 1243 risit
1452 1211 1560 1253 pater]
1590 1211 1745 1245 Invidi&

1041 1272 1111 1293 sam
1129 1262 1314 1294 orationem
1326 1261 1466 1302 Jupiter
1477 1262 1644 1295 mitiorem
1659 1261 1740 1296 effe-

1041 1312 1100 1353 cit,
1116 1317 1153 1344 ut
1169 1312 1292 1353 Virgil.
1336 1312 1346 1330 ‘
1358 1311 1430 1343 Olli
1442 1311 1620 1344 subridens
1635 1313 1749 1349 humb,

1041 1371 1120 1393 num
1145 1365 1237 1393 sator
1263 1365 1367 1403 atque
1396 1361 1573 1395 Deorum.'
1616 1362 1742 1404 Popliee

1037 1410 1181 1452 plexum]
1204 1410 1245 1442 Id
1261 1415 1326 1453 est,
1352 1411 1496 1453 genibus
1526 1411 1740 1451 inclinatum.

1050 1536 1054 1538 s
1084 1514 1146 1543 197
1169 1511 1226 1543 Sic
1241 1515 1389 1552 expostus
1401 1511 1474 1553 ego]
1494 1511 1551 1545 Sic
1566 1511 1649 1549 fatis
1664 1523 1738 1553 nim

1040 1560 1209 1602 subditus,
1224 1565 1263 1593 ut
1286 1561 1494 1594 imminentia
1520 1565 1654 1596 mutare
1668 1573 1739 1598 non

1040 1612 1177 1653 possim.
1206 1612 1301 1644 Dicit
1315 1621 1412 1653 ergo,
1423 1621 1489 1644 non
1500 1612 1646 1646 Junonis
1661 1623 1745 1656 gra-³

1039 1661 1088 1693 tia
1102 1661 1230 1693 Thebis
1250 1661 1430 1694 indicimus
1453 1661 1592 1704 bellum,
1603 1672 1624 1695 o
1639 1673 1739 1705 puer,

1037 1716 1079 1744 ut
1098 1717 1211 1754 putas,
1227 1721 1338 1754 neque
1354 1711 1444 1744 enim
1469 1712 1642 1746 mutabilis
1661 1723 1747 1746 esse-

1037 1766 1155 1804 potest
1176 1763 1327 1804 Jupiter,
1349 1762 1408 1804 qui
1429 1762 1568 1795 immoto
1584 1761 1749 1801 fatorum.

1038 1812 1155 1844 ordine
1190 1822 1230 1844 ea
1256 1822 1332 1854 quae
1357 1812 1462 1844 semel
1488 1816 1568 1845 sunt
1597 1812 1740 1846 decreta

1037 1862 1209 1903 complere
1229 1871 1296 1893 non
1316 1860 1444 1894 differt.
1489 1862 1552 1894 Isti
1575 1872 1658 1896 vero
1681 1873 1743 1905 po·

1037 1913 1122 1954 puli,
1140 1912 1174 1944 id
1198 1918 1266 1952 est,
1288 1911 1408 1954 Argivi
1431 1911 1502 1944 sive
1517 1912 1673 1945 Tbebnui
1693 1913 1737 1946 ad

1037 1963 1102 1995 hoc
1117 1962 1273 1996 fataliter
1288 1962 1360 1995 nati
1380 1968 1473 2003 sunt,
1502 1969 1542 1994 ut
1562 1962 1660 1995 bellis
1680 1963 1732 1995 in·

1039 2018 1184 2047 tereant.
1212 2015 1311 2046 Idem.
1743 2024 1745 2026 ·

1089 2068 1151 2097 201
1186 2063 1363 2105 Reponam]
1411 2063 1596 2105 Revocem,
1627 2063 1737 2105 repri-

1038 2124 1138 2155 mam,
1151 2115 1340 2147 cohibeam.
1364 2114 1464 2145 Idetn.

1080 2168 1145 2198 204
1171 2165 1312 2197 Veterem
1333 2164 1506 2205 Calydona,
1527 2162 1596 2205 εμπ]
1621 2163 1736 2207 >Virgi-

1037 2214 1129 2248 lius:
1154 2214 1355 2247 ‘Concessit
1376 2213 1411 2245 in
1434 2213 1504 2246 iras
1520 2213 1602 2255 lpse
1624 2213 1737 2247 Deum

1039 2265 1212 2306 antiquam
1237 2265 1374 2305 genitor
1394 2263 1569 2305 Calydona
1589 2263 1738 2296 Diana?

1039 2316 1174 2347 Servius
1191 2325 1199 2346 :
1216 2318 1226 2333 ‘
1245 2314 1384 2354 (Eueno,
1406 2313 1590 2355 Calydonis
1611 2322 1671 2345 rex
1691 2314 1736 2346 de

1039 2364 1197 2406 primitiis
1218 2363 1372 2396 omnibus
1391 2362 1582 2395 numinibus
1609 2364 1737 2396 sacrifi·

1041 2414 1146 2454 cavit,
1168 2417 1316 2454 excepta
1340 2413 1470 2454 Diana,
1490 2422 1566 2455 qnae
1590 2413 1677 2446 irata
1704 2424 1738 2446 a·

1040 2474 1136 2506 prum
1161 2464 1312 2505 immisit,
1337 2464 1394 2507 qui
1417 2470 1541 2497 cuncta
1555 2465 1738 2498 vastabat.’

1038 2515 1201 2556 Sequitur
1230 2519 1343 2546 autem
1370 2514 1404 2546 in
1431 2514 1496 2546 hoc
1517 2514 1620 2547 etiam
1643 2524 1741 2550 men-*⁴

1039 2569 1108 2597 tem
1132 2564 1283 2596 Maronis
1304 2563 1480 2604 Papinius,
1507 2564 1596 2606 quod
1612 2574 1737 2598 nocere

1038 2616 1048 2633 ‘
1065 2615 1195 2647 minora
1215 2613 1375 2645 numina'
1397 2623 1463 2645 non
1489 2623 1590 2656 posse
1614 2620 1736 2657 putata

1037 2664 1119 2704 sint,
1133 2663 1195 2695 nisi
1219 2666 1425 2704 potestatem
1440 2672 1460 2694 a
1475 2663 1660 2705 majoribus
1681 2674 1737 2698 ac-

1037 2713 1203 2754 ciperent.
1247 2711 1339 2744 Vide
1353 2712 1451 2744 Serv.
1467 2713 1606 2747 ibidem.

1078 2764 1142 2794 208
1166 2762 1303 2798 Tardum
1322 2761 1442 2796 abolere
1465 2761 1558 2804 mihi]
1590 2762 1634 2796 Id
1663 2767 1731 2806 est,
