1878 3164
495 249 540 282 P.
570 246 768 280 PAlet-
796 247 962 280 STA'ru
993 247 1139 279 THEB.
1173 248 1268 280 LlB.
1291 248 1324 278 1.

237 318 249 333 D

184 342 286 377 0011.
302 341 463 384 Honoril,
476 344 542 375 &c-
560 343 677 375 Barth.

225 396 291 427 ⁸1⁸
312 393 439 426 Furtim
460 394 584 426 deserta
606 391 764 435 pererrat]
787 392 882 434 Lips.

183 448 222 476 et
235 442 441 482 Both-finio
453 444 598 475 ωσι-ται
620 442 711 485 quod
726 442 884 483 recipere

182 494 267 527 mihi
295 494 417 535 religio
445 503 513 526 non
542 493 645 535 foret,
675 503 752 526 cum
780 494 883 525 sciam

181 543 366 586 scriptores
381 544 431 576 itu
445 544 574 586 passim
590 545 735 576 locutos.
758 544 885 576 Noster

181 594 243 626 tib.
254 602 314 627 ιιι.
357 594 368 612 ⁴
386 594 467 627 Heu
479 599 628 637 quantus
642 594 737 626 furto
758 594 884 626 cruor.'

181 645 280 678 Idem
309 645 369 678 lib.
393 654 445 679 1¹.
486 647 497 665 ⁴
525 645 640 678 Ausus
676 650 753 678 erat
789 645 885 678 furto

182 695 340 728 dextram
375 695 545 738 injectare
584 695 780 736 Leonteus‚'
817 698 884 729 &c.

181 745 336 778 Rerum.

222 797 290 827 ⁸14
311 795 400 828 Male
418 795 523 828 debita
545 795 661 837 regno]
684 796 764 828 Non
788 796 883 828 inde-

182 844 271 886 bita,
277 849 318 878 ut
327 846 498 887 munna,
507 847 568 879 sed
578 847 659 878 male
668 846 774 878 debita
784 846 887 888 dixit,

181 904 258 938 qum
274 900 368 928 esset
379 897 573 938 praeliorurn
586 897 808 930 incommodis
825 907 885 939 pe-

181 946 311 980 titurus
326 957 336 979 ε
359 952 420 980 ant
430 952 527 980 certe
539 948 628 980 male
644 947 800 989 concipit
815 948 884 979 ani-

183 1004 241 1028 mo
264 1005 372 1038 regna
396 997 463 1029 sibi
491 997 623 1037 debita,
646 1007 722 1040 quae
754 998 887 1030 sciebat

182 1053 377 1088 germanum
384 1056 555 1091 nunquam
564 1048 779 1080 redditurum
786 1058 887 1090 spon·

181 1101 230 1130 te.
245 1096 394 1131 Luceant.

223 1150 287 1180 ³1⁵
309 1148 422 1189 Signis
430 1147 662 1189 cunctantibus]
682 1148 795 1181 Tarde
807 1158 882 1191 pro-

182 1197 403 1235 cedentibus:
437 1199 483 1232 ad
519 1199 728 1232 desiderium
764 1200 882 1232 retulit

177 1259 278 1292 spem
293 1249 455 1292 gerentis.
479 1250 581 1282 Idem.

225 1303 289 1334 ⁸1⁷
314 1300 400 1335 Cum
428 1301 547 1342 virum]
586 1301 803 1334 Recursans:
839 1301 882 1333 ad

183 1351 428 1394 cogitationem
461 1352 538 1394 ejus
568 1352 700 1394 retulit,
733 1361 800 1384 non
838 1353 882 1385 ad

113 1401 120 1410 ‘
182 1401 285 1434 diem.
301 1402 400 1436 Idem.

224 1451 291 1484 ⁸19
313 1452 397 1484 Hoec
409 1462 510 1485 mum
529 1452 634 1494 cupiat
657 1462 714 1494 pro
736 1451 818 1494 luce]
840 1452 882 1485 Id

181 1507 250 1543 est,
263 1512 328 1545 pro
347 1503 405 1536 illo
426 1503 496 1545 die,
511 1513 579 1546 quo
597 1504 694 1545 cupit
714 1513 750 1535 se
768 1504 884 1536 videre

183 1558 398 1594 regnantem,
414 1553 561 1586 libenter
586 1554 693 1586 totius
710 1555 789 1586 vitae
811 1563 883 1586 suae

182 1601 324 1636 offerret
339 1608 506 1646 tempora.
527 1605 627 1637 Idem.

225 1657 292 1687 ⁸20
313 1655 467 1692 Queritur
493 1665 549 1689 ceu
571 1657 664 1688 tarda
684 1655 795 1697 fugoe]
815 1656 885 1689 De-

181 1705 328 1748 scriptio
341 1705 486 1739 hominis
509 1707 629 1739 auxii:
652 1715 742 1739 nunc
766 1716 884 1748 super-

181 1755 273 1789 biam
303 1765 418 1789 secum
444 1757 621 1799 regnantis
649 1761 789 1798 reputat
817 1756 885 1790 fra-

182 1807 258 1849 tris,
274 1807 383 1840 ,modo
408 1808 498 1841 votis
522 1808 666 1850 erigitur
694 1808 730 1840 in
759 1808 883 1850 spiritu

181 1858 292 1900 regio.
318 1858 417 1892 Idem.
459 1858 528 1891 Sed
556 1859 715 1891 omissum
741 1865 796 1892 est
823 1861 883 1892 ali-

182 1908 267 1951 quid
288 1909 329 1941 in
349 1913 450 1942 textu
472 1910 568 1942 Lact.
584 1910 627 1942 ad
655 1920 725 1942 rem
749 1912 884 1952 plenius

181 1959 555 2002 proponendam,qnod
579 1961 721 2002 explere
735 1961 818 1994 licet
840 1971 884 1993 ex

181 2015 382 2043 enarratore
390 2015 523 2052 nostro,
538 2011 549 2029 ‘
559 2015 660 2052 putat
673 2009 884 2053 fratris‚mo-

181 2058 229 2092 do
243 2069 282 2092 se
297 2061 332 2093 in
345 2060 438 2094 illius
453 2062 568 2095 locum
584 2062 689 2104 erigit
704 2062 737 2094 in
761 2063 884 2104 spiritu

182 2109 303 2152 regio!
318 2111 436 2145 Barth.

224 2163 288 2196 821
311 2162 358 2194 Et
381 2163 497 2195 sedisse
517 2162 694 2206 mperbum]
717 2163 796 2196 Sine
813 2174 884 2196 sus·

182 2211 319 2254 pieione
341 2213 471 2255 mendi,
487 2212 616 2255 absque
641 2214 738 2245 libris
759 2216 884 2247 veteri-

182 2262 247 2294 bus
262 2267 355 2295 esset
367 2274 378 2295 ε
401 2263 458 2306 qni
471 2264 716 2305 pereleganter
729 2269 762 2297 et
771 2266 886 2297 sedisse

180 2315 330 2357 anper-bue
343 2315 474 2356 Dq'eeto
489 2316 677 2355 tuncsratre
688 2321 782 2358 putat
790 2328 803 2356 ,-
825 2328 885 2359 pu·

181 2375 241 2399 rus
255 2372 360 2408 putus
384 2367 626 2400 hellenismus:
650 2369 810 2410 superbus,
824 2379 886 2409 pro

180 2416 358 2459 caperonem,
374 2426 482 2459 genus
502 2418 662 2460 loquendi
680 2425 860 2451 venustum
875 2429 885 2459 3

178 2467 349 2500 usitatum
385 2467 526 2509 optimis
554 2467 795 2510 scriptoribus,
826 2469 887 2501 sed

181 2516 275 2560 qnod
295 2522 470 2551 remotum
493 2518 538 2551 ab
562 2528 626 2550 usu
641 2518 733 2559 vulgi
749 2519 889 2560 imperi·

182 2572 238 2600 tos
263 2566 474 2601 offenderat:
508 2569 604 2609 virg.
649 2570 791 2602 ‘Sensit
820 2580 889 2603 me-

180 2617 258 2651 dios
273 2618 434 2660 delapsus
451 2619 485 2651 in
500 2619 642 2651 hostes!
658 2620 760 2652 Bern.

225 2670 290 2700 824
313 2668 476 2709 Inachias]
514 2668 597 2701 Sine
630 2671 890 2711 praepositione,

179 2717 193 2738 ‘
209 2718 253 2751 ad
283 2719 460 2752 Inachins'
485 2720 609 2753 urbes:
645 2726 685 2754 ut
715 2725 724 2740 ⁴
741 2721 891 2755 Inachiis

184 2777 261 2802 nese
274 2770 454 2803 referebat
471 2771 515 2803 ab
539 2770 667 2814 Argis!
689 2772 892 2814 Danaeiaque

184 2819 280 2862 arva]
301 2821 437 2864 Campi,
461 2821 498 2854 id
519 2826 587 2864 est,
603 2821 777 2865 agricolae.
822 2824 892 2858 Da-

1528 237 1643 280 1783

935 350 1018 373 nans
1034 344 1070 373 et
1083 341 1238 382 Egyptus
1254 339 1380 373 fratres
1395 339 1547 379 fuerunt,
1564 344 1643 375 Beli

935 390 1009 423 filii.
1054 391 1178 423 Danao
1205 390 1269 424 fuit
1287 391 1393 423 virilis
1417 402 1520 425 sexus
1547 394 1643 435 quin-

935 443 1102 484 quaginta
1118 452 1277 475 numerus
1292 442 1449 484 filiorum,
1464 453 1484 475 e
1504 443 1643 477 diverso

935 493 1073 534 Egypto
1090 503 1151 535 pur
1166 503 1328 526 numerus
1339 493 1498 534 filiarum.
1521 495 1644 528 Voluit

936 552 1020 584 ergo
1042 543 1182 575 Danaus
1205 543 1319 576 fratris
1333 544 1420 576 filias
1438 545 1555 578 liberis
1571 547 1642 579 suis

935 595 1152 627 matrimonio
1168 596 1319 628 sociare:
1345 599 1382 627 et
1394 597 1552 638 Egyptus
1568 607 1642 629 ora-

936 645 1013 676 culo
1034 649 1245 686 cognoverat
1260 646 1350 687 qnod
1367 647 1485 687 generi
1505 648 1557 679 sui
1573 658 1647 680 ma-

935 696 1035 727 nibus
1061 695 1231 728 interiret.
1276 696 1388 729 ,Iussit
1409 706 1493 739 ergo
1507 698 1643 730 filiabus

935 752 975 777 nt
1011 756 1151 788 sponsos
1187 747 1404 781 occiderent.
1445 749 1524 781 Sola
1568 750 1645 791 Hy-

936 800 1164 838 permnestra,
1177 797 1257 829 dum
1270 802 1408 830 caeterae
1421 798 1552 831 facinus
1564 810 1643 841 per-

936 852 1146 888 petrassent,
1160 848 1292 880 Linceo
1308 849 1478 889 pepercit.
1493 851 1642 883 Laetam.

979 900 1042 929 325
1066 899 1111 929 Ee
1141 898 1331 940 caligantes]
1372 899 1428 932 De
1458 899 1569 933 Atreo
1605 906 1643 934 et

935 948 1085 989 Thyeste
1095 949 1273 980 notissima
1285 949 1435 991 historia,
1449 951 1542 991 quod
1558 961 1643 983 uuus

937 998 1077 1030 alterius
1095 998 1222 1030 liberos
1247 1000 1365 1040 epulas
1390 999 1487 1040 fecit,
1503 1010 1571 1042 quo
1590 1011 1644 1033 as-

937 1054 1038 1090 pectu
1078 1050 1126 1081 sol
1164 1050 1292 1081 dicitur
1323 1049 1511 1091 refugisse:
1549 1052 1642 1084 unde

936 1099 1066 1141 abrupto
1088 1100 1151 1131 sole
1174 1099 1275 1140 dixit,
1302 1100 1472 1133 subducto
1502 1102 1643 1143 lumine,

938 1155 974 1182 et
989 1160 1007 1182 a
1024 1159 1127 1182 cursu
1143 1160 1205 1182 suo
1220 1158 1396 1183 revocato.
1418 1151 1519 1184 Idem.

980 1202 1044 1232 327
1058 1201 1122 1232 Seu
1133 1211 1201 1232 sors
1214 1201 1270 1233 itta
1284 1202 1362 1243 vioe]
1387 1202 1466 1234 Hoc
1480 1206 1546 1244 est,
1557 1203 1644 1235 illud

938 1251 1006 1283 iter
1032 1256 1093 1283 aut
1117 1251 1212 1284 furor
1237 1253 1356 1294 suasit,
1376 1259 1436 1286 aut
1455 1263 1569 1292 casus,
1586 1259 1646 1287 aut

936 1299 1059 1333 fatum.
1073 1302 1175 1334 Idem.

982 1354 1046 1384 328
1069 1352 1243 1384 Furor-ibus
1257 1353 1367 1395 antra]
1387 1353 1429 1385 In
1451 1353 1573 1395 quibus
1590 1355 1645 1386 Li-

939 1403 1002 1435 ber
1011 1407 1112 1444 pater
1121 1404 1248 1442 colitur
1258 1403 1393 1435 ululatu
1407 1403 1619 1436 Baccharum
1632 1416 1643 1438 z

939 1453 1128 1495 descriptio
1143 1453 1278 1485 itineris
1291 1453 1394 1485 illius.
1411 1454 1513 1486 Idem.

983 1506 1047 1536 329
1070 1504 1226 1535 Bacchaeo
1248 1504 1402 1544 sanguine
1424 1505 1533 1547 colles]
1562 1505 1646 1538 San-

941 1554 1056 1596 guine,
1082 1563 1182 1596 quem
1213 1558 1394 1596 perempto
1419 1555 1579 1589 Pentheo
1595 1556 1644 1589 A-

941 1615 1028 1647 gave
1043 1610 1154 1636 mater
1169 1602 1303 1636 effudit.
1335 1605 1567 1646 Cytheronem
1579 1607 1649 1649 sig-

940 1654 1072 1695 nificat,
1089 1654 1146 1686 nbi
1171 1663 1208 1686 se
1223 1654 1372 1687 Bacchae
1394 1659 1515 1688 secant
1528 1657 1564 1689 in
1586 1657 1647 1690 ho-

940 1714 1057 1737 norem
1075 1705 1202 1736 Liberi.
1219 1704 1321 1736 Idem.

982 1758 1047 1787 330
1072 1756 1144 1791 Qua
1155 1755 1245 1786 molle
1253 1754 1379 1796 sedens]
1403 1755 1576 1789 Paulatim
1593 1763 1647 1790 tu-

941 1816 1052 1839 mores
1082 1806 1219 1838 collium
1247 1807 1281 1837 in
1308 1807 1447 1848 planum
1475 1809 1646 1841 relaxans.

941 1859 1040 1890 Molle
1062 1867 1123 1898 pro
1150 1857 1319 1889 molliter:
1345 1857 1403 1889 ubi
1426 1858 1462 1889 in
1485 1868 1645 1901 campum

940 1907 1130 1940 effunditur
1146 1907 1246 1939 nimis
1262 1911 1454 1940 extensum.
1479 1909 1579 1941 Idem.

982 1961 1044 1991 331
1069 1958 1215 1999 Laesum]
1238 1958 1369 2000 Utique
1392 1957 1555 1991 fluctibus
1578 1969 1645 1992 cae-

940 2019 1031 2041 sum:
1056 2010 1112 2041 vel
1140 2009 1221 2051 quia
1246 2008 1280 2039 in
1307 2008 1396 2040 hanc
1424 2015 1559 2050 partem
1587 2009 1647 2042 de·

941 2069 1047 2091 vexus
1064 2059 1222 2091 amiserit
1238 2059 1272 2090 iu
1285 2060 1426 2092 excelsa
1445 2061 1536 2093 vires
1551 2071 1645 2094 cres-

939 2110 1052 2142 cendi.
1069 2110 1168 2142 Idem.

982 2162 1045 2192 333
1069 2160 1208 2198 Insames
1222 2158 1375 2202 Scyrone]
1395 2159 1553 2202 Respicit
1564 2170 1645 2194 saxa

940 2221 1015 2252 quae
1033 2211 1196 2242 Moluridi
1215 2215 1323 2252 petrae
1351 2211 1532 2252 adjacent3
1557 2210 1645 2244 infa-

938 2262 1006 2293 mia
1021 2267 1058 2293 et
1081 2262 1253 2293 scelerata
1268 2261 1376 2301 dicta,
1390 2261 1481 2303 quod
1509 2271 1586 2293 cum
1602 2272 1646 2294 ea

937 2313 1110 2345 acceleret
1121 2312 1267 2353 Scyron,
1282 2312 1369 2355 latro
1384 2311 1549 2353 famosus,
1565 2312 1646 2345 inde

939 2374 1163 2407 quoscunque
1185 2367 1306 2395 nactus
1332 2367 1425 2395 esset
1440 2363 1595 2405 hospites
1611 2364 1645 2396 iu

939 2425 1032 2447 mare
1049 2414 1270 2447 detruderet:
1294 2423 1354 2446 eos
1371 2424 1452 2446 vero
1475 2414 1646 2446 adnatans

939 2466 1072 2498 marina
1094 2465 1232 2497 testudo
1261 2463 1396 2507 (bellua
1412 2465 1646 2505 magnitudine

940 2517 1049 2548 solum
1066 2521 1103 2548 et
1126 2514 1286 2557 pedibus,
1312 2524 1398 2557 quos
1422 2515 1509 2547 tales
1527 2515 1649 2557 habet,

939 2567 1058 2608 quales
1083 2566 1182 2598 vituli
1203 2564 1338 2604 marini,
1360 2565 1519 2597 terrestri
1546 2565 1646 2597 dissi·

939 2617 1044 2660 milis)
1068 2616 1238 2650 conficere
1264 2616 1466 2649 dicebatur:
1492 2620 1530 2649 ut
1554 2617 1647 2649 Pau-

940 2669 1050 2701 sanias
1066 2661 1197 2701 Atticis
1212 2667 1322 2700 refert
1338 2681 1347 2701 z
1368 2677 1470 2710 quem
1490 2668 1648 2711 sequitur

941 2719 1150 2752 Plutarchus
1160 2719 1306 2759 Theseo,
1321 2718 1440 2750 dicens
1460 2718 1550 2751 hunc
1564 2728 1647 2751 eun-

942 2770 1020 2803 dem
1049 2771 1217 2802 latronem
1248 2779 1268 2802 a
1293 2769 1425 2802 Theseo
1450 2769 1494 2802 de
1524 2769 1645 2804 eodem

941 2831 1024 2854 saxo
1041 2820 1311 2864 praecipitatum.
1356 2821 1579 2863 Megarenses
1596 2827 1646 2853 ta-
