1878 3164
626 207 670 240 Ρ.
704 205 900 238 ΡΑΡΙΝΙῙ
932 205 1118 238 8ΤΔΊΊΙ.
1155 228 1159 232 .
1470 196 1588 242 2063

177 302 276 343 1731
309 301 461 345 Eadem
490 303 657 355 repetita
688 301 728 341 in
767 302 942 354 Corpore
974 302 1147 342 omnium
1173 300 1348 341 veterum
1380 301 1589 344 Poetarum

118 366 360 419 Latinorum,
374 365 595 406 Mediolan.
613 369 656 406 4.
675 366 722 406 Τ.
744 380 777 407 1.
796 373 837 407 et
856 379 911 407 11.
932 405 935 407 ,

129 481 132 483 ¹
176 432 280 471 1732
308 430 361 469 Le
381 429 524 482 cinque
544 429 648 469 Libri
664 430 770 469 delle
790 430 921 479 Selve,
940 427 1103 469 tradotti
1115 428 1155 467 in
1169 442 1283 468 verso
1303 429 1443 468 sciolto
1457 430 1515 471 da
1533 444 1588 470 un

118 492 438 549 PastorArcade.
458 494 560 546 (cioe
574 493 642 534 dal
658 494 742 546 Sig.
759 494 836 534 Ab.
857 495 1079 533 Francesco
1095 493 1225 532 Maria
1240 493 1386 533 Biacca
1399 493 1590 548 Parmeg-

117 559 251 630 giano,
270 556 411 597 detto
400 570 441 595 m
461 557 634 597 Arcadia
652 557 868 597 Pan-mindo
887 556 1093 596 Ibicheuse
1097 557 1127 606 .)
1183 557 1360 596 Extant
1351 570 1391 596 m
1413 558 1589 625 Corpore

117 621 291 667 omnium
307 627 386 661 vet.
401 621 515 661 Post.
538 621 625 662 Lat.
648 621 884 662 Mediolani.
905 623 947 661 4.
967 621 1014 660 T.
1036 634 1112 661 111.

169 707 229 717 —
252 685 428 738 Icinque
447 682 552 725 Libri
567 685 659 726 dell’
673 685 908 734 Achilleide,
928 684 1120 725 tradotti
1110 699 1149 724 m
1167 697 1281 724 verso
1303 685 1444 726 sciolto
1463 685 1515 726 da
1534 701 1589 727 un

115 747 373 805 Academico,
401 749 582 797 Quirino.
618 750 729 801 (cioe,
761 750 830 790 dal
863 749 947 803 Sig.
983 749 1126 789 Dottor
1158 749 1299 788 Orazio
1320 749 1486 790 Bianchi
1506 751 1588 793 Ro-

118 815 280 867 mano.)
325 816 371 856 In
390 819 552 868 corpore
571 822 649 856 vet.
671 815 784 856 Po'et.
806 815 892 855 Lat.
913 813 1147 854 Mediolani.
1168 816 1210 854 4.
1229 813 1276 852 Τ.
1292 827 1354 853 1v.

718 943 979 986 ANGLICA.

176 1027 279 1066 1⁷66
306 983 390 1066 The
418 1025 597 1066 Thebaid
631 1025 677 1064 of
699 1025 865 1075 Statius,
889 1025 1109 1065 translated
1139 1026 1223 1066 into
1246 1026 1415 1080 English
1448 1028 1590 1076 Verse,

119 1089 213 1131 with
233 1089 360 1130 Notes
380 1089 461 1130 and
481 1090 783 1138 Observations,
803 1089 884 1130 and
913 1103 937 1129 a
957 1090 1222 1130 Dissertation
1249 1105 1355 1145 upon
1375 1091 1442 1132 the
1470 1092 1596 1133 whole

119 1157 172 1209 by
188 1154 294 1208 Way
311 1153 357 1194 of
371 1153 549 1196 Preface.
583 1157 623 1195 2.
642 1154 734 1195 voll.
757 1156 794 1194 8.
816 1154 944 1195 Lond.
966 1154 1162 1198 Fletcher.

128 1473 380 1518 Ouxssffi
394 1478 506 1518 sunt
525 1487 553 1517 a
574 1473 849 1529 Bipontinis,
866 1473 939 1516 vel
957 1485 1046 1515 non
1061 1472 1211 1516 lucide
1230 1474 1342 1517 satis
1355 1474 1594 1530 expositae,

117 1497 337 1586 editiones
358 1532 490 1586 Statii
508 1555 611 1598 quae
635 1546 894 1597 sequuntur.
1592 1552 1595 1556 ¹

175 1607 436 1653 Thebaidos
456 1609 582 1652 Libri
604 1619 701 1651 xn.
722 1611 767 1650 et
785 1607 1063 1650 Achilleidos
1083 1607 1185 1650 Lib·
1209 1621 1240 1651 1.
1262 1609 1565 1651 denotantur
1552 1622 1596 1650 1n

119 1675 343 1732 catalogo
365 1677 512 1720 Ducis
532 1676 588 1718 de
606 1677 652 1718 la
670 1675 883 1726 Valliere,
902 1674 1032 1718 Tom.
1054 1686 1107 1719 11.
1135 1690 1179 1731 p.
1199 1678 1299 1720 109.
1335 1677 1594 1719 charactere

119 1742 343 1796 Romano,
363 1745 461 1787 sine
481 1743 586 1786 anui
603 1746 648 1785 et
666 1742 757 1785 loci
775 1746 898 1784 nota.

184 1811 269 1855 ‘In
288 1812 447 1855 eadem
467 1810 681 1854 Casanat.
704 1810 1018 1857 Bibliotheca:
1036 1811 1100 1853 ait
1120 1810 1423 1864 Audiffredi,‘
1434 1814 1599 1869 reperi-

123 1885 198 1923 tur
225 1879 373 1923 editio
405 1880 511 1933 alia,
540 1892 650 1935 quae
677 1879 913 1934 praesentis
941 1877 1127 1934 (nempe
1149 1879 1284 1922 Rom.
1305 1879 1457 1936 1475.)
1477 1895 1599 1938 repe-

118 1942 220 1991 titio
248 1951 331 2000 est,
367 1941 608 2010 signaturis
650 1947 883 1998 instructa,
919 1947 1000 1989 sed
1031 1948 1150 1990 omni
1170 1948 1275 2000 loci,
1306 1950 1535 2003 temporis,
1555 1954 1599 1992 et

121 2016 389 2071 typographi
411 2008 580 2058 indicio
610 2027 781 2058 carens.
844 2014 962 2067 Quae
997 2028 1100 2057 cum
1131 2017 1175 2058 in
1210 2017 1337 2059 calce
1360 2017 1597 2072 Sylvarum

121 2082 253 2126 Statii
267 2083 450 2126 easdem
469 2083 827 2138 subscriptiones
847 2096 902 2125 ac
929 2095 1129 2138 praesens
1147 2084 1353 2128 Romana
1373 2085 1599 2136 exhibeat,

120 2150 242 2193 credi
266 2154 438 2205 posset,
474 2155 522 2193 et
552 2151 699 2205 ipsam
733 2149 985 2193 Romanam
1016 2163 1137 2203 esse,
1169 2152 1304 2194 sicuti
1335 2153 1482 2208 reipsa
1501 2166 1598 2195 cre-

121 2214 217 2261 dita
253 2217 337 2260 fuit
375 2218 657 2273 abantiquo
690 2212 798 2274 vejus
837 2231 1118 2273 possessore.
1187 2219 1277 2262 Sed
1317 2221 1485 2263 nullum
1527 2226 1598 2263 est

48 2301 50 2303 ·
122 2286 305 2330 dubium
328 2286 440 2341 quin
459 2285 642 2329 Veneta
663 2287 734 2340 sit,
751 2291 798 2328 et
818 2286 997 2342 quidem
1018 2287 1227 2330 Romana
1245 2287 1331 2331 hac
1351 2288 1596 2344 posterior?

121 2350 270 2398 catal.
292 2353 417 2396 Hist.
440 2353 549 2397 erit.
569 2354 702 2398 Rom.
723 2354 864 2397 Editt.
884 2367 992 2397 saec.
1015 2365 1101 2397 xv.
1122 2370 1168 2411 p.
1189 2356 1290 2399 185.

176 2421 440 2465 Thebaidos
474 2422 598 2465 Libri
621 2434 717 2466 xn.
752 2434 814 2464 ex
846 2423 1103 2465 recensione
1134 2424 1298 2466 Bonini
1333 2424 1596 2475 Mombritii,

123 2487 384 2541 Mediolani,
403 2490 524 2534 circa
544 2503 704 2533 annum
720 2489 848 2533 1478.
870 2488 1056 2533 Harles.
1080 2490 1190 2534 Not·
1204 2491 1336 2581 Brcv.
1357 2491 1446 2534 Lit.
1460 2491 1595 2535 Rom.

121 2570 173 2612 P
134 2556 350 2668 gvi-sio
371 2624 536 2670 Italica
557 2626 808 2681 Sylvarum,
846 2625 1042 2668 Florent.
1081 2627 1201 2683 apud
1234 2628 1281 2670 S.
1309 2627 1340 2671 J
1343 2641 1410 2671 ac
1431 2627 1487 2670 de
1514 2626 1595 2670 Ri-

124 2654 237 2748 poli‚
255 2692 384 2736 1480.
402 2693 483 2737 sol.

181 2759 364 2813 Panzen
386 2760 500 2805 Ann.
518 2761 722 2818 Typogr.
739 2750 829 2808 vol.
852 2773 910 2808 11.
928 2775 975 2818 p.
993 2762 1067 2807 77.
1087 2766 1208 2807 notat
1233 2777 1259 2807 e
1291 2763 1441 2807 Catal.
1475 2763 1597 2806 Bibl.
