1878 3164
278 226 395 272 1⁹86

322 334 387 373 238
414 331 520 364 Victor
537 329 674 371 Nessus]
688 330 869 363 Venenum
883 330 924 362 ab
940 340 981 363 eo

279 383 471 416 oriundum.
487 382 526 415 V.
544 383 648 415 Schol.
678 383 767 414 Sunt
781 382 839 424 qui
854 386 864 400 ‘
875 382 982 423 naph-

281 434 372 467 tam’
390 433 496 472 fuisse
513 437 705 473 autument,
731 443 798 475 qua
824 437 860 465 et
883 442 982 464 coro-

279 494 356 516 nam
370 484 508 524 Medea,
517 486 581 515 διο.
597 483 751 515 tinxerit.
781 483 872 514 Vide
888 483 980 515 Plin.

278 535 338 566 lib.
355 543 399 566 ιι.
416 543 493 575 cap.
511 537 584 566 105.
628 533 858 565 Doctissimus
873 533 981 565 medi-

280 593 341 616 cus
353 584 457 615 Leon.
474 582 636 614 Fucbsius
652 582 694 614 ad
709 582 822 614 Nicol.
839 583 982 623 Myrep-

278 643 352 665 sum
378 631 571 665 ‘Petrolei'
596 640 701 673 genus
723 641 799 663 esse
817 635 981 664 autumat.

277 683 286 700 ‘
301 681 662 722 Colamen3Bituminis
678 680 903 723 Babylonici'
926 691 982 714 ac-

278 732 368 773 cipit
399 731 620 764 Dioscorides
651 731 710 762 lib
741 740 767 763 ι.
797 741 877 802 cap
906 734 980 764 101.

282 781 401 814 Barth.
698 798 702 806 =

320 835 387 863 256
424 832 626 873 Trepidoeque
652 835 831 873 exspectant
871 832 984 872 pra-lia

277 882 394 923 voccae]
417 883 556 921 Vaccae,
587 890 695 926 prope
722 882 880 922 dixerim,
908 882 981 914 fue-

278 936 358 963 runt
374 933 432 974 qui
455 932 551 966 nobis
579 932 645 964 hoc
669 931 891 973 subjecerunt
910 941 982 973 prae

279 984 452 1016 constanti
485 984 756 1016 membranarum
789 984 979 1024 scriptura:

278 1034 581 1075 exspectantpraelio
594 1035 700 1066 valles.
729 1033 851 1065 Horat.
871 1033 980 1074 Epod.

277 1092 319 1115 11.
344 1084 354 1101 ‘
367 1083 438 1115 Aut
453 1083 486 1115 in
499 1084 642 1115 reducta
657 1083 745 1115 valle
760 1083 981 1123 mugientium

279 1132 490 1173 Prospectat
514 1137 668 1165 errantes
685 1132 830 1175 greges-¹
875 1133 980 1166 Ovid.

278 1182 367 1214 Met.
384 1192 418 1214 v.
464 1183 474 1202 ‘
489 1183 603 1224 Tigris
628 1187 679 1222 nt,
703 1183 828 1215 auditis
846 1183 981 1215 diversa

278 1233 367 1263 valle
403 1233 563 1273 duorum,
611 1232 841 1265 Exstimnlata
877 1233 979 1274 fame,

277 1283 460 1323 mugitibus
478 1282 732 1315 armentorum.’
777 1284 908 1316 Noster
922 1284 979 1316 lib.

275 1340 317 1363 ιι.
341 1333 467 1364 ‘veluti
493 1333 563 1364 dux
591 1337 710 1365 taurus
737 1338 851 1365 amata
878 1334 978 1367 Valle

275 1383 417 1415 carens.’
465 1383 617 1415 Martial.
645 1392 702 1415 111.
734 1386 788 1415 58.
831 1385 977 1416 ‘Truces

275 1432 310 1464 in
324 1434 394 1464 alta
411 1434 499 1465 valle
515 1434 669 1474 mugiunt
681 1433 793 1465 tauri-¹
814 1434 975 1466 Dubitem

275 1482 354 1514 hinc
369 1493 433 1523 ego
446 1483 560 1514 dicere
575 1483 585 1500 ‘
598 1483 701 1514 valles
717 1482 849 1522 mugire
862 1482 886 1513 ?‘
909 1483 977 1514 Ne·

275 1542 341 1572 que
369 1532 488 1574 igitur,
515 1538 719 1573 exspectare
749 1531 824 1563 illas
857 1533 976 1573 praelia

275 1582 475 1614 taurorum?
503 1582 609 1622 Quid,
619 1592 695 1614 cum
706 1582 830 1623 Virgil.
847 1582 975 1624 Georg-

274 1641 332 1663 ιιι.
356 1634 365 1650 ‘
383 1633 443 1664 sed
466 1636 538 1664 tota
555 1633 674 1664 aestiva
697 1637 840 1671 repente
857 1632 975 1672 Spem-

273 1691 338 1723 que
353 1691 559 1723 gregemque
573 1682 670 1713 simul
683 1681 707 1712 θ’
739 1682 806 1713 Ubi
816 1682 973 1714 Servius:

273 1733 283 1761 ἒ
297 1731 390 1763 Loca
411 1741 475 1772 pro
490 1731 717 1764 animantibus
731 1732 868 1773 posuit.’
892 1733 974 1765 Gro-

271 1790 346 1813 nov.
417 1808 420 1810 .

315 1833 379 1862 25⁷
403 1831 479 1863 Non
491 1832 594 1864 desint
609 1832 694 1872 Regi
715 1832 856 1874 comites]
878 1832 970 1865 Acu-

273 1880 402 1914 tissime
413 1881 502 1913 idem
517 1882 605 1913 liber
620 1882 781 1923 scriptus,
789 1893 850 1914 non
859 1883 971 1914 desunt

269 1931 365 1971 regni
374 1932 508 1963 comites.
540 1933 647 1964 Notat
661 1932 794 1973 signate
810 1933 895 1963 aulae
911 1933 970 1964 illa

271 1981 458 2022 mancipia,
472 1981 593 2024 quibus
614 1982 696 2013 nihil
722 1982 828 2022 magis
851 1981 968 2013 famili-

273 2040 345 2072 are,
361 2041 460 2074 quam
483 2032 594 2064 omnia
612 2031 812 2073 Principum
827 2031 898 2063 sive
909 2032 968 2064 ho-

269 2086 382 2119 uesta,
394 2082 465 2113 sive
476 2082 666 2122 inhonesta,
681 2081 831 2114 laudare.
862 2081 874 2099 ‘
884 2081 968 2113 Per-

269 2136 410 2172 petuum
427 2132 552 2163 malum
569 2132 700 2172 Regum
719 2130 849 2174 (Curtii
865 2131 969 2163 verba

270 2180 366 2223 sunt)
388 2190 531 2231 quorum
546 2190 629 2222 opes
639 2181 764 2222 saepius
785 2181 968 2212 assentatio

270 2241 372 2273 quam
383 2232 498 2263 hostis
507 2242 541 2263 ei
549 2230 659 2263 ertit
691 2230 876 2262 Verissima
889 2240 967 2272 vox,

270 2290 346 2322 quae
370 2281 498 2313 utinam
520 2284 682 2321 personet
704 2289 804 2312 aures
830 2289 966 2321 magua-

268 2330 360 2362 tum!
385 2331 540 2362 Ber-nort.
583 2329 659 2361 Sine
678 2330 791 2361 moenia
806 2330 908 2370 pulset
922 2330 966 2361 ir-

265 2380 364 2421 ritus]
387 2380 607 2412 Membratim
624 2380 690 2411 ista
709 2379 854 2420 legenda
876 2384 966 2418 sunt,

267 2432 307 2464 ut
336 2429 518 2465 videantur
554 2439 574 2460 a
607 2429 722 2461 multis
761 2428 966 2462 satellitibus

266 2477 358 2511 dici:
384 2483 423 2510 ut
436 2479 575 2510 alterius
591 2478 653 2510 sit:
668 2478 735 2510 sine
746 2478 858 2509 moenia
863 2479 965 2518 pulset

204 2542 206 2545 ·
264 2527 395 2560 Irritus.
448 2527 602 2560 Alterius
629 2524 746 2561 νει-αι’
771 2527 824 2559 ille
859 2532 964 2560 autem

254 2576 377 2615 stactis
386 2578 444 2609 lucc
453 2579 567 2609 audeat
576 2578 623 2609 ire
639 2577 785 2610 Viribus?
809 2576 962 2615 Alterius

263 2626 349 2658 item
366 2638 374 2659 :
398 2627 449 2658 hic
460 2627 557 2665 furor
578 2630 625 2658 est
640 2627 763 2659 miseris
776 2627 894 2659 instare
906 2637 966 2669 pe«

262 2675 352 2708 ricto.
375 2677 535 2708 Lactant.
924 2712 927 2714 ,

306 2728 369 2766 263
406 2727 495 2758 Belli
519 2727 677 2768 libertate]
713 2728 756 2760 In
780 2737 866 2770 pace
894 2738 961 2760 non

262 2775 393 2809 laturus
422 2781 554 2810 tantam
575 2777 735 2820 loquendi
765 2778 961 2812 libertatem

749 238 889 269 No'l'AE
923 237 1189 268 VAR10RUM
1225 237 1277 269 IN

1031 331 1180 372 impune.
1206 329 1244 362 V.
1260 330 1364 363 δάιοι.
1410 330 1511 363 Ratio
1523 329 1735 373 utriuslibet*-

1034 380 1114 412 tatis
1125 385 1197 413 est:
1222 381 1299 413 Non
1323 381 1473 413 audebat
1490 381 1735 414 Creontem&

1033 436 1101 462 tam
1130 431 1240 463 libera
1274 426 1380 463 vei-ba
1403 430 1602 463 interficere
1630 431 1736 464 ntem

1030 481 1117 521 cles,
1131 490 1175 513 ne
1201 482 1336 513 occulta
1360 481 1525 513 hactenus
1547 481 1737 520 multorum

1031 530 1065 561 in
1091 539 1126 561 se
1155 529 1233 562 odia
1262 531 1458 568 suscitaret,
1489 535 1526 563 et
1550 538 1732 572 erumpere

1030 580 1165 614 faceret
1200 582 1234 613 in
1270 583 1524 623 propatulum..
1547 581 1732 614 Neminem

1031 631 1120 662 enim
1140 631 1270 663 latebat
1294 630 1470 673 perfidiam
1492 631 1567 673 ejus
1581 631 1733 664 omnium

1031 681 1150 722 patriae
1165 682 1329 712 malorum
1340 690 1477 713 causam
1492 690 1580 714 esse.
1605 681 1731 714 Barea<

1073 733 1135 762 2⁷6
1159 730 1286 772 Amnis]
1312 731 1678 765 Hismenos...l-‹uxtuvutev
1726 742 1731 757 ὲ

1073 782 1136 812 281
1162 780 1316 812 Phocidos
1337 781 1474 822 sonora]
1488 780 1664 815 -A‘Phooo
1677 782 1734 814 Ε·

1033 830 1086 863 aci
1112 831 1194 872 filio,
1223 841 1323 872 quem
1346 831 1472 863 Peleus
1494 836 1532 864 et
1545 832 1730 866 Theb-non

1033 881 1198 913 occidisse
1210 882 1380 921 dicuntur,
1391 881 1514 914 civitas
1523 891 1659 916 ἰιοιιιοιι
1672 887 1731 917 au·-¹

1033 932 1139 972 cepit.
1164 931 1291 964 Sonorae
1306 931 1411 973 dixit,
1425 927 1539 964 dantis
1555 942 1733 1012 respousa.

1032 981 1132 1014 Idem.

1072 1035 1137 1064 284
1158 1033 1204 1064 Et
1224 1042 1241 1064 e
1254 1041 1354 1072 grege
1378 1032 1523 1073 sanguis]
1546 998 1661 1065 Pecus
1677 1033 1729 1075 ig-

1030 1082 1165 1115 nobile:
1182 1084 1220 1114 de
1230 1091 1329 1122 grege
1343 1082 1446 1124 enim,
1454 1081 1497 1114 de
1509 1081 1733 1151 multitudiue

1029 1132 1161 1173 vulgari
1177 1132 1278 1163 dixit.
1301 1132 1398 1163 Idem.
1578 1157 1582 1162 .
1715 1146 1728 1163 ,ι

1071 1184 1133 1213 285
1157 1182 1321 1214 Primitiis
1342 1181 1483 1223 ararum]
1500 1180 1511 1199 ‘
1527 1146 1698 1214 Primitiae

1029 1231 1168 1272 proprie
1188 1231 1351 1263 dicuntur
1372 1232 1490 1272 primae
1515 1230 1634 1272 fruges
1648 1231 1727 1264 Diis

1030 1281 1166 1314 oblatae.
1214 1281 1289 1312 Rite
1309 1281 1446 1321 nefasto]
1470 1281 1548 1312 Rite
1572 1289 1636 1322 pro
1658 1281 1728 1313 ritu

1029 1332 1142 1372 posuit
1155 1342 1165 1370 3
1187 1331 1340 1372 expiatio
1351 1331 1440 1362 enim
1452 1330 1564 1363 fuerat
1574 1330 1727 1364 civitatis

1027 1390 1117 1412 mors
1133 1381 1315 1413 Meuoecei.
1339 1381 1439 1412 Idem.

1068 1432 1132 1461 289
1149 1430 1288 1461 oracula
1297 1430 1409 1472 nectit]
1421 1431 1547 1463 Tecum
1559 1439 1724 1474 respousa

1025 1480 1210 1521 componit.
1234 1481 1332 1513 Idem.
1387 1505 1390 1508 ⁴
1647 1496 1662 1511 ε
1716 1495 1724 1514 ι

1067 1533 1131 1562 298
1155 1531 1230 1562 Non
1244 1531 1350 1569 fallis,
1365 1531 1427 1573 ait]
1449 1531 1526 1563 Nec
1541 1507 1680 1573 caelas,
1670 1542 1721 1564 m-

1025 1580 1111 1620 quit,
1133 1580 1214 1621 quid
1233 1585 1308 1612 tuus
1329 1581 1458 1612 animus
1480 1581 1555 1613 hac
1567 1582 1722 1615 oratione

1024 1629 1175 1661 festinet.
1221 1630 1300 1662 Non
1318 1631 1415 1671 luges
1437 1630 1557 1671 tilium,
1582 1631 1644 1664 sed
1665 1641 1722 1664 me

1024 1685 1198 1721 pugnante
1223 1690 1369 1722 regnare
1391 1675 1578 1715 desideras.
1610 1698 1613 1702 ·
1635 1683 1725 1716 Lau-a

1022 1729 1103 1761 dare
1120 1734 1263 1762 mortem
1279 1730 1337 1762 filii
1357 1735 1395 1762 et
1419 1732 1601 1772 praeoouiio
1615 1732 1721 1767 debe-

1021 1778 1082 1810 bas
1098 1778 1236 1820 efferre,
1249 1779 1308 1822 qui
1323 1789 1385 1821 pro
1398 1780 1511 1821 patria
1527 1781 1641 1823 periit,
1649 1791 1719 1814 nou

1019 1829 1147 1862 dolere.
1169 1831 1269 1863 Idem.
1664 1856 1678 1863 ι

1028 1906 1031 1908 .
1059 1882 1124 1912 301
1146 1881 1263 1913 Iasone
1281 1880 1371 1922 voto]
1394 1881 1544 1914 Maximo
1568 1885 1640 1922 tuo,
1654 1884 1718 1926 sed

1019 1929 1207 1971 incongruo
1222 1930 1390 1962 desiderio
1405 1931 1593 1972 praeteudis
1603 1931 1717 1965 :funus

1019 1979 1201 2011 Menoecei.
1221 1979 1273 2012 Re
1283 1984 1396 2011 autem
1412 1980 1486 2021 ipsa
1499 1980 1599 2013 doleo
1610 1991 1719 2023 auper-

1021 2029 1091 2061 vita
1116 2039 1203 2070 mea,
1218 2039 1284 2071 quo
1299 2034 1429 2061 semoto
1446 2039 1579 2071 speras
1577 2035 1614 2064 te
1626 2031 1715 2064 The-

1019 2079 1071 2111 bis
1084 2084 1317 2121 regnaturum.
1346 2079 1385 2111 V.
1396 2079 1499 2111 Schol.
1711 2106 1720 2111 .

1060 2131 1123 2160 302
1138 2128 1276 2168 Premis]
1294 2128 1404 2160 Dictis
1416 2127 1579 2201 opprimis
1588 2133 1626 2163 et
1635 2139 1713 2172 per-

1015 2180 1180 2221 sequeris.
1197 2179 1246 2211 Υ.
1257 2179 1315 2211 S..

1059 2232 1122 2261 320
1144 2229 1338 2261 Promissum
1347 2233 1450 2270 caput,
1464 2231 1518 2270 &aa
1520 2196 1535 2270 ]
1548 2197 1711 2263 Fabulam

1015 2280 1059 2313 ob
1081 2281 1195 2312 oculos
1215 2285 1359 2322 ponunt,
1383 2280 1498 2322 quide
1511 2289 1646 2322 magno
1643 2291 1714 2314 ιιιιᾶ

1015 2339 1108 2363 mero
1132 2339 1222 2362 nunc
1249 2334 1445 2371 supersunt,
1470 2329 1653 2372 Euripides
1675 2330 1714 2362 in

1014 2380 1171 2412 Bacchis.
1215 2379 1317 2412 Ovid.
1355 2380 1444 2412 Met.
1465 2388 1522 2412 ιιι.
1565 2379 1714 2413 Nonnu-

1014 2433 1051 2462 et
1066 2429 1133 2462 alii.
1151 2456 1153 2459 ,
1177 2429 1605 2470 Praecipueautemeaput
1618 2429 1714 2469 Fen-3

1013 2480 1092 2512 theo
1108 2490 1128 2512 a
1139 2474 1247 2513 matre
1273 2481 1425 2512 avulsum
1440 2480 1637 2513 canebatur.
1658 2482 1713 2514 Ο-Ι

1013 2531 1081 2561 vid.
1104 2530 1114 2548 ⁴
1127 2529 1269 2561 ululavit
1286 2529 1405 2571 Agave
1419 2529 1711 2571 CollaqueJacn-

1012 2579 1074 2620 vit,
1095 2579 1289 2621 crinemque
1300 2588 1363 2620 per
1373 2578 1454 2610 ae'ra
1468 2579 1586 2620 movit,
1601 2579 1712 2612 Avul-

1010 2639 1152 2671 sumque
1166 2634 1272 2671 caput
1293 2629 1412 2670 digitis
1434 2630 1626 2671 complexa
1631 2640 1711 2663 cru·
1749 2672 1755 2679 .

962 2694 963 2697 ¹
1010 2679 1124 2719 entis,’
1134 2681 1197 2711 διο.
1221 2679 1339 2711 Barth.
1376 2707 1378 2709 .

1021 2731 1113 2761 321
1140 2729 1214 2761 Non
1235 2729 1327 2767 serre
1348 2729 1426 2770 ipsoe
1452 2730 1588 2771 vestigio
1604 2700 1721 2772 natoeJ„

1009 2780 1134 2821 Margo
1146 2780 1268 2822 optimi
1279 2783 1316 2813 et
1323 2779 1502 2822 quaedam'
1493 2790 1527 2815 m
1539 2786 1704 2815 contextu
