1878 3164
459 244 501 275 Ρ.
535 242 727 275 ΡΑΡΙΝΙΙ
759 242 926 275 STATH
961 243 1168 276 Acium..
1202 244 1296 277 Lm.
1318 246 1350 278 1.

150 336 212 370 ro?
248 346 328 371 nam
359 336 464 371 modo
493 341 643 380 apparet
674 335 859 370 Thetidem

141 388 245 430 jussu
258 388 356 423 Jovls
367 383 516 431 Scyrum
540 388 727 421 accessisse
742 388 859 421 obser-

149 443 304 479 vaturam
319 439 456 473 vincula
470 439 632 482 AEgeonis
653 440 713 482 qui
733 440 782 472 ibi
806 449 860 472 re-

148 489 292 532 legetur*
301 494 379 524 erat
392 490 437 523 ad
450 491 623 533 scopulos.
662 490 733 523 Hic
746 496 861 523 autem

149 544 206 573 est
243 544 388 574 auctore
430 540 584 574 Homero
624 540 862 582 Centimanus‚

150 595 254 634 quem
268 591 316 624 dii
330 591 524 633 Briareum,
538 591 691 625 homines
705 601 788 625 vero
805 591 860 624 IE-

149 650 262 686 geom
273 647 411 675 vocant.
433 642 591 676 Britanna.

193 692 260 725 nlo
284 693 476 735 eoumque
491 692 557 725 Dei
564 691 747 734 numerare]
764 693 861 726 Nota

150 747 207 776 ost
217 743 387 787 AEgoeonis
402 743 532 786 fabula,
548 749 584 777 et
598 744 764 787 quod“ille
780 754 861 777 cen·

150 793 298 826 timanus
313 804 334 826 a
343 794 510 836 Neptuno
522 795 565 827 ad
577 795 737 836 scopulos
751 795 861 837 AEgoei

149 843 252 877 maris
267 844 436 887 religatus
450 843 566 878 fuerit.
611 845 714 878 Mens
739 845 861 878 Poe'tae

152 893 311 928 videtur:
345 895 433 930 Cum
464 897 661 930 nunciatum
689 895 782 929 foret
807 897 862 929 ΖΕ·

151 955 306 987 neonem
329 947 448 979 conari
469 945 639 989 effugere,
664 949 702 979 et
722 946 862 979 vincula

151 996 355 1038 dinotvm,
366 997 504 1030 missam
525 998 674 1038 Thetim,
694 1007 771 1040 quae
788 1007 861 1031 rem

150 1052 393 1090 cognosceret,
415 1048 551 1090 Scyt-im
577 1049 694 1090 itaque
718 1052 861 1090 prseter-

149 1102 301 1140 vectam,
320 1099 524 1141 cognovisse
546 1099 703 1132 imbelles
719 1108 797 1132 esse
813 1100 860 1132 lo-

151 1148 186 1183 ei
212 1148 356 1192 imolas,
380 1150 515 1183 choreis
545 1157 584 1183 et
607 1150 696 1183 ludis
723 1160 861 1184 vacare.

150 1198 254 1232 Bern-

192 1253 259 1284 218
284 1251 399 1289 Qualis
411 1251 528 1294 vicino]
542 1251 690 1294 Optima
704 1256 743 1286 et
755 1253 863 1285 maxi-

149 1309 207 1333 me
221 1309 373 1344 congrua
388 1302 615 1345 comparatio.
641 1303 759 1336 Mater
768 1303 860 1335 enim

150 1350 271 1384 Thetis
286 1353 342 1385 avi
354 1353 518 1395 pariturae
529 1362 604 1386 com
611 1358 763 1396 paratur.
787 1354 861 1386 Sic-

149 1406 191 1435 nt
211 1401 303 1440 colu·
325 1402 399 1435 avis
421 1413 564 1446 angues,
592 1408 728 1444 ventos,
754 1403 862 1436 homi-

150 1459 214 1485 nes
228 1451 342 1495 timet,
366 1453 418 1486 ita
438 1453 563 1486 Thetis
578 1453 740 1486 abditur-a
754 1453 861 1486 filium

148 1502 265 1537 omni·
279 1509 432 1545 veretur,
441 1513 485 1536 ne
498 1504 659 1538 inventus
675 1503 718 1536 ad
735 1504 861 1537 bellum

151 1553 323 1596 trahunt,
349 1558 388 1588 et
408 1557 448 1587 nt
468 1554 544 1587 avis
567 1554 669 1596 eligit
691 1554 864 1594 arborem,

151 1612 257 1645 qum
268 1603 384 1637 credit
397 1604 604 1637 tutissimam
624 1604 659 1636 in
681 1613 751 1646 qna
773 1604 862 1636 nidi-

149 1652 249 1698 ficet,
258 1653 308 1688 ita
317 1654 436 1687 Thetis
446 1659 529 1697 post
539 1655 676 1696 longam
689 1654 864 1687 consulta·

152 1703 282 1743 tionem
296 1705 442 1748 Scyrum
463 1704 601 1748 deligit,
619 1705 655 1736 in
673 1715 740 1748 qua
753 1704 861 1738 filium

152 1755 317 1790 occultet.
338 1755 522 1789 Mami.

194 1809 261 1841 an
284 1808 416 1850 Altera]
439 1807 560 1841 Prima
571 1818 653 1841 cura
665 1808 734 1841 fnit
746 1809 862 1841 locum

152 1857 298 1900 eligere.
341 1858 502 1900 samua]
526 1858 708 1893 Quomodo
731 1859 766 1892 in
785 1869 863 1892 eum

153 1908 326 1943 Achillem
340 1910 495 1942 veheret.
517 1910 618 1943 Idem.
644 1914 646 1918 ’

195 1961 263 1992 219
284 1959 421 2002 ‚Ver-tos]
446 1960 503 1993 Ne
526 1961 682 1993 volucres
703 1960 863 2002 advocet,

153 2018 198 2042 au
211 2010 323 2044 ventis
335 2010 378 2043 ad
390 2011 584 2044 vehendum
600 2011 807 2052 committat,
820 2021 863 2043 an

131 2089 136 2093 .
154 2061 303 2104 Polme,
318 2071 363 2094 an
377 2061 463 2095 Iridi
489 2062 647 2095 traderet
669 2061 863 2104 ferendum,

154 2120 232 2154 quae
247 2121 346 2145 arcus
360 2117 415 2145 est
434 2113 596 2146 caelestis.
641 2112 863 2146 Manifestum

154 2165 211 2195 est
224 2165 340 2195 autem
356 2162 488 2196 radium
503 2163 584 2195 solis
602 2163 790 2196 immissum
807 2173 864 2196 ca-

155 2221 209 2245 va
233 2212 332 2254 nubi,
347 2214 487 2255 repulsa
507 2213 597 2255 acie,
618 2214 653 2246 in
679 2214 786 2246 solem
810 2224 864 2247 re·

152 2261 274 2305 fringi,
297 2264 519 2306 colorumque
546 2264 749 2296 varietatem
778 2263 864 2296 mix-

155 2318 236 2348 tun
256 2315 410 2358 nubium,
437 2316 582 2359 ignium,
595 2316 752 2359 aei-isque
774 2315 864 2359 fieri,

155 2370 255 2400 certe
267 2366 334 2399 nisi
347 2366 420 2400 sole
431 2375 553 2399 averso
569 2376 637 2399 nou
652 2365 704 2399 fit.
728 2367 832 2399 Idem.

195 2419 262 2451 22⁰
286 2417 535 2458 Mareotida]
554 2417 621 2450 Iris
633 2417 866 2450 Thaumantis

154 2466 257 2508 dieta
271 2468 459 2502 secundum
480 2467 614 2510 poetas,
634 2467 866 2501 Thaumantis

154 2516 248 2551 filia:
279 2524 445 2552 caeterum
473 2528 518 2552 ex
541 2518 769 2552 admiratione
797 2519 865 2553 hoc

155 2576 280 2602 nomeu
317 2569 468 2611 accepit,
496 2579 572 2612 quae
609 2569 792 2602 admiratio
820 2569 865 2603 de

156 2618 234 2662 ejus
253 2619 432 2658 ,coloribus
463 2621 629 2654 nascitur.
673 2621 740 2653 Iris
770 2620 865 2654 dicta

156 2669 250 2712 quod
283 2678 458 2714 nunqnam
496 2671 547 2704 >ad
586 2671 864 2705 conciliationem

155 2720 321 2763 mittitur,
349 2722 440 2755 slent
474 2723 684 2764 Mercurius,
722 2723 782 2755 sed
819 2723 864 2755 ad

155 2771 467 2813 disturbationem5
494 2777 531 2806 et
546 2778 601 2806 est
623 2774 779 2806 ministra
794 2783 863 2807 non

155 2826 292 2857 tantum
325 2823 489 2865 Deorum,
524 2824 587 2857 sed
622 2830 660 2858 et
695 2826 862 2859 Deorum.

242 2877 403 2919 Delph.et
426 2878 601 2912 Van-‚clm

769 2899 771 2902 -
841 2878 929 2913 Stat.

1499 237 1616 280 2017

909 336 1060 371 Luctant-
1094 338 1210 380 Pam]
1234 339 1406 382 Respexit
1416 339 1530 373 Poeta
1545 342 1619 383 opi-

908 389 1042 421 nionem
1060 390 1167 432 vulgi,
1178 390 1267 432 quod
1281 395 1381 432 putat
1394 401 1510 423 arcum
1522 391 1619 424 illum

909 440 944 473 in
968 450 1063 473 mare
1090 441 1315 484 descendere,
1343 447 1379 475 et
1403 442 1485 475 inde
1511 443 1618 476 etiam

910 490 1002 524 oriri.
1021 490 1176 524 Britann-

952 542 1017 572 221
1042 541 1122 573 Inde
1132 540 1248 582 fretis]
1268 541 1463 583 Delphines
1479 542 1618 575 tandem

910 590 1085 632 placuere.
1127 591 1255 624 Murice
1286 592 1394 634 acuto]
1436 593 1549 625 Freno
1574 603 1623 627 ex

909 641 1100 675 muricibus
1114 641 1289 676 confecto.
1334 643 1490 678 Murices
1505 645 1621 686 pisces

910 696 992 725 sunt
1006 697 1174 726 contextu
1189 693 1339 727 firmiore
1351 695 1540 736 pectinum.
1555 696 1623 728 Est

909 747 947 775 et
963 742 1229 776 instrumentum
1243 743 1392 778 ferreum
1411 745 1524 778 tribus
1539 756 1622 779 acu-

909 794 1071 837 minibus,
1080 795 1172 837 quod
1185 797 1302 838 spargi
1311 797 1491 830 consuevit
1505 797 1549 830 ad
1561 797 1623 830 im-

912 843 1100 886 pediendos
1116 847 1262 888 equites.
1285 847 1468 879 Maturant.

953 898 1018 928 222
1040 896 1191 938 Biiuges]
1231 897 1300 931 Qui
1341 902 1515 940 tamquam
1554 899 1622 932 duo

911 946 989 988 equi
999 946 1193 989 junguntur
1213 948 1256 980 ad
1277 957 1428 981 currum.
1473 949 1624 982 Maxima

914 995 1038 1038 Thetis]
1085 997 1185 1030 Uxor
1229 997 1376 1031 Oceani.
1432 999 1623 1033 Maximam

911 1046 1001 1080 dixit
1015 1047 1057 1080 ad
1074 1046 1306 1081 differentiam
1329 1049 1439 1091 ipsius
1453 1050 1623 1089 Thetidis,

912 1107 988 1139 quae
1003 1103 1118 1131 mater
1133 1103 1188 1131 est
1203 1098 1361 1132 Achillis.
1391 1100 1492 1133 Idem·

953 1151 1018 1181 223
1045 1149 1185 1190 Gurgite
1199 1150 1366 1191 Atlanteo]
1389 1151 1431 1183 In
1455 1151 1539 1184 mari
1562 1151 1624 1185 At-

909 1199 1051 1240 lantico,
1071 1200 1163 1242 quod
1189 1201 1336 1242 Lybiam
1361 1201 1404 1234 ab
1427 1202 1623 1235 Occidente

910 1250 1054 1288 claudit.
1070 1260 1090 1282 a
1103 1250 1265 1284 Malacha
1286 1250 1391 1285 fluvio
1411 1252 1549 1295 incipit,
1565 1254 1625 1296 qui

910 1302 1053 1334 Mauros
1069 1311 1090 1333 a
1105 1302 1267 1334 Numidis
1280 1307 1433 1344 separat.
1475 1302 1625 1344 Abylam

910 1357 1066 1385 montem
1086 1351 1199 1384 abluit
1214 1351 1415 1394 ingrediens
1429 1352 1622 1387 Oceanum.

912 1402 1016 1435 Idem.

954 1455 1022 1485 226
1045 1453 1188 1485 Pectoris
1225 1453 1369 1495 humani]
1419 1454 1460 1486 In
1499 1455 1623 1498 quibus

913 1506 1032 1535 tantus
1062 1503 1109 1536 sit
1136 1504 1172 1536 in
1208 1504 1365 1536 homines
1395 1514 1514 1544 αιτιοι-ς
1546 1516 1624 1539 nam

912 1552 1094 1595 delphines
1124 1564 1194 1587 non
1223 1559 1356 1587 tantum
1386 1556 1516 1589 homini
1541 1557 1626 1590 ami·

914 1613 991 1636 cum
1018 1605 1157 1646 animal,
1182 1615 1302 1639 verum
1329 1611 1367 1640 et
1390 1607 1523 1640 musica
1549 1613 1624 1641 arte

913 1654 1096 1687 mulcetur.
1127 1656 1280 1688 Britann.

956 1707 1021 1738 227
1049 1706 1224 1749 Contagia]
1275 1706 1478 1741 Contactu&
1512 1709 1626 1742 Matu-

912 1759 998 1788 rane.

956 1810 1022 1839 228
1044 1805 1245 1848 Resolutum]
1287 1807 1468 1841 Profunde
1498 1810 1626 1843 dormi·

913 1863 1043 1899 entem,
1072 1859 1195 1892 solutis
1225 1859 1400 1897 membris,
1428 1866 1466 1892 et
1489 1859 1626 1893 fluenti·

912 1909 988 1942 bus.
1011 1909 1111 1942 Idem.

956 1962 1021 1993 280
1043 1960 1097 1992 Aa
1115 1959 1272 2002 placidus]
1300 1960 1371 1992 Cur
1398 1961 1546 2002 placidae
1574 1972 1626 1995 es-

913 2014 992 2042 sent
1016 2010 1209 2052 subjungit,
1237 2011 1355 2044 Thetis
1386 2012 1477 2044 enirn
1510 2017 1627 2045 tacere

907 2060 1074 2103 jusserat.
1099 2061 1201 2093 Idem.

957 2114 1019 2144 231
1047 2112 1125 2144 Toto
1148 2112 1236 2154 orbe]
1274 2112 1507 2146 Plenilunium
1535 2118 1626 2147 erat.

914 2163 1064 2197 Quando
1078 2165 1159 2197 luna
1180 2164 1284 2207 pleno
1308 2164 1394 2197 orbe
1419 2171 1486 2207 est,
1500 2172 1536 2199 et
1552 2171 1628 2199 tota

914 2219 1017 2247 nocte
1033 2215 1138 2247 lucet.
1164 2215 1265 2248 Idem.

956 2268 1022 2298 232
1046 2265 1200 2308 Cynthia]
1212 2267 1309 2298 Luna
1322 2266 1372 2298 sic
1387 2266 1484 2299 dicta
1499 2277 1520 2299 a
1536 2266 1627 2309 Cyn-

914 2315 975 2348 tho
997 2322 1116 2349 monte
1139 2316 1235 2358 Deli,
1260 2315 1320 2349 nbi
1344 2317 1418 2349 nati
1442 2316 1570 2359 Apollo
1589 2322 1628 2351 et

913 2367 1041 2399 Diana.
1081 2367 1182 2399 Idem.
1240 2367 1465 2408 Prosequitur]
1500 2367 1628 2401 Refert

913 2416 980 2449 hoc
1007 2415 1052 2448 ad
1081 2416 1279 2458 Chironem,
1303 2426 1371 2449 non
1403 2417 1447 2449 ad
1478 2418 1625 2459 Lunam3

914 2471 954 2500 nt
970 2467 1028 2508 sit,
1045 2467 1175 2500 Chiron
1190 2468 1424 2510 prosequitur.
1467 2469 1627 2502 Recursus

913 2518 1023 2560 rogat]
1046 2518 1089 2551 Id
1110 2522 1177 2560 est,
1201 2523 1240 2552 ut
1265 2519 1336 2552 cito
1363 2518 1408 2551 ad
1432 2528 1471 2552 se
1492 2519 1628 2554 redeat.

914 2570 1070 2603 Britanni.

957 2624 1021 2654 233
1044 2620 1182 2654 Securus
1194 2622 1318 2664 pelagi]
1345 2622 1387 2655 ld
1403 2626 1469 2663 est,
1481 2622 1566 2655 nihil
1582 2623 1625 2655 ti-

913 2681 1011 2704 mens
1029 2681 1137 2714 mare,
1147 2682 1226 2705 cum
1242 2673 1326 2704 illud
1342 2673 1376 2704 in
1391 2673 1552 2705 Thetidis
1565 2683 1625 2715 po-

913 2727 1043 2755 testate
1071 2723 1130 2755 sit.
1182 2724 1254 2756 Uda
1280 2723 1412 2765 lumina]
1437 2722 1565 2755 Oculos
1589 2728 1626 2755 et

914 2775 1103 2816 lachrymas
1119 2774 1324 2807 dissimulat.
1350 2775 1451 2807 Idem.

956 2828 1019 2858 235
1044 2826 1160 2859 Erecto
1182 2829 1358 2867 prospectat
1384 2824 1475 2867 equo]
1507 2824 1625 2857 Pieta-

1454 2881 1476 2909 6
1498 2878 1537 2909 M
