1878 3164
275 196 389 240 1994

274 301 404 343 'virides
425 300 545 333 rubum
561 300 745 333 Dimovere
760 301 914 340 lacerta,
931 300 974 331 Et

277 353 380 390 corde
405 357 441 384 et
465 351 607 393 genibus
632 349 769 382 tremit!
813 352 823 368 ‘
838 351 972 382 Novum

278 403 458 435 tumultum
471 401 480 415 '
494 401 581 433 dicit
596 401 726 443 qualem
742 404 823 432 ante
836 409 901 431 non
916 409 973 431 au-

275 453 423 493 diverat,
440 461 504 484 nec
519 452 554 483 in
569 461 610 483 ea
626 451 807 482 solitudine
831 459 974 490 exspec-

279 502 385 535 tabat.
408 502 525 534 Barth.

293 554 384 584 ,149
400 552 546 584 Funusne
551 550 721 592 peremptis
732 533 879 591 speratis]
890 550 974 592 Spe·

281 603 410 635 ratisne
426 612 484 634 vos
500 602 641 634 mortuis
656 602 840 642 sepulturae
855 600 976 632 solatia

279 663 382 695 posse
398 652 588 694 praestare?
609 651 753 683 Lactane.

323 706 385 735 152
406 702 616 744 Annumerat]
629 702 761 734 Servat.
784 701 883 734 Idem.

322 756 385 785 155
403 752 564 785 Busiridis
576 752 662 794 urus]
676 751 744 784 Hic
759 761 820 784 rex
836 751 976 792 AEgypti

279 802 358 844 fuit,
371 803 517 835 advenas
529 802 651 834 solitus
663 801 707 833 ad
718 811 792 833 aras
805 807 954 834 mactare
966 813 975 840 ;

279 857 454 895 postremo
470 853 620 885 adventu
643 852 804 885 Herculis
819 852 975 894 exemplo

277 913 340 935 nuo
355 903 548 935 immolatus
562 907 625 935 est.
647 903 746 935 Idem.

322 955 384 985 156
398 952 599 995 Odrysiique]
614 953 797 984 Diomedes
806 953 973 984 Thracum

280 1011 342 1034 rex
371 1012 476 1044 equos
508 1002 666 1041 habebat,
701 1012 803 1043 quos-
821 1002 973 1034 humanis

279 1053 437 1085 carnibus
463 1053 646 1084 nutriebat.
693 1052 766 1085 Hos
794 1053 975 1095 Hercules,

279 1104 394 1136 occiso
413 1104 596 1144 Diomede,
611 1103 653 1135 ad
673 1104 772 1135 solita
788 1104 924 1145 pabula,
937 1103 974 1136 id

279 1158 332 1186 est
348 1154 391 1186 ad
420 1155 580 1196 gramina,
605 1155 736 1187 mollita
759 1154 899 1187 feritate
921 1164 974 1187 re-

279 1205 425 1237 vocavit.
482 1205 662 1246 Siculosque
689 1204 808 1245 licebit]
836 1206 974 1247 Jupiter

278 1254 415 1290 AEtnam
433 1255 621 1297 Nympham
638 1255 858 1296 compressit:
876 1265 974 1297 quiam

275 1314 355 1337 ,cum
371 1305 462 1338 Juno
491 1311 766 1347 persequeretur,
787 1306 846 1337 illa
859 1307 972 1338 Terrae

276 1355 477 1396 imploravit
494 1355 666 1396 auxilium,
690 1360 726 1387 et
748 1357 781 1387 in
805 1357 877 1388 sinu
899 1357 973 1398 ejus

281 1410 436 1446 recepta,
450 1406 551 1437 enixa
574 1410 626 1438 est
642 1406 808 1447 geminos,
830 1407 974 1439 necdum

281 1459 383 1497 partu
399 1460 568 1488 maturos:
592 1456 651 1488 hos
666 1457 773 1488 Terra
788 1458 876 1489 intra
898 1467 975 1498 gre-

278 1505 381 1537 mium
391 1516 485 1537 suum
498 1506 625 1538 tamdiu
637 1506 736 1544 fovit,
748 1508 908 1549 quamdiu
920 1509 974 1544 lex

277 1556 370 1588 uteri
398 1557 615 1597 postulabat:
641 1562 759 1598 postea
789 1559 888 1590 enixa
910 1564 975 1600 est,

278 1606 370 1637 unde
395 1607 517 1647 Palici,
541 1607 574 1638 id
602 1612 665 1647 est,
690 1607 741 1639 bis
765 1608 871 1648 geniti
895 1615 975 1641 sunt

278 1657 455 1698 appellati.
484 1658 557 1690 Hos
570 1663 681 1690 autem
700 1659 844 1690 immites
858 1658 974 1699 fuisse,

278 1709 314 1737 et
338 1705 482 1738 humano
510 1708 671 1748 sanguine
687 1708 817 1749 placari
833 1718 972 1740 consue-

279 1762 346 1799 tos,
374 1757 491 1790 fabula
526 1759 712 1790 disserente
741 1758 972 1791 confirmatum

279 1813 343 1840 est.
388 1809 488 1849 Quod
503 1809 636 1841 videtur
651 1810 751 1841 etiam
765 1810 912 1842 strictim
926 1816 974 1842 te-

279 1858 398 1899 tigisse
424 1859 544 1900 Vin-gil.
569 1862 578 1878 ‘
594 1860 639 1892 Et
665 1860 887 1901 implacabilis
916 1871 974 1893 ara

276 1908 414 1941 Palici!
437 1909 534 1942 Idem.

321 1962 384 1991 158
408 1961 476 1992 Nec
504 1962 685 2002 conjugalia
711 1973 806 2004 supra
835 1965 975 2005 Funera]

280 2009 403 2042 Utrum
419 2012 530 2043 solves
544 2012 726 2044 secundam
742 2014 903 2055 syllabam
918 2016 976 2046 τοῦ

276 2061 467 2102 conjugalia,
489 2072 530 2093 an
554 2063 658 2094 males
683 2063 898 2096 connubialia?
921 2066 974 2097 An

279 2112 425 2154 denique
437 2113 646 2152 conjugialia?
662 2119 699 2145 nt
709 2115 798 2155 apud
813 2115 974 2147 Ovidium

278 2162 365 2194 Met.
381 2162 438 2194 lib.
451 2171 484 2194 v.
502 2164 512 2181 ‘
525 2172 586 2194 nee
600 2163 795 2203 conjugialia
808 2163 897 2196 festa
908 2165 975 2198 Qui

274 2215 390 2251 canat,
402 2217 455 2243 est
470 2211 619 2245 clamor.’
661 2214 707 2244 Et
727 2214 786 2245 lib.
803 2223 852 2246 vr.
874 2215 884 2231 ‘
900 2215 975 2247 Nec

277 2271 353 2293 mea
368 2262 556 2303 virginitas,
570 2272 633 2294 nec
650 2263 856 2304 conjugialia
869 2264 974 2305 jura!

277 2311 344 2343 Sed
375 2312 494 2343 mirum
521 2316 571 2344 est
597 2313 778 2355 utrobique
805 2314 837 2345 in
866 2315 974 2347 tribus

278 2361 478 2392 membranis
491 2361 608 2393 baberi
622 2363 808 2402 conjugalia.
824 2364 974 2397 Gronov.

324 2414 385 2442 162
422 2411 634 2454 Absentesque
657 2413 776 2445 animas
804 2416 844 2446 ad
870 2415 976 2447 inania

277 2462 365 2493 busta
375 2462 505 2502 vocatis]
529 2462 760 2495 Adumbratus
772 2474 814 2495 ex
832 2464 975 2505 Virgilio

278 2512 370 2543 locus
385 2512 459 2544 AEn.
474 2521 533 2545 1¹¹.
566 2511 678 2545 ‘Ante
693 2514 809 2545 urbem
836 2514 869 2545 iu
886 2515 976 2556 luco,

282 2561 360 2594 falsi
385 2563 568 2595 Simoentis
589 2564 640 2598 ,ad
671 2565 807 2605 undam,
832 2565 977 2599 L'ibabat

278 2615 387 2646 cineri
405 2613 655 2655 Andromache,
669 2616 856 2658 Manesque
879 2627 976 2649 voca-

273 2663 335 2705 bat
361 2665 570 2703 Hectoreum,
582 2665 625 2696 ad
656 2668 819 2703 tumulum
878 2661 978 2700 viridi

277 2724 378 2756 quem
402 2715 535 2756 cespite
566 2715 714 2755 inanem,
735 2718 783 2749 Et
811 2720 976 2762 geminaS,

276 2775 412 2798 causam
435 2765 628 2807 lachrymis,
650 2773 843 2801 sacraverat
869 2769 975 2802 'aras-‘²

741 205 882 238 NO'rAE
914 205 1134 236 vARmRu
1145 206 1175 235 M
1212 205 1263 236 IN

1022 300 1180 340 >Respicit
1195 304 1338 342 uterque
1351 298 1463 332 Poeta
1471 297 1514 331 ad
1525 297 1718 340 utrm

1024 350 1124 391 cujus
1154 351 1356 391 praeclarum
1393 349 1482 389 apud
1509 348 1718 390 Xenophon*

1024 403 1093 431 tem
1115 401 1307 441 exemplum
1331 400 1391 432 lib.
1409 409 1458 432 vr.
1483 398 1721 440 Expeditionu-

1025 451 1104 492 Cyri
1120 463 1128 489 ;
1152 452 1209 483 ubi
1225 451 1400 491 militibuS,
1416 459 1556 493 qnorum
1566 450 1719 492 reliqul-

1025 502 1167 542 reperiri
1189 511 1256 534 non
1281 506 1454 543 poterant,
1479 502 1580 534 inan·
1605 501 1722 543 sepul-

1025 551 1142 583 chrum
1158 552 1333 584 statuitur.
1377 552 1467 584 Vide
1481 552 1639 584 Tacitum
1647 545 1721 584 An.—

1021 601 1150 633 *nalium
1175 611 1199 634 ι.
1221 606 1258 633 et
1279 611 1320 634 n.
1362 602 1557 635 Suetonium
1577 600 1721 635 Claudio

1025 661 1103 693 cap.
1121 656 1152 685 1.
1175 652 1414 684 Marcellinum
1439 652 1472 684 iu
1495 651 1724 694 vitarum-

1026 702 1140 734 didis:
1165 702 1397 744 Lampridium
1421 703 1547 736 Severo
1560 713 1571 735 z
1586 701 1720 744 Νοβίῦψ

1025 761 1100 784 cum
1130 752 1298 784 Floriano.
1355 751 1520 794 Denique.
1542 751 1719 787 Jurileon·

1025 803 1132 835 sultos
1156 808 1304 843 nostros,
1318 803 1512 836 Macianum
1530 801 1720 836 libram-,de

1025 849 1108 885 Rer.
1130 853 1311 886 Divisione
1327 865 1335 884 :
1359 857 1395 886 et
1409 853 1593 895 Ulpianum
1606 852 1666 887 lib.
1681 858 1721 886 v·

1025 904 1068 935 de
1085 904 1198 946 Relig.
1219 908 1256 935 et
1278 904 1411 945 Sumpt.
1434 904 1558 936 Funer.
1579 902 1641 943 ,ubi
1654 901 1721 937 dis·

1025 963 1083 986 ces
1095 954 1336 996 cenotaphium
1351 963 1418 986 non
1435 952 1544 987 fuisse
1558 952 1651 996 apud
1663 961 1720 985 ve-

1025 1009 1115 1038 teres
1130 1005 1333 1047 religiosum.
1359 1005 1510 1036 Bernart.
1590 1026 1592 1030 -

1066 1058 1129 1087 164
1157 1054 1444 1096 Thermodontiaco]
1459 1053 1615 1095 Thracio,
1629 1033 1724 1091 sauu-

1024 1107 1079 1139 vio
1093 1107 1360 1148 'thermodontffi
1387 1105 1547 1139 Thracia
1560 1106 1721 1148 regionis.

1023 1159 1169 1190 Lactant.
1199 1174 1201 1176 ·

1068 1211 1131 1240 166
1154 1209 1195 1240 Iu
1216 1218 1315 1240 mores
1342 1206 1567 1248 hominemque]
1589 1206 1640 1242 ln.
1658 1206 1721 1239 hu-

1025 1269 1156 1291 manam
1195 1258 1488 1302 consuetudine-m,
1515 1257 1549 1289 id
1578 1261 1646 1297 est,
1681 1261 1721 1290 ut

1024 1313 1176 1341 mortuos
1211 1309 1397 1350 sepulturae
1427 1307 1606 1344 concedat,
1632 1306 1721 1341 bello

1024 1359 1199 1400 cogendus
1214 1363 1267 1390 est
1281 1359 1404 1390 Creon.
1427 1358 1527 1389 Idem.
1708 1375 1714 1383 ι

1024 1420 1026 1422 ·
1067 1412 1130 1441 168
1158 1410 1227 1441 Uno
1236 1410 1337 1441 vultus
1349 1409 1464 1450 pallore
1475 1408 1591 1449 notati]
1605 1408 1722 1442 Quan-

1027 1465 1060 1492 to
1076 1459 1194 1491 melius
1211 1463 1358 1500 veteres,
1370 1458 1614 1499 pallor-egelolfi?
1634 1457 1722 1489 Ber-

1023 1514 1111 1541 nart.

1067 1563 1127 1592 177
1152 1561 1219 1592 Hio
1233 1570 1293 1591 non
1300 1558 1475 1600 foemineoe]
1495 1559 1565 1592 sed
1586 1559 1722 1593 omnino

1025 1611 1130 1642 virilis
1145 1611 1366 1643 fortitudinis.
1393 1611 1430 1642 V.
1445 1610 1563 1646 Scleoes
1593 1611 1719 1648 Melior

1023 1662 1077 1693 hic
1119 1666 1169 1694 est
1203 1662 1517 1693 Vetustissimorum
1557 1661 1720 1698 librorum

1023 1712 1126 1744 lectio
1143 1723 1152 1745 z
1175 1712 1219 1744 At
1237 1711 1470 1750 nonsoemineoe.
1493 1711 1547 1743 Ita
1564 1711 1722 1744 Claudia-

1023 1772 1106 1795 nus:
1136 1762 1203 1795 ‘At
1228 1772 1294 1794 non
1311 1761 1513 1803 magnanimi
1533 1761 1640 1796 virtut
1654 1763 1722 1795 Sti-

1022 1813 1142 1845 liconis
1157 1813 1276 1845 eodem
1292 1813 1416 1846 Fracta
1430 1812 1546 1844 metu.'
1569 1813 1686 1846 Bauli.

1065 1866 1128 1896 179
1150 1864 1242 1895 Dura
1255 1862 1380 1904 pericli]
1395 1863 1508 1894 Causa
1522 1863 1636 1895 mariti
1651 1859 1720 1897 fur-

1023 1914 1084 1946 tim
1095 1915 1279 1946 cremandi.
1303 1914 1451 1945 Laetam.
1530 1935 1533 1938 -

1066 1967 1126 1996 181
1153 1963 1328 2005 Rhodopes]
1342 1964 1450 1995 Mons
1465 1963 1638 1998 Thraciaeae
1654 1931 1707 1996 Id.

1067 2018 1130 2047 182
1153 2014 1317 2056 Innuptis]
1342 2012 1553 2046 Amazoniis.
1577 2013 1679 2046 Idem.

1067 2068 1129 2098 189
1154 2066 1244 2097 Nunc
1258 2064 1344 2096 mitis
1362 2063 1515 2104 conjunx]
1533 2063 1723 2096 vitiosissi-

1023 2125 1077 2147 ma
1091 2116 1332 2156 interpunctio.
1348 2115 1396 2146 Tu
1406 2123 1538 2146 mecum
1553 2113 1720 2150 rescribe:

1026 2166 1120 2197 Nunc
1137 2166 1243 2206 hospes
1257 2165 1379 2203 misere,
1402 2165 1522 2206 primas
1540 2171 1723 2206 nuncupor·-

1023 2225 1076 2247 sus
1088 2217 1127 2247 ad
1148 2226 1230 2249 aras.
1273 2216 1398 2257 Tangit
1418 2216 1558 2254 iterum,
1584 2215 1644 2246 sed
1665 2222 1722 2246 oc-

1024 2267 1127 2303 culte,
1154 2275 1247 2298 more
1269 2275 1341 2305 suo,
1356 2266 1456 2297 ritum
1474 2266 1638 2306 priscum,
1652 2274 1719 2306 quo

1025 2315 1228 2347 sacrificium
1251 2315 1384 2357 signate
1408 2315 1499 2347 inter
1527 2315 1723 2356 nuptiarum

1024 2365 1200 2398 sollennia.
1244 2365 1384 2397 Tacitus
1398 2363 1523 2396 Annal.
1539 2373 1596 2398 xi..
1606 2365 1650 2397 de
1669 2366 1721 2398 Si-

1025 2418 1070 2448 lio
1084 2421 1119 2449 et
1137 2416 1344 2448 Messalina:
1360 2416 1370 2433 ‘
1381 2415 1482 2447 Haud
1497 2425 1568 2447 sum
1585 2416 1721 2456 ignarus

1023 2466 1217 2498 fabulosum
1245 2466 1360 2499 visum.
1379 2465 1435 2505 iri,
1451 2476 1455 2480 ¹
1473 2470 1606 2497 tantum
1644 2467 1722 2498 ullis

1025 2517 1214 2549 mortalium
1228 2515 1436 2555 securitatis,
1447 2514 1479 2546 in
1495 2515 1638 2547 civitate
1654 2526 1724 2548 om-

1025 2567 1115 2598 nium
1132 2575 1236 2607 gnara
1252 2568 1288 2601 et
1303 2565 1381 2596 nibil
1397 2564 1578 2606 reticente,
1594 2565 1722 2598 Consu-

1026 2618 1092 2647 lem
1108 2616 1334 2655 designatum,
1359 2624 1435 2646 cum
1455 2624 1562 2646 uxore
1585 2615 1722 2648 Princi-

1017 2667 1102 2707 Upis,v
1117 2664 1280 2706 praedicta
1302 2665 1372 2705 die,
1387 2664 1548 2697 adhibitis
1574 2666 1630 2706 qui
1661 2667 1721 2698 ob-

1018 2717 1214 2757 signarent,
1227 2735 1230 2738 »
1244 2715 1336 2746 velut
1350 2715 1652 2757 ,suscipiendorum
1682 2718 1721 2750 li.

1025 2766 1183 2798 berorum
1210 2774 1325 2807 causa,
1354 2766 1579 2807 convenisse:
1619 2772 1720 2809 atque
