1878 3164
504 218 545 250 P.
577 216 768 249 PAPlNll
800 214 966 249 STA'ru
997 216 1143 249 THEB.
1175 216 1272 249 Lm.
1294 219 1362 250 IV.

200 322 303 360 quau
320 304 555 350 >adulterasset
567 312 702 346 uacuus
718 316 784 345 est.
827 311 899 344 Sed

200 365 246 400 ab
267 364 548 408 origine-irarum
571 373 649 406 quae
669 362 776 396 fuerit
796 372 899 396 causa

199 415 402 452 muham.
431 415 628 448 Mercurius
642 424 733 457 aegre
748 412 864 446 ferens
878 423 900 447 a

200 467 334 512 Pelope
347 465 541 508 Myrtillum
556 464 663 497 filium
677 474 774 497 suum
789 464 823 496 in
838 474 899 506 pe-

197 517 575 561 lsgwpmoeeipitatum,
588 516 838 557 spoliatumque
852 514 899 546 vi-

197 570 247 601 b
258 567 351 610 lago,
364 566 496 609 reperit
512 566 711 605 vindictam,
729 575 797 607 qua
818 573 899 597 cou-

197 617 366 651 sularctur
380 616 585 656 orbitatem3
606 626 685 648 nam
701 615 846 657 Pelopis
862 613 899 647 fi-

197 662 255 702 151·
274 668 388 702 Auso·
400 672 438 700 et
459 667 603 710 Thyesti
619 671 754 699 tantum
770 666 899 698 discor-

136 732 139 734 ·
195 717 411 761 diuiujocit,
433 722 474 750 ut
496 717 732 760 germanitatis
744 716 827 758 jura
850 715 900 748 di-

195 773 411 812 ruperunt.
453 768 621 811 Thyestes
636 767 726 799 enim
741 777 819 801 cum
835 766 900 798 sci-

195 822 254 853 nt
264 828 409 862 reguum
425 828 530 861 penes
544 828 622 851 eum
635 817 790 850 fataliter
805 826 900 849 msu-

195 875 327 912 ιιι-ιιι,
343 870 402 913 qui
423 870 566 903 arietem
582 869 719 902 velleris
734 868 828 901 aurei
842 869 900 900 ha-

196 921 310 963 beret,
323 931 427 965 quem
446 925 520 954 tum
542 920 673 954 Atreus
698 920 829 962 regiam
850 919 899 951 in·

195 981 331 1015 gressus
359 971 541 1014 plurimum
567 970 797 1007 custodiebat,
822 978 899 1002 cor-

195 1027 358 1065 rumpens
371 1023 546 1064 Europam
553 1021 667 1054 fratris
681 1022 733 1054 sui
744 1030 899 1057 uxorem,

197 1076 275 1106 enm
289 1073 332 1106 ad
347 1071 581 1106 ss-trausferri
597 1082 695 1115 posse
707 1071 897 1114 judicavit:

138 1128 144 1133 '
194 1122 288 1167 quod
315 1122 375 1156 ille
405 1119 627 1166 posteaq'uam
657 1123 793 1160 didicit,
822 1131 900 1155 eum

195 1182 279 1208 cum
302 1173 384 1207 filiis
414 1174 548 1206 dnobus
577 1174 646 1206 suis
684 1173 832 1215 expulit,
863 1175 900 1204 et

196 1229 316 1268 postes
327 1225 486 1258 simulata
501 1225 612 1268 gratia
627 1225 670 1256 ad
695 1233 772 1256 eum
795 1223 900 1263 misit,

197 1276 343 1319 ejusque
356 1275 444 1308 filios
465 1275 693 1317 interemptos
709 1273 900 1316 epulandos

196 1327 368 1370 apposuit,
382 1336 450 1369 quo
468 1325 620 1358 facinore
635 1335 713 1358 cum
737 1334 814 1356 eum
837 1333 899 1366 pu-

196 1378 320 1416 nisset,
333 1378 385 1410 sol
399 1377 528 1410 dicitur
543 1376 587 1410 ab
603 1386 720 1409 eorum
738 1385 775 1407 se
792 1375 905 1416 regio·

196 1430 299 1464 nibus
322 1430 510 1463 avertisse:
546 1429 638 1462 unde
658 1429 758 1470 Virg.
774 1438 794 1460 e
821 1437 902 1460 con-

197 1481 325 1514 trario:
349 1482 360 1500 ‘
372 1481 450 1514 Nec
469 1484 540 1513 nm
562 1489 700 1513 aversus
716 1489 822 1522 equos
835 1478 903 1520 Ty-

198 1532 252 1565 ria
265 1531 325 1564 Sol
330 1531 452 1574 jungit
465 1531 509 1564 ab
524 1531 634 1564 urbe?
657 1532 752 1572 Ergo
766 1539 810 1561 ne
823 1530 903 1571 My-

197 1591 297 1616 ceno
310 1582 439 1616 auxilio
454 1582 536 1622 siut,
550 1591 614 1624 par
638 1580 704 1614 fuit
721 1590 819 1622 paene
834 1579 902 1611 for·

197 1637 296 1676 tuus,
310 1633 389 1676 quia
403 1636 440 1665 et
452 1632 530 1664 illos
544 1624 689 1664 fratrum
704 1631 784 1663 odia
798 1640 902 1672 vexaq

197 1683 297 1717 baut.
337 1683 505 1725 Thyestes
519 1683 609 1716 euim
624 1682 734 1715 Atreo
749 1682 850 1715 fratri
863 1681 902 1714 fi-

197 1734 264 1768 uo·
278 1733 466 1776 epulandos
481 1733 643 1776 apposuit
665 1733 710 1766 ob
728 1732 902 1765 adultera-

199 1789 270 1818 ta-
282 1793 425 1817 uxorem
436 1793 531 1816 suam
544 1784 717 1826 Europam
731 1795 740 1814 :
756 1783 835 1815 ideo
849 1781 903 1815 fu·-

195 1841 337 1869 netatas
353 1835 462 1877 dapes
479 1839 625 1877 propter
651 1835 773 1877 epulas
796 1838 834 1866 et
849 1843 903 1866 re·

198 1895 337 1920 cursans
350 1885 445 1926 solis,
460 1890 498 1918 et
513 1889 658 1928 propter
673 1884 835 1917 offensam
853 1883 903 1916 af-

196 1937 314 1971 fabilis
327 1936 398 1978 dei,
411 1936 490 1979 quia
504 1936 594 1968 inter
609 1936 704 1968 nulla
718 1934 836 1967 nubila
852 1935 903 1977 pi-

197 1993 292 2022 ente
306 1992 404 2021 tanta
419 1987 492 2029 egit
505 1996 678 2026 occasum,
691 1991 727 2019 et
750 1986 903 2018 oblatum

199 2039 295 2073 aurei
310 2032 449 2071 velleris
472 2037 628 2079 arietem,
651 2047 718 2080 qno
740 2036 812 2070 fato
827 2046 903 2079 reg-

199 2088 306 2139 nandi
321 2088 519 2121 tenebatur.
541 2087 690 2120 Laetam.

237 2131 306 2173 sos
326 2130 395 2172 Hic
414 2136 489 2180 alii]
520 2138 602 2171 Non
627 2138 738 2171 miuus
761 2137 842 2170 mali
867 2141 904 2170 et

199 2189 373 2223 crudeles.
395 2188 564 2221 Scholia.
607 2189 699 2221 Sane
720 2189 828 2221 multo
844 2198 905 2230 pe-

191 2241 291 2283 jores
304 2244 341 2272 et
356 2239 579 2272 crudeliores.
621 2239 715 2273 Quid
731 2239 828 2272 caede
843 2250 905 2282 pa-

198 2290 363 2333 truelium
386 2294 447 2322 aut
463 2299 508 2322 ex
523 2288 632 2322 fratre
648 2290 826 2331 Nepotum
843 2291 904 2323 tri-

198 2351 255 2375 1111
268 2341 442 2374 crudelius
457 2339 587 2374 Atreus
603 2339 719 2373 facere
744 2342 904 2382 poterat?

197 2390 339 2435 Invenit
353 2395 391 2425 ut
404 2392 538 2425 viscera
553 2401 670 2424 eorum
698 2393 796 2426 Patri
820 2403 905 2435 epu-

197 2443 304 2478 landa
318 2443 485 2478 haberet?

200 2495 288 2530 cum
311 2495 412 2528 stetit
428 2495 464 2527 in
486 2503 590 2526 cursu
615 2495 749 2528 coelesti
774 2495 845 2536 Sol,
868 2500 904 2527 et

201 2551 435 2589 retrogressus
459 2550 526 2586 est,
551 2546 721 2587 impotens
750 2546 905 2588 aspicere

199 2602 334 2632 tuntum
351 2595 618 2637 faciunsfflertit
634 2596 804 2628 ridentem
820 2596 904 2628 iram

199 2649 344 2682 iuDeos
371 2652 408 2680 et
433 2647 623 2679 exclamat:
646 2647 807 2679 ‘Utinam
833 2647 907 2688 qui-

200 2698 279 2732 den
295 2704 416 2732 tenere
436 2697 610 2740 fugientes
631 2698 729 2730 Deos
749 2698 906 2738 Possem,

202 2752 241 2782 et
263 2753 401 2781 coactos
426 2747 575 2789 trahere,
598 2751 638 2781 ut
665 2747 824 2780 ultricem
846 2747 906 2780 da-

201 2799 280 2842 pem
293 2799 424 2832 Omnes
438 2798 608 2832 viderent.
651 2798 753 2833 Quod
767 2802 821 2832 sat
832 2802 887 2831 est
893 2811 903 2840 3

529 2444 618 2476 Haec
634 2444 726 2476 iuter
738 2444 907 2478 homines.

1541 208 1655 253 1851

951 311 1069 345 videat
1082 312 1213 346 Pater!

994 366 1059 396 309
1080 364 1214 405 Jamque
1243 363 1451 405 Atalantae]
1489 363 1656 397 Atalanta

948 412 1022 445 Issi
1037 411 1107 445 filia
1122 413 1256 455 fugiens
1268 414 1468 453 concubitus
1480 414 1515 446 iu
1531 424 1656 447 venan-

950 462 997 495 do
1010 462 1132 496 Dianae
1147 473 1261 496 comes
1277 470 1330 496 est
1345 463 1454 505 facta,
1465 465 1526 497 sed
1543 475 1564 497 a
1580 466 1655 498 Me-

951 513 1069 554 leagro
1085 512 1190 555 (adde
1216 518 1252 546 et
1275 515 1409 556 corrige
1436 514 1655 548 ‘invulnera-

953 564 1023 597 bile
1037 569 1074 596 et
1086 565 1195 597 adhoc
1204 565 1413 606 insidiante:
1433 575 1477 597 ex
1491 566 1656 608 Barthio)

951 615 1016 647 hoc
1032 614 1269 647 adinsiuuante
1295 625 1492 657 compressa
1510 626 1656 658 puerum

952 665 1075 706 edidit,
1086 666 1183 707 cujus
1197 667 1508 709 coriceptum„qnia
1519 666 1580 698 diu
1592 666 1655 699 sub

952 716 1151 758 virginitate
1181 717 1380 758 caelaverat,
1409 717 1657 758 Parthenopes-

952 777 1008 799 um
1025 767 1173 800 vocavit.
1218 767 1253 799 Is
1274 767 1456 800 admodum
1480 778 1567 810 puer
1587 767 1656 800 Po-

951 818 1057 860 lynici
1101 818 1328 851 auxiliaturus
1369 819 1502 851 Thebas
1540 819 1655 861 petiit.

950 871 961 888 ⁴
973 868 1127 911 Equum’
1143 879 1204 910 pro
1220 870 1335 911 equite
1351 870 1480 911 posuit.
1504 869 1654 902 Laetam.

995 923 1059 952 318
1082 920 1144 952 Ille
1157 922 1198 952 ad
1213 921 1355 962 humum]
1374 921 1460 953 Haec
1476 921 1510 953 iu
1527 921 1657 953 Paren-

952 972 1043 1004 thesi
1073 971 1196 1013 posita,
1221 972 1422 1004 violentiam
1462 971 1581 1004 matris
1619 974 1657 1003 et

952 1022 1132 1064 pudorem,
1155 1026 1191 1053 et
1213 1026 1388 1064 stuporem
1419 1022 1493 1054 uati
1519 1021 1657 1062 'egregie

951 1072 1132 1105 exhibent.
1172 1073 1280 1105 Simul
1306 1073 1450 1115 abrupta
1473 1072 1585 1105 oratio
1606 1072 1656 1103 iu·

952 1122 1049 1155 dicat
1070 1122 1231 1155 affectum
1258 1124 1419 1166 loquendi
1444 1122 1657 1166 praecipitem

952 1173 988 1204 iu
1002 1178 1124 1215 matre,
1149 1174 1284 1206 tardum
1300 1174 1334 1206 iu
1349 1173 1435 1215 filio,
1452 1167 1545 1206 velut
1560 1174 1594 1206 in
1607 1173 1658 1206 fa-

953 1224 1069 1256 cinore
1084 1224 1310 1257 inexcusabili
1325 1225 1553 1266 deprehenso.
1589 1224 1658 1257 Μί-

952 1284 1009 1307 rus
1025 1275 1142 1307 talium
1158 1275 1282 1307 artifex
1297 1276 1474 1317 Papinius.
1497 1276 1615 1309 Barth.

996 1329 1061 1359 319
1085 1327 1261 1368 Tener-oque
1275 1328 1371 1369 unde]
1393 1328 1435 1360 In
1452 1327 1584 1359 duobus
1599 1337 1660 1369 op-

952 1377 1046 1410 timis
1063 1378 1176 1419 reperi
1190 1389 1198 1410 :
1224 1382 1330 1410 tenero
1344 1380 1425 1410 unde
1435 1378 1575 1419 improba
1588 1388 1660 1419 pec-

953 1432 1021 1461 tore
1043 1429 1170 1460 virtus?
1192 1429 1294 1463 Quod
1317 1439 1457 1471 prorsus
1472 1438 1590 1461 verum
1600 1429 1660 1470 ju·

954 1479 1046 1519 dico,
1070 1484 1107 1511 et
1131 1478 1170 1510 τὸ
1192 1489 1250 1520 que
1275 1479 1449 1520 adjectum
1473 1479 1516 1510 ab
1531 1478 1586 1520 iis,
1599 1478 1659 1520 qui

947 1529 1006 1571 jus
1023 1529 1210 1561 Poetarum
1230 1530 1266 1561 in
1290 1530 1415 1562 talibus
1438 1529 1658 1570 ignorabant.

954 1579 1121 1621 Virgilius
1145 1580 1222 1613 AEn.
1253 1589 1305 1613 vr.
1331 1585 1340 1599 ‘
1356 1581 1490 1613 Nomen
1515 1585 1551 1612 et
1575 1590 1660 1612 arva

953 1630 1066 1663 locum
1097 1635 1260 1663 servant:
1308 1636 1342 1663 te
1381 1631 1491 1663 amice
1518 1630 1659 1673 nequivi

953 1681 1187 1723 Couspicere.’
1211 1682 1350 1713 Gronov.

996 1735 1060 1765 323
1086 1733 1175 1765 Dum
1186 1731 1320 1774 premis]
1354 1731 1545 1764 venatores
1568 1732 1659 1764 enim

952 1793 1030 1815 cuni
1046 1783 1268 1825 investigant,
1283 1787 1422 1815 errant:
1451 1792 1526 1814 cum
1543 1791 1660 1825 prose-

952 1840 1116 1878 quuntur,
1129 1838 1306 1877 premunt.
1331 1834 1530 1866 Lactantius.

995 1888 1058 1917 327
1082 1885 1224 1917 Maculis
1238 1894 1294 1917 nec
1316 1884 1465 1925 discolor]
1498 1884 1660 1916 Imitatur

952 1937 1136 1969 Maronem
1167 1937 1211 1968 de
1243 1935 1349 1967 Turni
1380 1944 1481 1977 equo,
1509 1935 1659 1966 colorem

954 1992 1085 2020 tantum
1102 1987 1312 2019 macularum
1333 1990 1491 2018 mutans:
1514 1989 1524 2003 ‘
1539 1985 1661 2016 Macu-

953 2038 994 2070 lis
1007 2047 1107 2080 quem
1119 2038 1284 2069 Thracius
1299 2036 1385 2068 albis
1399 2036 1526 2068 Portat
1538 2044 1661 2077 equus,

953 2088 1126 2130 cristaque
1152 2087 1240 2129 tegit
1269 2088 1369 2128 galea
1399 2096 1504 2118 aurea
1533 2085 1662 2118 rubra.'

952 2139 1043 2172 Sane
1059 2139 1141 2171 mihi
1157 2139 1263 2181 magis
1277 2139 1438 2180 placeant
1455 2143 1541 2170 atrae
1558 2147 1659 2180 quam

954 2189 1044 2222 albae
1060 2190 1216 2222 maculae.
1240 2190 1357 2222 Barth.
1658 2208 1660 2210 v

996 2243 1061 2273 329
1089 2240 1153 2274 Vix
1175 2241 1344 2282 Dryadum
1359 2239 1521 2281 thalamis]
1546 2239 1661 2271 Vene-

954 2301 1023 2324 reae
1038 2291 1212 2332 voluptati
1228 2290 1306 2322 ideo
1322 2289 1428 2322 filium
1445 2290 1662 2331 dehortatur,

953 2349 993 2374 ut
1007 2351 1073 2374 nec
1086 2350 1122 2373 se
1139 2341 1246 2372 virum
1262 2340 1394 2373 credat.
1415 2340 1565 2372 Laetam.

996 2395 1061 2425 330
1086 2391 1202 2424 Omina
1215 2390 1306 2432 vera]
1330 2391 1452 2422 Futuri
1473 2400 1500 2423 s.
1515 2390 1608 2422 mali.
1625 2390 1659 2422 id

936 2431 942 2436 ’
954 2446 1019 2483 est,
1036 2451 1116 2474 vera
1126 2446 1207 2473 sunt
1223 2441 1380 2483 prodigia
1391 2451 1466 2482 quae
1479 2441 1635 2473 videbam
1650 2452 1659 2474 z

956 2493 1053 2535 quasi
1069 2492 1169 2534 irata,
1186 2493 1242 2524 vel
1265 2493 1373 2524 tristis
1398 2490 1516 2524 futura
1537 2495 1659 2524 morte.

955 2544 1056 2576 Idem.

999 2597 1063 2627 332
1087 2594 1242 2636 Inferior]
1278 2591 1350 2625 Aut
1364 2593 1500 2625 humilis
1516 2597 1576 2625 aut
1592 2602 1660 2625 uon

954 2645 1050 2677 laeta.
1075 2645 1177 2676 Idem.

999 2698 1062 2727 333
1087 2695 1160 2727 Hoc
1170 2695 1294 2735 segnior
1306 2695 1413 2736 arcus]
1449 2696 1591 2729 Celeres
1608 2704 1660 2727 sa-

957 2746 1065 2789 gittas
1080 2755 1148 2777 nou
1164 2746 1313 2778 mittens.
1337 2746 1438 2780 Idem.

1001 2799 1064 2829 335
1099 2796 1208 2837 Major
1233 2796 1343 2839 honos]
1381 2797 1511 2830 Omnes
1541 2796 1660 2830 vident
