1878 3164
440 225 483 257 P.
514 222 706 256 PAPINH
738 222 907 254 STATH
938 221 1085 253 THEB.
1119 222 1215 253 [AB.
1249 222 1322 253 111.

147 330 156 349 t
189 321 256 354 1ae
276 318 432 360 We]
454 318 497 351 Id
520 322 586 356 est,
600 317 778 360 dispositis
793 327 851 350 ca-

145 370 344 412 daveribus,
366 369 528 412 nmisque
547 369 622 412 jam
648 369 849 402 condendis.

146 417 296 455 namne
578 430 581 431 ⁷
654 419 657 422 ’

146 490 152 495 ·
188 474 256 505 179
264 470 412 512 ἀα-σέ]
428 470 611 513 Deplorat,
627 471 849 504 lamentatur.

145 520 450 557 Ono-,necessaria
463 521 654 554 condendis
675 522 751 563 jam
770 531 850 554 cen·

145 573 281 607 sebant·
316 571 420 605 Unde
432 573 443 590 ‘
455 571 689 613 conclamati,'
702 573 776 614 jam
791 581 852 605 ex·

144 623 278 657 madi.
298 623 420 656 Bana.

149 677 252 708 ⁴⁵¹³!st
276 675 429 707 Conscius
447 674 545 715 netis]
567 674 666 706 Inter
691 684 777 717 quas
798 683 851 706 ar·

144 725 255 761 bono·
263 723 396 757 'codem
408 724 661 767 quinquaginta
674 725 853 757 Thebano-

147 786 223 809 rum
251 779 450 818 patraverat
471 775 621 816 Tydeus.
667 775 853 807 Conscien-

146 827 230 860 tiam
259 824 374 859 rerum
407 826 522 858 multis
562 826 720 858 inanimis
750 826 852 858 rebus

146 877 267 917 tribui,
276 877 409 910 docent
423 876 594 918 exemplis
614 876 698 908 alibi
725 881 853 908 nostrae

147 929 476 961 (hommentationes.
512 927 572 959 Sic
586 927 598 945 ⁸
611 927 786 959 conscium
804 927 854 968 ig-

148 977 253 1019 nem,'
284 978 400 1010 Herus
421 976 598 1009 Amorum.
644 977 853 1019 Lampadem

147 1029 229 1062 alibi
253 1028 340 1062 'dicit
364 1028 532 1070 Papinius
561 1028 622 1061 lib.
647 1037 699 1060 vl.
713 1033 750 1060 et
766 1037 852 1061 vin.

146 1089 202 1112 va.
215 1082 294 1112 8⁰6.

193 1133 258 1163 176
291 1129 455 1162 Gramion-
479 1128 564 1171 σου]
602 1129 682 1162 Quo
712 1128 746 1160 in
775 1128 854 1160 loco

149 1180 294 1214 alethes
331 1189 408 1212 aevo
453 1180 616 1222 grandior
655 1180 854 1220 lugentibus

147 1236 230 1264 aute
259 1240 361 1273 rogos
389 1241 468 1263 suos
494 1231 642 1274 gemitus
666 1230 854 1263 solabatur.

148 1282 291 1315 mm

150 1348 159 1354 -
194 1332 370 1376 lvo-‘Saepe
387 1333 511 1376 quidem
525 1332 655 1374 infelix]
677 1332 765 1365 Haec
778 1341 855 1364 ora-

147 1384 199 1416 tio
213 1383 483 1417 consulationem
499 1385 667 1424 continet,
681 1394 759 1426 quae
775 1393 856 1416 con-

148 1431 221 1466 sm
236 1433 422 1476 exemplis:
438 1440 476 1466 ut
488 1434 584 1475 Virg.
606 1435 617 1452 ⁴
628 1433 660 1465 0
676 1434 766 1475 passi
783 1442 859 1474 gra-

149 1483 270 1517 vion:
313 1485 409 1518 Dicit
433 1490 563 1525 autem,
583 1494 759 1526 nunquam
783 1489 859 1516 tan-

148 1539 222 1567 tam
254 1530 414 1568 scenam*
437 1534 652 1567 infelicitatis
693 1535 860 1567 accidisse

150 1585 340 1618 Thebanis:
363 1590 402 1618 et
427 1595 470 1617 ne
493 1590 618 1618 contra
644 1589 860 1627 praeceptum

150 1635 289 1677 sacius
301 1635 331 1668 si
356 1635 596 1668 infelicitatem
621 1645 742 1668 carere
767 1635 862 1668 dicat

148 1686 325 1728 exemplo,
338 1686 417 1718 ideo
430 1686 517 1718 dicit
530 1695 636 1718 unum
653 1687 744 1718 diem
760 1696 861 1728 posse

149 1736 225 1770 istis
251 1736 408 1769 cladibus
433 1736 642 1778 comparari,
665 1745 731 1779 quo
749 1737 862 1769 Niobe

150 1787 414 1829 quatuordecim
430 1786 518 1819 filios
534 1796 602 1819 uno
618 1790 793 1819 momento
811 1787 863 1818 ira

152 1837 328 1869 numinum
345 1836 510 1879 perdidit.
554 1836 686 1869 Omnes
702 1837 792 1869 enim
809 1846 863 1869 re-

151 1887 255 1929 nque
278 1886 430 1919 historin
443 1887 489 1919 de
504 1886 751 1920 Thebanorum
771 1887 862 1919 cala-

151 1937 292 1978 mitate,
320 1938 500 1980 precipue
530 1947 576 1970 ex
615 1937 863 1979 superioribus,

153 1988 242 2021 bene
260 1988 335 2030 jam
353 1993 444 2022 notae
460 1993 555 2021 aunt.
580 1988 681 2021 Idem.

198 2041 262 2071 182
288 2039 380 2071 Unde
401 2038 474 2071 noni
486 2037 605 2079 [πίω]
629 2038 778 2080 Proprie
796 2038 861 2078 foe-

153 2092 228 2130 lu,
241 2090 324 2132 quia
336 2082 443 2121 foet'us
457 2093 564 2121 terras
590 2094 711 2130 partus
722 2093 798 2121 est:
824 2094 863 2120 ut

154 2140 256 2182 virg.
287 2140 298 2158 ‘
326 2140 384 2172 Sic
412 2149 551 2182 quoque
580 2139 720 2171 mutatis
747 2140 863 2181 requi-

153 2195 278 2223 escunt
293 2189 434 2222 t'oetibus
449 2189 556 2222 arva!
579 2190 683 2222 Idem.

200 2244 263 2274 285
290 2240 458 2282 Consedit]
482 2240 636 2280 Corruit,
660 2244 866 2281 cousumpta

154 2298 221 2326 est.
266 2293 378 2333 Neque
393 2291 532 2332 funera]
564 2290 719 2322 Putabat·
745 2301 782 2323 se
807 2301 865 2324 oc-

154 2343 230 2379 cino
251 2342 324 2376 tilio
343 2343 504 2375 ‘Learcho
530 2342 699 2387 Athamas
721 2342 865 2381 gloriam

154 2397 435 2434 consecuturum,
457 2401 558 2434 quem
580 2401 652 2433 prae
675 2390 792 2424 furore
816 2392 867 2424 fe·

156 2453 233 2477 rant
258 2444 407 2486 putavit.
451 2442 680 2476 Gloriabatur
705 2451 788 2484 ergo
815 2443 866 2474 iu-

155 2505 241 2528 aana
255 2499 371 2536 mente
389 2493 581 2526 venationis
598 2497 738 2525 eventu.
763 2493 866 2525 Idem.

157 2565 159 2569 ι
199 2545 267 2585 186
287 2546 341 2578 De
362 2543 482 2585 mnu]
504 2544 558 2575 De
581 2553 649 2586 quo
668 2543 868 2576 Leucothea.

156 2605 199 2630 se
220 2595 459 2638 praecipitavit
481 2595 516 2626 in
539 2593 681 2626 fluctum
704 2603 783 2626 cum
799 2594 866 2626 Pa-

157 2646 314 2680 hamne.
336 2646 440 2678 Idem.

197 2699 266 2730 188
281 2696 350 2729 Hic
360 2695 516 2736 gen-itus]
530 2695 640 2734 Talis,
655 2695 765 2737 qualis
778 2705 867 2727 nnnc

158 2751 212 2780 eat
227 2747 474 2790 qninquaginta
486 2746 660 2780 bominum
674 2746 773 2779 clade
790 2756 867 2789 per—

159 2798 299 2840 emptis.
323 2798 423 2831 uem.
767 2804 772 2808 “

232 2851 363 2894 ’ΠεΙρΙμ
378 2856 408 2885 ει
422 2853 499 2885 Vur.
514 2853 602 2886 Clas.

1494 214 1609 258 1825

932 320 1010 350 ’189
1033 318 1184 350 Furorem
1198 317 1292 359 vicit]
1311 317 1470 360 Resipuit
1484 319 1527 350 ad
1543 320 1609 352 hoc

898 370 1022 410 solum,
1042 375 1080 402 ut
1096 374 1295 411 agnosceret
1310 369 1510 402 orbitatem.
1533 371 1586 403 Id.

946 423 1006 453 191
1036 421 1108 452 Una
1131 420 1214 463 dies]
1249 421 1366 462 Prope
1393 424 1447 452 est
1471 426 1510 453 nt
1535 423 1610 455 liaec

900 470 1086 504 infelicitas
1099 472 1333 504 consolatione
1355 476 1486 512 careat,
1509 473 1536 504 si
1559 473 1610 505 ni-

901 522 948 555 bil
963 532 1112 566 unquam
1129 524 1198 556 tale
1213 523 1381 565 contigit:
1405 523 1483 555 ideo
1494 523 1611 556 subdi-

902 573 955 606 dit
980 574 1195 615 exemplum=
1227 574 1321 616 qnia,
1350 578 1388 606 ut
1413 574 1519 607 Ovid.
1551 575 1612 615 ait,

902 624 1020 657 Niobe
1049 626 1215 657 Latonam
1241 625 1313 657 coli·
1335 624 1491 666 vetabat,
1513 626 1548 657 in
1572 635 1610 657 se

902 676 1044 717 cupiens
1069 675 1257 708 transferre
1272 676 1435 707 honorem
1452 676 1613 716 numinis,

903 726 995 768 quod
1012 726 1104 758 illam
1117 727 1151 758 in
1163 732 1311 768 utroque
1324 736 1410 758 sexu
1425 726 1611 758 liberorum

903 776 1045 809 foetibus
1063 777 1221 819 jactabat
1237 777 1372 809 anteire
1392 786 1441 809 se.
1484 777 1613 808 Tanta-

903 827 944 858 lis
973 832 1089 859 autem
1117 826 1245 867 Niobe,
1273 827 1354 869 quia.
1377 827 1516 858 Tantali
1543 826 1614 859 fuit

902 877 984 909 filia.
1030 877 1109 909 Filii
1135 877 1266 910 Niobes
1286 877 1343 916 hi;
1366 875 1612 917 Archemorus,

906 927 1115 967 Antehorus,
1128 927 1307 967 Tantalus,
1321 927 1533 967 Pbaedimus,
1558 927 1612 958 Si-

904 979 1038 1020 pbylos,
1063 978 1280 1025 Xenarchus,
1303 977 1474 1019 Epinites.
1520 977 1613 1009 Item

905 1028 1004 1069 filiae3
1028 1028 1231 1068 Asticratia,
1257 1027 1440 1069 Pelopeia,
1466 1027 1615 1068 Chloris,

905 1079 1094 1119 Cleodoxe,
1110 1079 1249 1120 Ogime‚
1266 1078 1397 1119 Phega,
1410 1077 1540 1110 Neera.
1563 1078 1615 1110 ld.

949 1132 1012 1161 192
1035 1127 1274 1169 Magniloquos]
1302 1127 1500 1167 Magnilocos
1527 1129 1615 1168 opti-

905 1191 971 1213 mae
988 1181 1208 1213 membranae.
1253 1180 1297 1212 In
1325 1179 1458 1212 Niobes
1486 1179 1615 1219 magni-

906 1231 1083 1273 loquentia
1096 1239 1264 1271 poenaqne
1277 1228 1513 1261 describendis
1526 1229 1616 1270 seip-

907 1275 981 1313 sum
997 1281 1082 1314 vicit
1098 1280 1255 1320 Ovidius,
1271 1289 1373 1321 quem
1391 1278 1548 1320 suspicor
1564 1283 1617 1310 ta-

905 1343 983 1365 men
998 1342 1066 1364 non
1084 1341 1197 1374 pauca
1209 1341 1253 1363 ex
1275 1330 1431 1372 Tragicis
1453 1330 1617 1362 sumsisse

906 1383 1008 1416 hodie
1023 1393 1091 1415 non
1110 1381 1343 1414 exstantibus.
1366 1380 1486 1412 Barth.

952 1436 1014 1466 193
1039 1433 1234 1474 Innumeris]
1256 1432 1348 1466 Quia
1363 1431 1543 1463 innumera
1564 1441 1618 1463 or-

909 1484 1002 1516 bitas
1015 1484 1178 1516 cinxerat
1192 1487 1354 1521 matrem,
1370 1486 1408 1513 ut
1424 1491 1514 1513 nunc
1530 1482 1621 1514 viro·

911 1544 987 1566 rum
1002 1533 1144 1566 fortium
1156 1533 1255 1565 caede
1267 1532 1552 1564 circumvallabar
1567 1541 1621 1564 or-

912 1585 1003 1617 bitas
1019 1584 1212 1616 civitatem.
1235 1583 1385 1615 Ludunt.

914 1651 919 1653 -
956 1637 1019 1667 194
1044 1635 1184 1675 Corpora
1198 1633 1262 1675 tot]
1286 1634 1377 1667 Quia
1400 1642 1464 1674 pro
1477 1642 1620 1665 numero

887 1708 890 1710 Α
911 1684 1060 1717 filiorum
1079 1694 1179 1725 rogos
1199 1693 1335 1726 quoque
1351 1687 1463 1714 mater
1479 1689 1620 1714 extrux-

913 1741 1000 1768 erat.
1047 1735 1188 1777 Ruperat
1208 1733 1308 1774 terra]
1333 1734 1400 1765 Illa
1414 1742 1453 1765 re
1470 1739 1623 1774 raperet.

913 1787 1005 1819 Nam
1020 1787 1125 1819 hodie
1143 1795 1280 1828 quoque
1298 1785 1413 1818 Niobe
1439 1785 1488 1817 sic
1511 1785 1621 1827 pingi-

912 1841 970 1869 tur
985 1837 1153 1878 gremium
1169 1835 1330 1869 conferta
1346 1840 1398 1868 tot
1414 1836 1517 1877 natis,
1540 1836 1621 1867 dum

913 1896 1190 1929 unumquemque
1211 1886 1376 1927 amplecti
1396 1885 1553 1918 manibus
1568 1885 1621 1918 af-

913 1938 1034 1971 fectat.
1059 1938 1159 1969 Idem.

957 1992 1022 2021 196
1043 1989 1154 2029 Longo
1174 1987 1334 2029 examine]
1357 1988 1399 2021 Id
1423 1994 1490 2029 est,
1510 1988 1623 2021 turba.

913 2041 1015 2073 Idem.

957 2095 1020 2124 198
1044 2092 1130 2124 Bina
1142 2101 1201 2134 per
1214 2090 1374 2132 ingentes]
1387 2090 1495 2123 Scite.
1533 2090 1623 2123 Nam

914 2153 992 2176 cum
1009 2143 1127 2175 Thebe
1154 2148 1287 2184 septem
1312 2147 1430 2184 port-as
1449 2142 1625 2180 habuerit,

916 2197 953 2225 ut
977 2194 1136 2226 ostendat
1168 2193 1304 2225 Nioben
1329 2195 1383 2224 14.
1407 2192 1521 2232 proles
1542 2192 1624 2222 ami·
1658 2203 1661 2205 ⁴

915 2246 1017 2285 sisse,
1036 2245 1122 2276 dicit
1142 2244 1224 2276 bina
1245 2242 1368 2275 funera
1391 2252 1454 2284 per
1475 2243 1625 2283 singulas

916 2300 1037 2337 portas
1053 2296 1166 2327 elata:
1190 2294 1312 2334 sentit,
1339 2298 1378 2325 ut
1406 2293 1521 2333 video,
1545 2302 1626 2325 cum

916 2345 1097 2386 Euripide,
1127 2344 1277 2385 Ovidius
1307 2343 1463 2382 Sidonio,
1495 2344 1626 2374 Seneca

916 2395 1068 2437 Tragico
1098 2395 1156 2437 qui
1187 2403 1254 2426 vn.
1282 2393 1384 2434 filios,
1413 2393 1626 2435 totidemque

915 2446 1016 2485 filias,
1050 2445 1186 2478 Nioben
1228 2444 1401 2484 habuisse,
1440 2443 1627 2475 tradidere.

917 2496 987 2528 Sed
1019 2497 1162 2528 Homer.
1193 2495 1292 2527 iliad.
1315 2495 1453 2534 ultimo,
1476 2494 1627 2535 Proper-

917 2547 985 2579 tius
1011 2546 1070 2578 lib.
1088 2555 1130 2578 ιι.
1161 2550 1295 2578 tantuin
1315 2548 1368 2576 12.
1394 2544 1512 2576 fuisse.
1566 2545 1626 2576 Sa-

917 2597 985 2639 pbo
1011 2606 1094 2628 vero
1124 2599 1175 2628 19.
1227 2595 1451 2636 Bachillides,
1477 2601 1515 2627 et
1543 2595 1627 2628 Pin-

916 2647 1022 2678 darus
1047 2650 1101 2679 20.
1128 2647 1186 2679 alii
1210 2647 1320 2678 solum
1348 2650 1432 2684 tres,
1460 2650 1628 2678 testatum

918 2698 1102 2740 reliquere.
1155 2697 1304 2729 Consule
1335 2696 1509 2738 Agellimn
1541 2697 1628 2729 libro

919 2756 982 2779 xx.
1010 2756 1086 2789 cap.
1113 2749 1170 2780 61.
1197 2746 1255 2789 qui
1271 2747 1444 2779 dissensus
1458 2752 1495 2779 et
1509 2752 1628 2779 nostro

919 2798 1081 2830 aberrare
1095 2806 1230 2832 manum
1241 2796 1326 2830 fecit
1338 2809 1346 2830 ε
1364 2796 1452 2829 libro
1462 2797 1628 2838 siqnidem

854 2851 942 2884 scat.
1467 2854 1486 2881 ὅ
1514 2850 1541 2882 Ζ
