1878 3164
479 235 518 265 P.
554 234 746 266 PAPlNu
779 234 943 266 STATn
978 235 1126 267 THEB.
1160 237 1350 268 maxi.

108 311 111 314 ι
181 327 426 363 netriliranoe:¹
448 337 512 360 non
532 328 627 367 ferre
651 328 716 370 μία
748 329 886 370 vestigio

178 381 276 415 m.
298 377 376 412 Nee
390 378 585 420 reiecerim,
597 379 735 421 qnando
749 381 805 413 hic
821 390 889 415 me,-

178 429 246 466 lior
255 436 361 461 {exus
377 423 561 471 OEdipod'ae
578 429 777 463 liberorum.
801 430 885 462 Gro-

189 555 196 564 .
221 530 286 564 888
311 529 520 572 crudescunt]
557 530 810 573 Juvenescunt,
829 536 888 564 aut

182 579 264 615 novi
274 575 382 623 fluat.-
395 579 548 614 Laxant.

181 651 196 666 ⁴.
221 631 289 665 08⁹
309 629 478 671 Meg-mea
491 631 648 673 resurgit]
672 632 725 664 Ex
749 632 888 674 integro

176 677 342 726 hebeat.
359 681 460 713 Idem.

182 757 191 762 .
199 732 288 766 ,884
309 731 456 773 Iamba
476 731 727 773 luminalouae
753 737 888 775 specta-

179 761 276 815 tnta
285 786 367 816 sunt
403 781 547 815 fratrum
577 784 750 863 singulare
779 789 890 818 certa-

177 840 268 867 men.
291 833 394 867 Idem.

183 887 297 919 .887·
297 883 451 926 owart]
487 884 573 917 Cum
600 889 730 918 conatu
759 886 887 918 stricti.

179 909 283 970 *Idm
319 953 328 967 ι
359 949 377 967 .·
875 962 878 965 ,

218 987 311 1019 888
322 985 381 1018 Me
417 964 576 1027 miseram,
616 986 736 1028 vinces]
783 986 886 1018 Prius

180 1040 297 1069 tamen
317 1035 406 1069 ime
414 1045 508 1069 arma
529 1046 670 1069 necesse
697 1042 751 1069 est
782 1047 888 1079 expe-

179 1088 271 1123 riam
285 1086 402 1127 domi‚·
418 1092 458 1120 ut
479 1097 541 1120 nos
567 1093 648 1120 ante
675 1093 888 1130 prosternas.

173 1195 175 1199 ’
221 1190 297 1222 su.
323 1187 444 1231 Βοιαὶ]
480 1188 622 1222 Sancire
657 1194 710 1222 est
740 1199 887 1221 summo-

181 1246 279 1280 pere,
302 1243 341 1272 et
368 1244 407 1272 nt
427 1239 522 1272 ultra
536 1249 604 1272 non
622 1240 748 1281 possis,
762 1240 887 1273 confir-

177 1298 286 1324 mare.
327 1290 467 1323 Dictum
481 1290 572 1324 alibi.
595 1291 714 1325 Barth.

193 1342 302 1375 ua.
324 1341 397 1373 Ore.
412 1341 507 1383 caeo]
525 1340 678 1374 ,Alludit
705 1341 748 1374 ad
772 1351 886 1375 excoe-

177 1362 348 1425 cntionem
360 1390 489 1434 OEdipi,
503 1390 547 1424 de
563 1401 631 1434 qua
645 1392 885 1425 Fabulatores.

220 1494 286 1524 868
309 1491 385 1524 Non
398 1491 586 1533 duraturus]
609 1491 714 1525 Senio
727 1502 795 1525 non
808 1502 887 1535 per-

177 1545 366 1575 venturus:
389 1542 425 1574 id
447 1547 516 1585 est,
530 1542 722 1576 senectutis
738 1543 886 1584 impedi-

178 1597 295 1625 mento
318 1591 363 1625 ad
393 1602 561 1625 summum
586 1602 720 1625 murum
736 1593 886 1627 evadere

128 1675 135 1678 .
179 1642 403 1686 nonpoterit.
424 1642 574 1677 Laxant.

219 1696 285 1727 861
308 1693 534 1736 lucumonem]
558 1694 887 1737 Invadentem,pul-

178 1748 322 1787 num,
337 1749 398 1778 aut
408 1743 603 1778 ferientem.
626 1745 733 1779 Idem.

219 1797 283 1828 871
301 1795 411 1838 Regi]
435 1795 607 1833 Eunoen,
628 1801 774 1838 propter
795 1806 887 1828 amo—

177 1855 252 1880 rem
270 1845 470 1888 Polynicis·
493 1845 624 1879 dicitur
638 1846 730 1879 enim
751 1857 831 1880 cum
846 1857 886 1879 eo

177 1896 417 1931 concubuisse.
440 1896 540 1930 Idem.

220 1947 285 1980 878
307 1945 420 1980 Liceat
440 1947 548 1980 culm
562 1946 704 1986 fortasse
728 1958 887 1990 supremos

177 1997 317 2031 Nascere
329 1997 476 2039 dilectos]
511 1998 597 2033 Quis
613 1998 788 2032 dubitabit
803 2000 886 2041 quin

177 2047 439 2090 legendnmnt
468 2058 513 2081 ex
551 2049 691 2091 scriptis
724 2050 884 2091 reposui:

177 2101 374 2140 supremum?
403 2099 569 2132 Bernart.

221 2149 286 2180 875
309 2147 406 2181 luam
431 2149 564 2191 genuen,
591 2150 663 2192 ξω]
697 2152 886 2185 Eteoclem.

177 2198 355 2231 Exserttrm
363 2199 480 2241 ensem]
492 2199 572 2233 Jam
587 2207 710 2242 parata
725 2212 821 2234 arma
835 2203 887 2235 di-

179 2250 271 2285 citnr
283 2249 472 2293 deponere,
491 2255 601 2283 matre
616 2252 787 2286 hortante.
815 2253 886 2287 Vet.

177 2300 284 2334 del.
329 2301 477 2334 Audisse
501 2306 616 2334 antem
640 2312 677 2334 se
701 2303 776 2336 haec
799 2304 887 2337 scite

176 2351 279 2394 virgo,
289 2351 388 2393 dicit,
402 2360 467 2384 non
483 2352 573 2384 enim
591 2357 733 2395 propter
750 2354 886 2387 turbam

178 2402 345 2436 accedere
366 2407 504 2444 poterat
520 2403 713 2445 Eteoclem,
727 2410 766 2437 nt
782 2414 888 2448 supra

179 2457 404 2490 memoratum
421 2460 488 2493 est,
502 2463 553 2486 vs.
568 2454 644 2486 854.
666 2455 785 2488 Barth.

220 2507 286 2539 888
312 2504 471 2547 Ceperat]
492 2505 575 2538 Sola
599 2507 690 2539 enim
713 2507 887 2549 Antigone

179 2561 320 2598 poterat
345 2556 549 2598 Polynicem
575 2566 595 2588 a
617 2556 781 2599 singulari
808 2567 886 2590 cum

179 2604 289 2639 fratre
317 2606 505 2641 certamine
534 2616 725 2639 removere.
774 2607 887 2650 Supra

180 2656 272 2693 enim
297 2655 342 2690 de
362 2657 437 2699 ipsa
458 2657 593 2690 dixerat
615 2657 741 2690 Furia:
767 2658 777 2676 ‘
795 2658 887 2691 blan-

180 2707 328 2750 damque
349 2711 514 2750 precatur
528 2707 758 2750 Antigonem;
782 2709 887 2742 timeo

179 2757 320 2800 paulum
334 2767 379 2790 ne
393 2761 511 2791 nostra
533 2759 689 2792 retardet
713 2760 887 2793 Consilia.’

181 2807 332 2843 Laeta-e.

224 2862 286 2893 891
310 2859 430 2903 Mater,
445 2864 488 2899 et,
513 2871 532 2903 o
548 2861 672 2903 patrio]
696 2862 812 2896 Stulte
836 2863 888 2896 in-

1535 227 1649 271 1987

1344 330 1419 364 sive
1434 331 1498 373 ipsi
1516 333 1647 367 tribuas

939 380 1089 423 Eteocli,
1116 381 1188 414 sive
1215 381 1347 415 Poetae'
1367 383 1467 425 quasi
1497 383 1649 426 interpo—

938 431 1035 462 nenti
1049 431 1113 463 hoc
1128 441 1264 474 quoqne
1277 442 1353 465 eum
1370 433 1512 466 dixisse.
1541 434 1649 466 Nimi—

940 490 1013 512 rum
1029 485 1124 514 recte
1141 482 1241 515 bonae
1259 484 1343 516 satis
1358 489 1394 517 et
1411 485 1528 516 multae
1544 494 1650 517 mem-

939 531 1071 573 branae,
1103 533 1247 576 jamque
1285 535 1365 567 olim
1399 535 1530 567 editum
1564 535 1649 568 fnit:

939 583 1067 614 Mater.-
1089 583 1120 615 io
1133 585 1252 625 patria,
1267 595 1285 616 ο
1303 595 1413 626 regum
1426 586 1649 619 incertissima.

939 632 1161 667 Praecedeuti
1189 635 1291 667 libro:
1320 639 1330 654 ‘
1347 636 1504 677 Fulmen,
1525 638 1570 678 io,
1592 637 1650 669 nbi

939 682 1116 716 fulmen?’
1152 695 1229 717 nam
1259 696 1368 726 regum
1399 686 1550 728 quidem,
1581 697 1649 719 non

938 734 1043 776 regni,
1076 735 1196 776 credo,
1233 737 1266 768 in
1305 737 1462 769 omnibus
1497 738 1651 779 scriptis.

941 784 1079 816 Gronov.
1126 786 1356 828 Incertissz'ma]
1398 787 1491 820 Ante
1528 797 1648 821 cruen-

939 839 1012 866 tum
1028 844 1153 876 pugnae
1170 836 1287 869 dubia.
1311 837 1460 871 Lactant.

980 887 1046 917 400
1070 886 1181 927 Palla]
1204 887 1407 929 chlamyde.
1431 889 1532 921 Idem.

980 938 1043 967 401
1070 937 1235 979 Moeom'is]
1261 939 1392 981 Lydiis,
1418 939 1463 971 de
1479 940 1542 973 hac
1557 940 1649 972 enim

939 986 1080 1028 regione
1106 986 1174 1020 fnit
1200 989 1356 1021 Ariadne
1391 989 1531 1022 lanificii
1559 991 1651 1032 peri·

939 1036 1081 1079 tissima,
1110 1048 1190 1086 quae,
1211 1039 1406 1072 Minervam
1433 1042 1650 1082 provocavit,

938 1093 975 1121 et
988 1089 1030 1120 ab
1042 1089 1130 1121 eain
1142 1100 1300 1123 araneam
1313 1096 1365 1124 est
1377 1096 1539 1124 mutata.'.
1551 1092 1649 1124 Idem.

941 1138 1030 1179 Opus
1040 1138 1108 1180 ipsa
1118 1143 1250 1172 novarat
1261 1141 1412 1173 Moeoniis
1422 1141 1526 1182 Argia
1536 1141 1652 1181 modia]

938 1189 1009 1220 Cur
1044 1190 1225 1222 Moeoniis?
1258 1192 1341 1233 qnia
1370 1202 1413 1223 ex
1443 1191 1553 1234 Lydia
1583 1193 1651 1233 (ite

938 1244 1058 1281 postea
1066 1245 1119 1272 est
1128 1246 1250 1273 vocata
1258 1240 1428 1284 Moeonia)
1438 1241 1506 1274 fnit
1519 1242 1650 1274 Arach-

937 1300 981 1322 ne
1005 1289 1145 1322 lanificii
1174 1292 1395 1333 peritissima,
1421 1302 1498 1334 quae
1519 1293 1650 1324 Miner-

937 1351 1014 1373 vam
1052 1343 1276 1384 provocavit·
1312 1342 1403 1374 haud
1431 1343 1549 1384 inepte
1584 1343 1649 1374 hoc

936 1391 1076 1424 dixeris.
1101 1392 1255 1425 Bernart-

979 1444 1044 1474 406
1069 1442 1275 1484 δεφειιιίὁιιε
1297 1442 1432 1483 augent]
1472 1411 1647 1485 Equorum

929 1491 1035 1534 jubas
1051 1498 1180 1535 augent
1204 1493 1333 1535 Furiae,
1355 1493 1552 1535 adjectione
1578 1502 1649 1525 ser-

939 1546 1091 1584 pentum.
1115 1543 1278 1575 Lae-tant.

980 1595 1043 1624 411
1071 1593 1114 1625 Ee
1141 1593 1204 1634 ipsi
1231 1593 1401 1626 Armorum
1415 1594 1533 1634 sugere
1564 1594 1647 1636 Dei]

939 1643 1035 1675 Mars
1050 1649 1086 1675 et
1102 1644 1270 1677 Minerva.
1294 1645 1394 1677 Idem.

978 1695 1043 1726 414
1069 1693 1192 1735 Cruda]
1215 1693 1372 1736 Aspera:
1399 1694 1486 1727 dicit
1519 1695 1650 1727 Miner-

937 1753 1015 1776 vam
1045 1743 1205 1785 opposita
1234 1744 1399 1786 Gorgone
1434 1745 1526 1777 visus
1570 1755 1650 1777 suos

937 1795 1088 1827 caelasse.
1110 1794 1209 1828 Idem.
1256 1795 1365 1827 Cruda
1386 1795 1512 1836 virago]
1544 1794 1649 1832 Belli-

937 1854 1019 1877 cosa
1033 1850 1070 1878 et
1093 1855 1285 1888 pugnarum
1309 1847 1503 1886 tractatrix,
1518 1848 1648 1880 Miner-

937 1905 992 1928 va.
1022 1896 1062 1928 V.
1085 1896 1124 1928 S.
1166 1896 1224 1929 Sic
1251 1896 1373 1929 ‘ferox
1392 1898 1501 1929 Diva'
1526 1899 1648 1930 eadem

935 1947 995 1980 lib.
1011 1956 1052 1979 11.
1068 1957 1116 1980 vs.
1129 1950 1206 1979 715.
1250 1947 1391 1980 Servius
1406 1948 1449 1980 ad
1467 1949 1599 1982 AEneid.
1611 1958 1649 1982 x.

937 1998 947 2015 ‘
965 1997 1115 2040 erudas,
1139 2008 1215 2030 oum
1243 1999 1285 2031 ad
1313 1999 1461 2032 animum
1484 2000 1650 2042 pertinet,

939 330 1111 363 cuieatum
1130 334 1186 364 est
1206 329 1245 362 τὸ
1269 334 1322 363 et:

939 2057 1100 2090 asperum
1126 2053 1163 2081 et
1186 2049 1362 2081 crudelem
1388 2050 1511 2083 notat!
1541 2050 1647 2082 Seno-

876 2119 878 2122 ·
939 2099 1029 2131 liast.
1051 2099 1174 2132 Horat.
1190 2109 1248 2132 ιιι.
1274 2099 1344 2132 od.
1363 2103 1414 2132 ll.
1448 2101 1646 2142 Viraginem

936 2149 1133 2182 Minervam
1147 2149 1232 2182 dicit
1245 2151 1351 2183 etiam
1366 2151 1426 2183 lib.
1442 2160 1495 2184 lv.
1509 2151 1594 2184 Silv.
1612 2155 1646 2184 5.

936 2200 946 2218 ‘
965 2200 1047 2232 Mea
1067 2201 1218 2233 carmina
1245 2201 1376 2242 Regina
1397 2202 1574 2235 Bellorum
1599 2203 1647 2235 vi-

938 2260 1022 2293 rago
1039 2251 1199 2283 Caesareo
1215 2252 1351 2292 paravit
1365 2251 1472 2284 auro!
1495 2253 1616 2285 Barth.
1638 2275 1640 2278 v

979 2305 1046 2334 428
1067 2302 1131 2334 Sed
1154 2302 1229 2343 quia
1250 2303 1334 2344 apud
1359 2303 1461 2334 tales?
1492 2303 1562 2344 quia
1587 2313 1650 2336 non

936 2352 1010 2393 sna]
1035 2353 1156 2384 Malim
1169 2362 1255 2394 ego:
1280 2352 1344 2385 Sed
1358 2353 1428 2395 quis
1439 2355 1527 2394 apud
1543 2352 1653 2390 tales?

937 2404 1062 2435 Mens:
1096 2404 1182 2436 Erat
1207 2403 1346 2446 quidem
1370 2404 1483 2445 reipsa
1509 2413 1652 2436 venera·

938 2454 1017 2486 bilis
1053 2453 1239 2496 Adrastus,
1268 2454 1328 2487 sed
1360 2465 1438 2497 quae
1474 2455 1650 2488 veneratio

937 2505 1030 2547 apud
1047 2514 1117 2547 eos,
1134 2505 1258 2548 quibus
1279 2515 1343 2538 nec
1369 2506 1515 2547 pignora
1533 2507 1648 2539 curae?

939 2556 1039 2588 Bern.
1167 2575 1169 2577 -

981 2610 1048 2640 429
1075 2608 1175 2640 Exter-
1184 2608 1294 2650 honos]
1313 2609 1450 2650 Sicjam
1465 2613 1547 2641 ante
1560 2608 1647 2640 Can·

939 2663 1050 2691 terum
1074 2659 1142 2692 fnit
1167 2659 1310 2692 editum.
1349 2660 1505 2693 Insolens
1532 2663 1649 2692 tamen

939 2710 1025 2742 illud
1054 2710 1175 2743 Exter:
1200 2711 1266 2743 etsi
1291 2711 1419 2751 legerit
1439 2711 1488 2743 ita
1511 2720 1648 2753 qnoque

938 2761 1150 2794 Priscianus.
1195 2761 1295 2794 Vidit
1329 2762 1364 2793 in
1399 2761 1650 2803 compositione

939 2822 1076 2855 quoqne
1101 2812 1231 2854 aliquid
1257 2822 1333 2844 esse
1362 2813 1473 2844 scabri
1501 2813 1650 2844 Bernar-

939 2863 1020 2901 tius,
1036 2863 1247 2906 corrigitque
1262 2875 1269 2894 ι
1294 2864 1359 2895 Sed
1371 2865 1441 2905 quis
1457 2865 1540 2903 apud
1555 2857 1650 2895 eules?
