1878 3164
296 206 414 252 1806

291 313 395 348 leret.
434 312 553 345 Talem
569 312 704 346 omuino
718 311 881 346 minorem
896 313 996 355 Mag-

293 371 388 402 num,
412 362 576 404 majorem
598 362 755 404 fratrum,
777 363 934 405 Pompeii
957 363 996 395 fi-

293 413 375 446 lium
398 413 531 446 inducit
561 415 729 456 Lucanus,
758 424 835 447 cum
866 414 995 447 caedem

294 464 446 505 parentis
462 464 625 506 audisset,
638 464 700 497 lib.
715 474 771 497 xx.
792 465 802 483 ‘
814 475 891 498 cum
914 465 997 498 talia

293 514 442 555 Magnus
458 513 637 554 Audisset,
649 523 716 547 non
733 515 766 546 in
783 516 930 556 gemitus
946 517 996 548 la-

293 570 492 606 crymasque
507 564 660 598 dolorem
678 564 822 606 Effudit,
831 567 996 609 justaque

293 613 410 647 furens
422 615 551 655 pietate
567 615 749 656 profatur.¹
772 616 892 648 Barth.

337 667 401 696 316
425 664 511 701 Quos
532 666 681 697 excedens
706 665 836 706 hilares]
859 666 997 707 Cogitat

294 713 445 745 discessu
468 723 528 746 suo
551 715 610 756 qui
636 716 743 756 gavisi
760 721 852 758 sunt,
866 718 923 759 qui
938 718 996 750 do-

292 763 446 801 luerunt,
467 764 580 795 omnia
603 764 713 807 inquit
733 766 808 798 haec
825 767 860 798 in
883 761 997 800 animo

296 812 506 853 revolvebat,
521 818 558 845 et
575 813 691 847 fratris
705 816 847 857 cultum,
861 821 898 848 et
911 827 996 859 quos

295 861 359 893 sibi
384 862 530 903 profugo
552 863 721 904 gemuisse
742 871 970 907 prospexerat
985 879 995 899 ε

295 921 377 953 ergo
394 913 423 944 si
449 913 616 955 aliquibus
641 915 756 956 potuit
777 916 914 953 exilium
930 917 997 948 dis-

295 963 436 1003 plicere,
446 967 679 996 revertentem
696 970 791 998 tauto
799 966 908 1007 magis
922 971 998 1008 pot-

295 1017 397 1047 erunt
413 1013 591 1054 adjuvare.
615 1015 763 1048 Lac-tant.

336 1065 400 1094 321
424 1062 502 1104 Spes
523 1064 577 1095 ubi
597 1064 704 1105 longa]
722 1066 799 1098 Qua
815 1067 908 1098 nulla
925 1077 999 1108 gra-

295 1114 371 1150 vior
403 1115 603 1148 mortalibus
639 1126 722 1148 curn
751 1122 819 1149 est.
870 1119 999 1151 Salust.

294 1164 304 1181 ⁴
319 1163 444 1196 Animo
470 1164 624 1206 cupienti
652 1166 734 1197 nihil
753 1167 836 1199 satis
860 1166 1000 1199 festina·

294 1213 375 1246 tur.'
407 1213 553 1252 Cicero3
582 1215 592 1231 ‘
613 1214 724 1256 Eripis
753 1215 858 1247 etiam
892 1227 1000 1258 spem,

295 1273 372 1305 quae
389 1264 460 1295 sola
471 1263 623 1295 homines
640 1264 674 1295 in
689 1265 832 1297 miseriis
847 1267 1000 1298 consola-

296 1317 354 1345 tur
367 1312 386 1352 3'
422 1313 507 1346 banc
539 1314 629 1345 enim
663 1324 820 1347 curarum
851 1317 1000 1348 omnium

296 1366 431 1395 constat
447 1373 520 1395 esse
532 1369 748 1404 postremam.
778 1365 893 1397 Grave
910 1367 1000 1398 enim

297 1416 504 1444 tormentum
529 1417 584 1445 est
609 1423 700 1454 spes,
727 1424 802 1456 quae
827 1416 926 1457 longa
942 1426 1000 1448 ex-

296 1462 495 1502 pectatione
511 1461 684 1495 differtur.
708 1464 808 1497 Idem.

339 1514 403 1543 322
436 1512 581 1553 Dyrcen]
614 1513 760 1545 Fontem
786 1515 1001 1556 Thebanum,

296 1571 360 1602 per
390 1571 490 1603 quem
520 1563 687 1594 Boeotiam
717 1563 882 1597 debemus
913 1565 1002 1597 acci-

297 1621 393 1652 pere.
437 1611 559 1644 Cadmi
586 1618 701 1645 autem
726 1613 857 1656 domos,
869 1616 1002 1648 'ruebas

296 1661 450 1693 dicimus.
475 1662 575 1694 Idem.

339 1714 403 1743 326
426 1712 565 1753 Recepto
583 1713 751 1754 sanguiue]
785 1714 827 1745 Id
851 1720 919 1754 est,
945 1724 1000 1747 re-

297 1766 401 1803 cepta
417 1762 557 1795 virtute.
602 1764 732 1795 Lucan.
746 1766 754 1781 ‘
768 1764 847 1795 dum
863 1765 1001 1805 sanguis

296 1812 427 1843 inerrat
442 1811 462 1843 :’
495 1812 575 1844 dum
601 1813 660 1844 vix
688 1818 844 1846 materna
870 1816 999 1857 peregi.

299 1863 401 1894 Idem.

339 1915 403 1946 327
424 1912 603 1954 Fractoeque
618 1913 652 1944 in
666 1916 787 1954 pectore
800 1915 899 1956 eires]
911 1916 1001 1947 Ten-

296 1965 350 1994 tat
379 1962 594 2002 Bernartius,
616 1963 794 2004 fractoque.
837 1965 905 1997 Sed
933 1965 1000 1997 duo

297 2012 556 2053 Lindenbrogii,
577 2013 644 2044 duo
667 2023 711 2044 ex
734 2014 861 2046 nostris
877 2015 1000 2056 optimi

295 2062 465 2093 omnium:
479 2062 658 2102 fractasque
671 2063 703 2093 in
720 2068 843 2104 pectore
858 2075 998 2105 quercus.

295 2111 385 2144 Sane
402 2122 528 2153 pascua
545 2118 677 2153 ponunt
693 2114 726 2144 in
742 2107 836 2147 silris
851 2125 890 2147 ac
905 2117 998 2148 salti-

295 2161 359 2194 bus
386 2167 535 2194 veteres.
578 2163 700 2195 Cicero
718 2169 841 2196 contra
862 2174 1000 2206 compe-

295 2212 439 2245 titores:
463 2214 472 2231 ‘
487 2212 587 2244 Alter
612 2223 739 2254 pecore
755 2216 846 2246 omni
862 2215 1000 2248 vendito

243 2261 255 2271 ⁸
297 2266 335 2294 ct
365 2262 510 2296 saltibus
538 2273 646 2303 prope
671 2264 817 2298 addictis
844 2270 999 2306 pastores

297 2313 448 2345 retinet.’
476 2314 578 2346 Unde
590 2314 725 2346 divinus
742 2315 851 2347 Poeta
865 2317 899 2347 in
909 2317 999 2357 prin·

297 2363 388 2404 cipio
399 2364 535 2404 operis:
559 2365 615 2396 ‘et
632 2375 791 2406 egressus
813 2366 933 2407 silvis,’
963 2367 998 2399 id

297 2416 364 2448 est,
380 2418 552 2453 pastorum
570 2414 721 2453 saltibus,
743 2415 800 2447 ubi
817 2425 853 2447 se
869 2416 997 2449 bucoli-

298 2470 342 2492 ca
355 2462 519 2493 cecinisse
535 2461 646 2503 fingit.
692 2464 770 2495 Non
790 2465 912 2498 mirum
935 2466 998 2507 igi-

298 2512 354 2542 tur
370 2509 439 2542 illic
459 2511 576 2543 obvias
590 2511 729 2544 arbores
745 2519 803 2545 aut
816 2514 998 2557 affligendo

298 2565 358 2592 anit
381 2562 571 2602 quassando
597 2569 777 2604 expertum
807 2575 883 2598 esse
909 2567 997 2600 vires

296 2620 373 2642 suas
391 2617 534 2644 taurum.
554 2613 614 2646 lib.
630 2622 682 2646 xv.
707 2615 826 2646 ‘silvas
850 2616 998 2649 humeris

297 2665 333 2692 et
349 2664 493 2702 utroque
507 2662 695 2704 refringens
719 2664 882 2705 Pectore,
904 2675 999 2697 mon-

298 2714 378 2742 tano
394 2711 520 2752 duplex
533 2712 666 2753 Hyleus
683 2713 726 2745 ab
745 2719 842 2746 antro
869 2715 999 2748 Praeci-

298 2760 414 2802 pitat!
459 2761 603 2794 Ovidius
618 2762 663 2794 de
678 2771 762 2804 apro
788 2765 994 2806 Calydonio:

696 250 698 252 ,
757 219 898 252 No'rAE
930 219 1197 253 VARIORUM
1231 221 1284 254 ΙΝ

1047 315 1056 333 ⁴
1070 314 1240 348 Sternitur
1254 315 1395 347 incursu
1404 322 1523 347 nemus
1538 314 1574 347 et
1589 313 1747 357 prolapsu

1047 363 1215 406 fragorem
1231 365 1326 398 Silva
1346 364 1431 398 dat)
1470 364 1540 398 Sed
1565 364 1747 407 Virgilium

1045 415 1199 457 respexit
1212 415 1342 449 AEneid.
1359 424 1433 448 nr.
1454 415 1466 434 ‘
1480 419 1586 456 atque
1598 414 1747 449 imciin

1047 474 1175 498 cornua
1189 470 1304 501 tentat
1324 464 1470 503 Arboris
1485 465 1630 503 obnixus
1651 469 1748 502 trum

1046 516 1111 549 co!
1137 517 1273 551 Gronov.
1734 536 1736 539 ·

1089 569 1151 598 333
1176 567 1340 609 Senserat]
1372 566 1480 608 Argia
1504 566 1749 609 dispositiones

1046 617 1160 649 mariti
1184 622 1352 658 senserat,
1381 617 1490 659 primo
1513 622 1590 652 ortu
1615 625 1748 652 aurorae

1047 667 1226 707 complexa
1255 666 1377 699 virum.
1420 668 1430 686 ⁴
1445 666 1640 701 Pallorem'
1660 665 1749 699 dixit

1047 716 1194 749 colorem
1210 725 1393 751 croceum:
1418 716 1528 758 primo
1544 715 1637 751 enim
1651 724 1749 748 auro-

1047 775 1087 799 ra
1114 776 1191 798 cum
1224 765 1359 799 luciferi
1390 766 1542 801 candore
1575 765 1750 808 pallescit,

1048 816 1172 848 deinde
1208 815 1343 858 fulgore
1372 816 1460 849 rosei
1488 815 1570 852 solis
1603 815 1750 854 offlam&

1048 866 1193 899 Lactant-

1091 919 1153 948 aar
1177 916 1217 948 lu
1228 925 1305 957 pace
1318 915 1423 957 sopor]
1442 915 1564 957 ωερε,
1581 913 1751 951 ,εἰκαίως

1049 975 1186 1007 semper
1199 966 1397 1008 inquietaris
1410 965 1501 1002 curis
1515 977 1523 997 ι
1546 970 1607 1001 ut
1620 965 1684 1003 hoe
1696 963 1750 998 div

1049 1017 1121 1056 cit;
1142 1016 1231 1058 quod
1250 1021 1354 1049 noctu
1378 1025 1456 1048 cum
1467 1015 1585 1050 solen
1597 1014 1751 1053 hominu

1050 1066 1083 1098 in
1100 1066 1217 1107 quiete
1233 1075 1317 1104 esse,
1332 1070 1369 1099 tu
1385 1065 1585 1107 pervigiles,
1610 1073 1677 1101 ,noe
1696 1064 1753 1101 oda

1051 1115 1158 1148 mittis
1172 1124 1328 1156 soporem
1344 1126 1351 1146 z
1368 1124 1486 1157 pacem
1499 1115 1591 1149 enirn
1605 1113 1661 1147 hic
1671 1123 1751 1156 pro·

1052 1166 1125 1207 prie
1136 1170 1338 1199 nocturnam
1345 1165 1495 1208 quietem
1505 1165 1660 1203 asseruit.
1667 1165 1752 1202 ,Lac-

1050 1219 1132 1249 tant.

1094 1268 1158 1297 338
1180 1266 1227 1298 Et
1240 1274 1370 1305 magnus
1381 1264 1540 1305 jactantia
1553 1267 1677 1306 pectora
1696 1273 1751 1298 cuae

1050 1315 1117 1356 ras]
1143 1316 1262 1350 Placet
1285 1315 1422 1349 omnino
1447 1314 1611 1354 latrantia,
1632 1323 1751 1355 recep·

1052 1369 1123 1397 tum
1142 1365 1289 1399 Lutetiae
1306 1375 1326 1396 a
1335 1364 1604 1406 Lindenbrogio,
1614 1363 1704 1406 qnod
1714 1367 1752 1398 et

1052 1414 1117 1455 ipsi
1133 1414 1269 1454 seriptis
1285 1414 1320 1447 in
1334 1412 1536 1456 quibusdam
1551 1412 1752 1446 invenimus.

1052 1463 1108 1496 Ab
1125 1464 1234 1496 Ennio
1250 1467 1460 1505 acceperunt
1477 1473 1486 1495 ε
1510 1463 1752 1506 ‘aninsuscum

1052 1507 1194 1556 pectore
1208 1513 1336 1547 latrat!
1359 1513 1541 1549 Lueretius
1553 1524 1565 1548 ι
1588 1514 1599 1533 ‘
1614 1513 1676 1550 Nn
1690 1513 1751 1550 sli-

1051 1566 1096 1598 ud
1121 1565 1186 1597 sibi
1211 1569 1367 1598 naturam
1386 1564 1540 1598 latrare!
1563 1564 1752 1601 Petronio&

1050 1617 1061 1637 ‘
1074 1616 1172 1648 tabes
1186 1615 1299 1648 tacitis
1310 1621 1479 1657 concepta
1488 1614 1646 1650 medullis
1655 1614 1755 1647 Intro

1051 1666 1201 1698 membra
1220 1666 1338 1698 furens
1360 1666 1452 1699 euris
1477 1665 1682 1701 latrantibus
1697 1674 1752 1698 cr·

1052 1715 1129 1748 rat!
1173 1716 1244 1748 Ubi
1266 1715 1461 1758 potuissent
1482 1715 1656 1748 abstinere
1679 1715 1752 1747 ‘bi-

1053 1777 1108 1799 ras
1120 1767 1130 1783 ’
1154 1777 1244 1800 suas.
1290 1767 1463 1800 Noster-in
1479 1767 1647 1800 Glaucia:
1666 1767 1751 1801 ἰὼ

1051 1821 1145 1850 moto
1158 1818 1289 1850 latrant
1310 1817 1503 1860 praecordia
1524 1817 1646 1851 tactu!
1669 1818 1752 1850 Gro-

1051 1878 1121 1900 nov.

1094 1921 1159 1950 340
1186 1918 1347 1959 Viduaque
1363 1917 1514 1959 imma]
1535 1918 1579 1951 Id
1599 1922 1665 1958 est.
1683 1927 1752 1951 non

1052 1973 1194 2009 propter
1209 1978 1262 2000 me
1279 1969 1357 2001 dico
1378 1969 1456 2010 hoc,
1475 1969 1560 2002 licet
1578 1970 1640 2002 sim
1649 1969 1753 2012 juve·

1050 2018 1126 2050 nilis
1151 2019 1275 2059 aetatis,
1294 2022 1331 2050 et
1357 2018 1441 2050 licet
1466 2018 1570 2052 vidua
1594 2023 1663 2052 tam
1678 2020 1751 2052 cito

1049 2067 1188 2099 deserar
1215 2078 1235 2099 a
1262 2072 1312 2107 te,
1336 2071 1471 2100 tantum
1497 2072 1642 2110 propter
1655 2073 1750 2102 tum

1048 2117 1205 2158 salutem,
1222 2118 1305 2149 nein
1320 2117 1434 2160 aliquo
1448 2118 1619 2152 damneris
1634 2119 1750 2153 timeo.

1048 2167 1194 2199 Lactant.
1472 2207 1476 2210 Α

1092 2220 1153 2249 341
1180 2217 1307 2249 crudus
1331 2218 1433 2260 amor]
1456 2219 1606 2260 Recens,
1629 2219 1750 2253 inunt·

1048 2271 1158 2308 turns,
1182 2276 1246 2299 nec
1271 2267 1350 2299 dum
1374 2268 1536 2310 temporis
1557 2269 1750 2311 longinqui-

1048 2322 1121 2349 tate
1151 2317 1324 2349 firmatus:
1354 2326 1436 2359 ergo
1459 2318 1538 2350 talis
1560 2322 1615 2351 est
1641 2318 1748 2351 ordo:

1048 2367 1123 2399 Etsi
1150 2367 1295 2399 necdum
1322 2366 1438 2408 primis
1459 2367 1587 2409 nuptiis
1601 2367 1749 2401 calefac·

1048 2417 1103 2449 tris
1130 2421 1184 2448 est
1209 2416 1327 2448 thorus
1350 2416 1479 2456 mariti,
1504 2427 1568 2451 nec
1578 2419 1748 2460 temporis

1049 2466 1241 2508 prolixioris
1257 2466 1450 2499 accessibus
1464 2466 1644 2508 fervescit;
1661 2468 1748 2502 adeo

1049 2516 1151 2558 pauci
1163 2515 1238 2550 dies
1254 2520 1404 2557 sumt,.ex
1423 2527 1490 2559 quo
1513 2522 1594 2551 snut
1615 2519 1746 2559 nuptioe

1048 2565 1246 2599 celebrum.
1283 2566 1433 2600 Laceoent.
1490 2567 1567 2601 Post
1582 2567 1747 2609 flamma]

1047 2616 1126 2647 Hoc
1139 2620 1205 2655 est,
1215 2616 1324 2657 primo
1340 2617 1535 2658 nuptiarum
1550 2617 1607 2650 die
1624 2629 1634 2657 3
1653 2617 1748 2650 flam-

1047 2674 1158 2698 meum
1195 2664 1361 2706 siquidem
1398 2666 1595 2701 vestimenti
1622 2677 1747 2708 genus,

1047 2714 1137 2757 quod
1163 2715 1288 2757 puenae
1317 2714 1459 2750 nubenti
1484 2716 1683 2757 ponebatur
1710 2717 1746 2749 iu

1049 2765 1174 2807 capite.
1228 2766 1371 2800 Festus:
1409 2766 1603 2808 ‘Flumineo
1632 2768 1747 2811 amici?
