1878 3164
317 228 431 271 1844

313 360 316 362 .
362 334 424 365 151
448 333 609 365 Monstrat
640 333 805 374 cyclopum
830 334 939 364 ductas
965 342 1014 364 su-

318 383 458 423 aeribus]
479 383 522 415 Id
537 387 591 415 est
606 382 803 415 aedificatas.
847 383 1016 423 Cyclopes

319 433 469 466 civitatis
499 432 596 464 istius
626 432 750 464 moenia
777 432 1016 472 condiderunt,

318 483 409 515 sicut
424 487 581 514 asserunt
597 482 721 514 Graeci.
743 482 888 514 Lactant-

363 535 425 564 153
459 533 660 564 Innumeram
690 532 780 573 hello]
815 531 914 565 Quod
946 532 1017 563 sint

319 586 512 615 tercentum
550 585 707 623 pectora,
734 582 867 614 scilicet
895 583 1014 623 vulgus

317 631 543 672 innumerum,
565 631 643 673 quia
673 636 742 663 tam
768 630 875 663 fortes
904 636 1014 672 erant,

318 684 359 713 ut
372 682 554 713 multorum
568 679 663 713 facta
683 679 788 712 fortia
809 690 870 712 sua
889 681 1014 713 virtute

318 735 512 771 pensarent.
534 731 634 762 Idem.

363 783 423 812 155
449 780 599 821 Exuviae]
622 782 720 813 Bene
742 785 849 814 totum
867 782 908 814 ad
924 781 1016 815 simi-

316 829 499 863 litudinem
528 830 709 864 Herculis:
735 831 1017 873 quemadmodum

316 880 375 912 ille
390 881 500 921 clava,
514 880 564 913 sic
579 881 645 912 iste
661 881 790 922 stipite.
817 882 912 914 Idem.

362 933 425 963 156
451 932 523 963 Tela
537 931 711 972 pharetris]
733 932 790 963 Ita
805 937 881 964 erat
895 932 1016 973 phare-

318 985 372 1013 tra
386 979 516 1013 referta
531 981 682 1022 sagittis,
707 986 743 1014 ut
759 982 931 1014 exhauriri
950 992 1016 1014 non

317 1034 448 1071 posset.
472 1030 571 1067 Idem.

363 1082 425 1112 158
448 1080 537 1112 Deus
563 1082 653 1113 audit
675 1082 714 1113 ab
741 1080 835 1122 OEta]
858 1082 1016 1114 Decore:

319 1129 478 1171 quoniam
494 1129 528 1161 in
538 1131 642 1163 OEtea
653 1131 738 1162 silva
750 1134 919 1162 crematus
930 1130 1019 1162 Her-

317 1180 425 1212 cules.
471 1179 605 1211 Seneca
618 1180 803 1221 Tragicus:
826 1182 836 1199 ‘
854 1182 904 1213 Ut
925 1190 1019 1222 pres-

318 1229 363 1261 sit
380 1230 500 1271 OEten,
519 1239 559 1261 ac
585 1230 653 1261 suis
675 1230 780 1262 oculis
803 1240 919 1271 rogum
936 1231 1019 1262 Lus-

318 1280 435 1320 travit‚
464 1289 580 1311 omnes
609 1278 713 1319 fregit
744 1279 923 1320 impositus
951 1285 1019 1312 tra-

318 1330 404 1362 bes!
451 1330 588 1370 Cicero,
602 1329 742 1361 Tuscul.
758 1330 889 1363 Quaest.
906 1330 965 1361 lib.
978 1338 1020 1362 11.

318 1384 328 1399 ¹
345 1379 473 1421 Aspice
488 1380 738 1412 Philoctetem:
757 1380 813 1412 cui
833 1380 1021 1412 conceden-

317 1429 398 1461 dum
411 1434 464 1462 est
475 1430 625 1471 gementi
638 1440 647 1469 ;
661 1424 872 1470 ipsum‘enim
885 1430 1020 1462 Hercu-

316 1480 385 1512 lem
428 1480 562 1512 viderat
604 1480 639 1511 in
673 1480 754 1512 OEta
785 1480 1020 1521 magnitudine

319 1530 477 1562 dolorum
502 1529 711 1571 ejulantem!
756 1530 921 1571 Papinius
946 1531 1019 1571 ipse

321 1580 467 1612 Hercul.
482 1580 704 1612 Surrentino:
729 1579 739 1597 ‘
757 1590 820 1611 ceu
838 1581 933 1612 taedis
954 1581 1018 1613 ite-

316 1639 390 1662 rum
407 1631 571 1662 lustratus
587 1629 721 1661 honesti
737 1629 845 1670 Ignis,
861 1630 903 1662 ab
916 1631 1019 1662 OEtea

316 1679 555 1713 conscenderis
586 1679 716 1711 aethera
742 1679 902 1713 flamma.'
934 1681 1017 1713 Ber-

316 1734 401 1762 nart.
587 1757 588 1760 ,

359 1782 422 1811 160
444 1778 543 1811 Sacra
573 1779 726 1820 Cleonaei]
762 1779 949 1813 Herculem
976 1790 1016 1813 eo

314 1829 392 1861 loco
405 1829 604 1861 Molorchus
617 1830 754 1870 accepit
767 1829 928 1871 hospitio,
938 1840 1016 1863 cen-

315 1887 354 1910 su
371 1887 516 1919 pauper,
533 1878 627 1910 dives
644 1877 779 1911 affectu.
814 1879 931 1912 Ordo:
949 1881 1017 1913 Ne-

314 1938 392 1960 mea
407 1928 491 1960 dant
506 1928 662 1970 comites,
679 1928 764 1961 dant
787 1932 824 1961 et
847 1931 1017 1963 Molorchi

319 1978 447 2010 vineta.
485 1978 645 2011 Cleonaea
661 1978 809 2010 civitatis
826 1988 948 2011 nomen
963 1986 1016 2012 est

316 2028 458 2061 Nemeae
480 2028 584 2069 sylvae
603 2027 727 2060 vicina.
773 2029 901 2061 Lucan.
925 2034 934 2048 ‘
951 2030 1016 2062 Ille

315 2079 467 2112 Cleonaei
495 2079 644 2119 proJecit
676 2083 773 2119 terga
796 2079 917 2120 leonis,
943 2079 1015 2111 An-

315 2129 414 2161 theus
434 2128 578 2170 Libyci-¹
626 2129 717 2169 Ergo
745 2138 818 2159 cum
848 2129 1016 2162 Hercules

314 2179 357 2211 ad
373 2170 599 2211 occidendn'm
623 2178 756 2210 leonem
784 2178 867 2211 isset
889 2179 931 2210 ab
948 2180 1015 2211 Eu-

314 2228 441 2260 ristheo
458 2228 590 2268 missus,
613 2237 633 2259 a
647 2227 823 2259 Molorcho
839 2236 1015 2270 susceptus

315 2284 370 2310 est
394 2278 556 2320 hospitio,
583 2277 680 2319 cujus
706 2278 760 2309 leo
784 2277 890 2309 filium
911 2278 1015 2310 inter-

313 2329 459 2369 fecerat,
477 2328 666 2369 didicitque
683 2327 724 2360 ab
740 2337 781 2360 eo
798 2328 1015 2370 quemadmo-

315 2379 396 2409 dum
411 2378 573 2410 adversus
589 2376 696 2409 feram
715 2377 846 2409 coiret:
870 2387 937 2419 qua
961 2387 1015 2409 su-

315 2433 437 2469 perata
466 2428 562 2459 ludos
591 2427 751 2467 instituit,
779 2436 862 2468 quos
892 2437 912 2459 a
939 2428 1015 2459 loco

314 2479 466 2511 Nemeos
495 2477 695 2519 appellavit.
741 2477 852 2518 Igitur
882 2478 1017 2509 Nemea

315 2528 400 2560 dant
426 2528 581 2568 comites,
607 2526 689 2558 dant
713 2531 750 2558 et
773 2527 941 2559 Molorchi
967 2527 1014 2558 vi-

313 2582 404 2610 neta.
450 2577 541 2610 Quia
560 2576 738 2613 eavomuia
762 2577 796 2608 in
817 2577 1014 2618 clypeorum

314 2629 464 2669 pictura,
487 2633 523 2659 et
547 2627 715 2669 quomodo
736 2626 825 2658 filius
851 2627 922 2668 ejus
937 2627 1012 2659 Mo·

314 2678 420 2709 lorchi
437 2687 456 2707 a
471 2678 571 2709 leone
590 2677 719 2708 occisus
735 2676 867 2718 fuisset,
880 2681 915 2709 et
927 2677 1014 2709 Her-

315 2727 400 2758 culis
421 2726 616 2766 hospitium,
636 2735 717 2757 auro
734 2725 879 2767 figurata
893 2731 1012 2758 notan-

315 2782 368 2810 ter
384 2777 654 2818 descripserunt.
676 2775 822 2809 Lactant-

788 237 928 269 No'rAE
961 237 1223 269 VARIORUM
1255 237 1307 269 IN
1351 209 1358 216 *

1111 334 1171 364 164
1190 333 1261 368 Qua
1273 331 1371 363 cubiti
1384 330 1526 372 sedeant]
1542 329 1659 370 Ordoa
1679 330 1758 371 Qun

1066 386 1159 414 terra
1170 382 1275 414 cubiti
1288 382 1431 414 sedeant
1446 376 1608 422 vestigia(
1629 381 1641 398 ‘
1654 380 1758 421 Cubi-

1067 433 1154 462 tum’
1177 431 1290 473 posuit
1304 441 1365 473 pro
1380 431 1457 463 loco
1472 429 1606 463 cubilis.
1642 427 1760 466 cubiti

1067 481 1161 522 cujus
1185 481 1317 522 generis
1341 482 1388 513 sit
1411 480 1444 511 in
1465 479 1623 522 Captivis
1642 479 1760 522 Plauti

1065 530 1192 562 lectum
1208 534 1272 570 est,
1288 540 1329 562 ex
1346 539 1492 572 persona
1503 529 1649 572 Ergasili
1662 539 1762 572 para-

1066 579 1142 612 siti:
1178 580 1187 597 ‘
1212 580 1266 612 Ne
1295 579 1370 621 quis
1397 579 1460 611 hac
1486 579 1602 620 platee
1631 579 1761 622 negotii

1067 629 1223 662 conferat
1239 629 1420 671 quidquam
1448 628 1526 669 sibi,
1553 628 1643 661 Nam
1664 638 1760 661 meus

1067 682 1120 712 est
1133 679 1254 711 balista
1271 678 1417 718 cubitus,
1442 687 1572 719 pugnus
1586 678 1762 720 catapulta

1067 729 1144 762 est.5
1173 729 1325 770 sedeant]
1339 729 1441 761 Mire.
1478 727 1658 769 Significat
1672 729 1761 761 enim

1066 779 1196 812 factam
1211 780 1364 812 lacunam
1379 783 1481 811 terrae
1491 778 1650 811 Herculis
1662 779 1762 812 mole.

1067 830 1168 862 Hanc
1195 830 1454 871 descriptionem
1493 830 1606 872 poeta
1633 831 1760 872 pictam

1067 882 1171 922 ipsius
1193 881 1369 922 Tirynthae
1398 881 1557 924 portabat
1579 882 1763 925 exercitus,

1068 932 1167 964 Idem.

1110 984 1171 1014 165
1194 982 1240 1014 At
1261 981 1370 1023 pedes]
1394 979 1507 1012 Pedes
1527 979 1665 1022 quidem
1687 985 1764 1013 erat

1068 1032 1260 1072 Capaneus,
1289 1032 1349 1063 sed
1390 1031 1543 1063 omnibus
1579 1030 1765 1075 eminebat..

1066 1082 1186 1114 Solent
1209 1083 1296 1113 enim
1313 1081 1443 1123 equites
1459 1081 1598 1113 altiores
1612 1090 1687 1113 ene
1702 1086 1773 1123 pe-‘

1068 1131 1249 1163 destribus.
1282 1131 1406 1162 Bellum
1419 1139 1501 1172 ergo
1514 1139 1576 1172 pro
1591 1129 1763 1169 bellator-if

1068 1182 1130 1213 bus
1148 1181 1271 1222 posuit.
1293 1181 1393 1212 Idem.

1112 1235 1174 1263 167
1198 1231 1320 1272 Injectu
1333 1230 1438 1271 molis]
1462 1229 1628 1263 Ostendit
1649 1227 1763 1267 multis,

1070 1285 1242 1313 taurorum
1252 1281 1366 1320 coriis,
1375 1280 1507 1312 laminis
1514 1280 1617 1312 etiam
1627 1278 1762 1320 ferreis,

1071 1332 1220 1372 Capanei
1247 1332 1407 1373 clypeum
1434 1330 1618 1363 obductum
1644 1329 1763 1363 fuisse.

1069 1380 1168 1411 Idem.
1232 1382 1235 1384 '

1115 1434 1176 1462 169
1202 1431 1317 1473 Hydra
1344 1428 1466 1469 recens]
1499 1429 1556 1462 lta
1581 1430 1763 1462 veritatem

1069 1481 1239 1522 expressit
1269 1482 1414 1521 pictura,
1442 1484 1481 1511 ut
1511 1488 1599 1520 pene
1631 1479 1763 1513 recenti

1069 1531 1162 1563 obitu
1178 1530 1288 1571 hydra
1303 1539 1380 1562 cum
1394 1529 1463 1561 suis
1485 1526 1698 1569 serpentibus
1713 1529 1763 1567 iu-

1069 1580 1197 1613 teriret.
1220 1581 1321 1612 Idem.
1605 1616 1609 1621 ,

1111 1633 1171 1662 171
1197 1631 1338 1670 Ignea-veit
1364 1630 1398 1668 in
1426 1629 1519 1671 uum]
1551 1628 1764 1665 Admovetur

1066 1680 1155 1721 ignis
1178 1681 1331 1712 vulneri:
1356 1679 1458 1722 idque
1481 1678 1610 1712 factum
1635 1683 1672 1712 ut
1695 1688 1762 1712 uon

1066 1731 1263 1772 pullularet·
1288 1731 1385 1762 Idem.

1110 1783 1171 1812 172
1196 1779 1322 1812 Coerula
1349 1778 1468 1820 Lerna]
1497 1778 1594 1812 Ferri
1620 1774 1764 1812 materia

1066 1829 1158 1862 facta
1174 1834 1228 1862 est
1246 1829 1384 1861 caerula.
1407 1829 1508 1861 Idem.

1109 1881 1170 1910 175
1205 1879 1407 1910 Horu-endum
1441 1887 1503 1910 non
1531 1878 1642 1910 matris
1673 1877 1766 1919 opus]

1066 1930 1156 1963 Nota
1170 1939 1296 1961 morem
1309 1929 1470 1971 priscum,
1485 1938 1553 1970 quo
1564 1928 1766 1968 invaluerat,

1067 1983 1105 2011 ut
1125 1983 1251 2011 matres
1276 1983 1434 2011 texerent
1459 1977 1653 2018 chlamydes
1675 1977 1763 2009 mili-

1067 2033 1154 2061 tares
1165 2029 1323 2061 filiorum.
1363 2028 1490 2060 Noster
1505 2027 1564 2060 lib.
1574 2035 1655 2059 vm.
1680 2027 1764 2059 ‘tri-

1066 2078 1145 2120 plici
1161 2079 1337 2111 velaverat
1348 2082 1441 2109 ostro
1449 2078 1635 2118 Suu-gentes
1645 2077 1766 2110 etiam·

1065 2138 1143 2160 num
1159 2129 1328 2167 humeros,
1343 2132 1380 2159 et
1395 2128 1494 2160 laevia
1514 2132 1626 2168 mater
1640 2127 1764 2160 Pecto·

1066 2178 1127 2210 ra!
1172 2177 1268 2209 Idem
1284 2177 1343 2210 lib.
1358 2187 1412 2210 lx.
1437 2183 1444 2196 ‘
1462 2177 1544 2219 Ipse
1559 2177 1611 2209 bis
1629 2177 1765 2218 OEbalio

1065 2231 1250 2259 saturatam
1269 2227 1397 2259 murice
1417 2227 1556 2269 pallam,
1579 2227 1765 2260 [aucentes-

1065 2286 1131 2318 que
1147 2286 1227 2308 auro
1243 2277 1385 2314 tunicas,
1403 2276 1484 2319 (hoc
1499 2279 1641 2308 neverat
1660 2285 1763 2308 unum

1066 2327 1181 2357 Mater
1196 2325 1313 2367 opus,)
1336 2325 1431 2357 tenui
1455 2325 1621 2357 collectus
1646 2325 1680 2356 in
1705 2325 1764 2357 ilia

1065 2375 1188 2415 vinclo,
1209 2375 1412 2416 Cornipedis
1427 2375 1514 2411 laevo
1530 2375 1689 2417 clypeum
1704 2375 1762 2407 de-

1066 2425 1206 2457 miserat
1222 2424 1338 2456 armo.’
1361 2425 1512 2457 Bernart.

1109 2477 1171 2506 178
1192 2473 1418 2515 Amphigenia]
1437 2474 1566 2506 Civitas
1581 2477 1647 2516 est.
1689 2473 1763 2506 Ho-
1805 2506 1808 2507 γ

1064 2533 1178 2556 merus
1209 2533 1341 2566 quoque
1367 2523 1466 2564 hujus
1493 2523 1657 2555 meminit.
1681 2523 1761 2555 Lac-

1064 2577 1146 2606 tant.

1108 2627 1172 2657 179
1193 2625 1356 2665 Plenaque
1381 2622 1542 2664 Messena]
1573 2622 1653 2654 Non
1683 2622 1760 2664 ipsa

1064 2676 1178 2716 plana,
1189 2668 1249 2706 sed
1265 2674 1299 2705 in
1315 2683 1510 2715 camporum
1526 2673 1667 2714 planitie
1682 2681 1764 2704 con-

1063 2725 1193 2757 stituta.
1239 2722 1399 2763 Messena]
1421 2723 1551 2761 Civitas
1567 2732 1675 2764 prope
1690 2722 1759 2764 Py-

1061 2775 1142 2816 lum,
1158 2784 1257 2816 quam
1274 2774 1438 2806 admissus
1453 2774 1560 2806 amnis
1580 2771 1767 2818 inter-,fluit-⁸
