1878 3164
470 272 512 322 ξ’.
543 270 734 302 ΡΑΡῙΝῙΙ
768 268 932 301 8ΤΔΤῙΙ
966 269 1171 301 Acium..
1205 269 1300 300 LlB.
1324 269 1355 300 1.

1520 260 1643 302 2005

513 597 1000 664 ACHILLEIDOS
1054 598 1196 648 LIB.
1255 599 1302 648 1.

195 742 198 745 ⁴
224 762 243 793 1
266 760 522 802 Magnanimum]
554 761 656 793 More
689 759 880 802 poetarum,

180 810 304 853 quibus
317 811 361 844 de
373 811 474 844 rebus
487 812 643 845 dicturus
655 812 700 844 sit
711 812 883 854 proponit,

181 865 303 905 estque
318 863 542 905 propositioni
564 864 675 895 mixta
689 863 879 896 invocatio:

113 914 115 917 “
180 917 221 947 ut
232 913 324 955 apud
339 910 481 947 Homer.
525 913 798 956 Magnanimum:
823 914 882 956 qui

180 964 302 998 maluit
313 965 453 998 brevem
464 965 567 998 vitam
577 975 654 998 cum
664 965 772 1007 gloria
782 974 881 1007 qnam

181 1014 255 1046 sine
281 1015 391 1056 gloria
414 1015 652 1057 longissimam,
663 1014 745 1048 Jovi
769 1019 882 1046 matre

180 1063 409 1107 objectionem
436 1064 600 1106 faciente,
617 1069 657 1097 ut
679 1065 782 1098 Hom.
798 1066 880 1097 scri·

179 1113 243 1147 bit.
287 1114 323 1147 Is
351 1115 442 1148 enim
476 1116 616 1157 proprie
644 1115 879 1157 magnanimus

181 1168 248 1205 est,
266 1165 325 1206 qui
341 1165 385 1198 ad
405 1166 582 1198 honestam
607 1170 765 1206 mortem,
788 1170 824 1198 et
839 1175 882 1197 ea

181 1215 295 1247 omnia
311 1225 387 1258 quae
409 1216 502 1248 illam
526 1215 684 1255 efferant,
700 1217 879 1249 interritus

181 1270 257 1299 ent:
282 1266 375 1309 quod
387 1267 435 1299 ait
449 1266 610 1300 Ari.l.1v.
633 1268 746 1300 Ethic.
769 1268 881 1299 Matu-

174 1317 313 1350 tmtnoe.
331 1317 511 1359 AEacidem]
535 1317 701 1351 Achillem
717 1321 882 1359 nepotem

181 1366 287 1400 AEaci.
330 1367 421 1400 Nam
444 1377 488 1400 ex
501 1366 608 1412 AEaco
632 1367 757 1399 Peleus
782 1370 882 1398 natus

181 1420 245 1449 eat.
289 1417 343 1450 Ex
365 1418 473 1450 Peleo
494 1422 530 1450 et
548 1418 695 1450 Thetide
718 1417 882 1450 Achilles.

181 1467 454 1509 formidatamque
470 1467 621 1509 Tonanti]
645 1467 686 1499 Id
702 1471 767 1508 est,
782 1476 883 1509 quam

180 1519 346 1561 Juppiter
357 1520 511 1561 expavit.
555 1520 641 1552 Cum
656 1519 744 1551 enim
759 1518 884 1560 Juppi-

181 1576 237 1602 ter
250 1569 405 1602 Thetidis
420 1569 532 1602 forma
545 1569 737 1602 delectatus
752 1578 827 1600 eam
841 1569 884 1598 si-

182 1619 275 1652 biin,
291 1620 544 1651 matrimonium
571 1618 755 1660 adjungere
782 1626 886 1658 cupe-

183 1673 252 1706 ret,
277 1668 422 1701 Prothei
448 1668 538 1701 vatis
561 1667 692 1700 monitu
718 1667 884 1699 connubi-

183 1728 240 1751 nm
254 1718 331 1760 ejus
348 1718 490 1751 vitavit:
514 1727 590 1750 cum
606 1727 650 1750 ex
665 1727 705 1749 ea
719 1717 884 1750 oriturum

182 1768 288 1802 fllium
311 1773 549 1811 cognosceret,
573 1767 631 1810 qui
657 1767 765 1810 patris
790 1766 886 1799 facta

180 1824 371 1862 superaret,
405 1819 583 1862 majorque
619 1828 660 1850 eo
689 1822 882 1850 vocaretur.

182 1870 238 1903 De
248 1879 317 1913 quo
330 1870 380 1902 ita
395 1869 565 1902 Ovidius:
581 1869 591 1887 ‘
602 1869 760 1911 Namque
777 1877 884 1900 senex

181 1920 335 1962 Thetidi,
369 1922 436 1954 &c.
491 1920 584 1961 Ergo
620 1929 663 1952 ne
699 1918 882 1961 quicquam

182 1971 327 2004 muudus
334 1971 422 2005 Jove
430 1969 540 2012 majus
550 1969 704 2011 haberet,
711 1969 882 2012 (quamvis

183 2021 273 2054 haud
301 2021 437 2064 tepidos
467 2022 531 2054 sub
557 2026 699 2064 pectore
729 2025 885 2054 senserat

184 2073 282 2114 ignes
313 2072 504 2115 suppiam)
531 2082 699 2115 aequoreae
728 2072 884 2104 Thetidis

184 2122 355 2155 connubia
369 2122 481 2155 vitat!
501 2123 654 2156 Βνίιαηη.

226 2175 248 2204 2
269 2172 399 2214 Patrio]
419 2172 461 2205 Id
479 2177 534 2205 est
553 2172 670 2205 Jovis:
695 2173 753 2215 qui
770 2172 884 2206 Achil-

184 2222 226 2255 lis
251 2227 353 2265 pater
377 2222 514 2255 futurus
537 2228 624 2264 erat,
646 2223 675 2254 si
700 2223 883 2256 Thetidem

184 2282 327 2306 uxorem
349 2272 514 2306 duxisset.
563 2273 701 2306 Vetitam
723 2275 884 2306 succedere

182 2322 274 2364 mlo]
288 2322 331 2355 Id
343 2327 408 2364 est,
416 2322 595 2355 inhibitam
608 2323 752 2355 Prothei
767 2323 883 2355 vatici-

183 2372 324 2406 natione
338 2371 523 2406 succedere
540 2381 647 2414 regno
661 2372 771 2406 Jovis.
784 2373 884 2406 Idm.

225 2426 248 2457 ⁴
269 2422 424 2464 Maenio]
456 2423 655 2456 Homerico.
707 2423 787 2456 Fuit
812 2423 884 2455 Ho-

183 2483 309 2516 merus,
325 2473 418 2517 quod
441 2474 646 2507 Plutarchus
662 2474 782 2507 scribit
806 2485 886 2508 auc-

158 2551 163 2554 .
184 2529 261 2558 tore
281 2525 463 2567 Hephoro,
477 2524 660 2558 Creteidos
676 2531 712 2558 et
734 2525 886 2567 ejusdem

182 2574 301 2616 patrui
330 2575 478 2607 Maeonis
502 2574 615 2614 filius3
641 2580 680 2607 ut
703 2573 886 2608 Aristoteli

186 2625 316 2666 placet,
330 2634 351 2657 a
364 2625 503 2658 Maeone
519 2625 693 2667 Lydorum
715 2635 799 2669 rege
815 2626 887 2659 Ho-

185 2682 317 2706 merum
332 2684 394 2717 pro
405 2673 477 2708 filio
493 2676 689 2716 educatum,
701 2681 737 2709 et
751 2678 888 2710 Melesi-

186 2732 309 2766 gcnem
322 2724 416 2766 prius
430 2726 634 2768 [vocatumJ.
672 2727 804 2770 Vocant]
825 2727 888 2760 Su-

186 2778 328 2816 persunt
350 2784 418 2808 non
432 2777 527 2810 dicta
546 2776 589 2809 ab
612 2776 776 2811 Homero.
813 2779 886 2810 Ma·

185 2827 305 2872 curant.
365 2825 435 2859 Nos
461 2827 509 2860 ire
533 2835 590 2869 per
619 2836 737 2861 omnem
760 2826 886 2868 Her-oa]

937 762 988 795 Ea
1018 762 1132 794 omnia
1160 762 1358 803 attingere:
1392 769 1469 803 quae
1493 759 1536 791 ab
1567 758 1638 791 Ho-

934 822 1029 844 mero
1051 812 1287 854 proetermissa
1305 815 1405 844 sunt:
1429 820 1506 843 cum
1531 809 1559 841 is
1582 818 1640 841 ne-

936 871 1002 904 que
1023 862 1066 894 de
1089 863 1164 904 ejus
1177 862 1382 894 educatione
1403 860 1493 902 apud
1520 859 1643 891 Chiro-

935 922 1012 944 nem
1036 913 1227 955 scripserit,
1244 921 1355 955 neque
1376 915 1416 944 ut
1437 910 1556 943 habitu
1578 908 1641 941 foe-

935 964 1049 996 mineo
1075 964 1251 996 delituerit
1278 963 1371 1005 apud
1396 960 1640 1003 Lycomedem,

935 1023 1047 1057 neque
1062 1017 1100 1046 ut
1115 1014 1158 1046 ad
1173 1014 1301 1046 bellum
1317 1023 1379 1056 per
1391 1013 1550 1055 Ulyssem
1563 1020 1640 1053 per-

936 1065 1061 1098 ductus
1075 1065 1131 1098 sit.
1155 1065 1308 1098 Britann.

976 1119 995 1148 5
1032 1115 1188 1158 Scyroque
1216 1114 1383 1155 latentem]
1420 1115 1471 1147 Ut
1500 1112 1644 1146 latuerit

936 1166 1027 1208 apud
1043 1166 1285 1208 Lycomedem.
1318 1166 1407 1198 Nam
1416 1164 1549 1202 Thetis,
1563 1173 1644 1204 rap·

935 1220 971 1248 ta
985 1215 1122 1248 Helena
1142 1226 1163 1248 a
1185 1215 1327 1257 Paride,
1350 1226 1428 1248 eum
1443 1215 1582 1247 timeret
1598 1224 1644 1245 ex

934 1264 1078 1297 Prothei
1095 1264 1258 1297 vaticinio
1282 1273 1326 1296 ne
1347 1264 1438 1297 filius
1462 1264 1494 1295 in
1517 1263 1644 1296 bellum

938 1315 1136 1354 duceretur,
1151 1324 1230 1347 eum
1244 1315 1360 1348 habitu
1376 1314 1535 1347 muliebri
1550 1312 1645 1355 apud

938 1365 1168 1407 Lycomedem
1188 1374 1304 1406 regem
1325 1365 1422 1407 Scyri
1441 1365 1534 1397 inter
1556 1363 1644 1395 filias

938 1410 1136 1449 occultavit.
1181 1417 1246 1448 Est
1271 1419 1384 1448 antem
1409 1415 1516 1447 ordo:
1546 1413 1644 1445 Velis

940 1475 1002 1498 nos
1024 1465 1180 1507 proferre
1203 1465 1286 1497 tuba
1301 1465 1463 1497 Dulichia
1478 1465 1645 1502 latentem

941 1518 1057 1560 Scyro.
1101 1519 1166 1550 Est
1190 1518 1319 1555 Scyrus
1338 1524 1409 1559 nna
1429 1524 1473 1547 ex
1489 1515 1648 1557 Cycladi-

939 1569 1002 1599 bus
1019 1567 1137 1599 insulis
1148 1577 1169 1598 a
1178 1567 1279 1599 Naxo
1292 1567 1551 1609 quatuordecim
1565 1577 1646 1600 auc·

939 1621 1016 1649 tore
1031 1616 1148 1648 Plinio
1162 1617 1311 1649 millibus
1322 1627 1484 1659 passuum
1500 1618 1644 1651 distans.

938 1666 1084 1698 Homeri
1106 1666 1289 1708 sepulchro
1308 1668 1519 1705 veneranda,
1536 1669 1646 1710 longi-

939 1716 1070 1749 tudinis
1085 1716 1362 1760 vigintiquinque
1383 1718 1541 1760 msslium,
1562 1723 1645 1752 ante

939 1766 1104 1799 Phoenice
1119 1768 1319 1809 appellata:
1343 1769 1546 1811 Lycomedis
1563 1770 1644 1802 olim

938 1817 1085 1860 imperio
1101 1818 1274 1860 subjecta.
1298 1819 1400 1852 Idem.

978 1872 1000 1902 6
1023 1869 1176 1901 Dulichia
1189 1869 1344 1911 proferre]
1367 1869 1500 1902 Allusio
1523 1876 1577 1903 est
1593 1870 1638 1903 ad

935 1918 1108 1951 historiam
1140 1929 1217 1961 quoe
1253 1920 1429 1962 sequitur:
1466 1921 1516 1953 Ut
1543 1922 1645 1953 ‘cum

936 1970 1065 2012 grande
1077 1970 1160 2002 tuba
1168 1969 1235 2013 (sic
1242 1970 1375 2012 jussus)
1383 1970 1535 2013 Agyrtes
1548 1971 1646 2004 Inso-

938 2020 1035 2054 nuit)
1078 2022 1168 2054 Nam
1198 2031 1274 2054 cum
1296 2020 1466 2062 Achilles,
1481 2020 1645 2055 foemineo

938 2077 978 2105 ut
999 2072 1142 2105 diximus
1165 2072 1285 2105 habitu
1301 2072 1393 2114 apud
1410 2073 1644 2115 Lycomedem

936 2123 1085 2163 lateret3
1115 2122 1256 2164 Ulysses
1283 2122 1415 2163 sagacis
1444 2122 1494 2153 vir
1515 2122 1647 2164 ingenii

939 2175 1021 2207 illuc
1036 2173 1204 2206 accedens
1220 2183 1290 2206 una
1304 2183 1382 2206 cum
1407 2173 1575 2206 Diomede
1604 2174 1645 2206 il·

937 2225 1006 2256 lum
1032 2223 1249 2266 quaesiturus,
1263 2223 1440 2256 inventum
1465 2223 1557 2255 inter
1581 2234 1645 2265 pu-

939 2276 1022 2308 ellas
1037 2275 1126 2316 regis
1149 2275 1264 2307 sonitu
1279 2274 1372 2306 tubae
1393 2274 1445 2306 ita
1468 2274 1641 2312 accendit,

939 2330 978 2358 ut
992 2325 1107 2357 statim
1123 2324 1289 2366 depositis
1306 2324 1457 2357 vestibus
1471 2324 1642 2357 foemineis

939 2385 1034 2407 arma
1049 2375 1258 2416 sumpserit;
1292 2375 1409 2417 sicque
1438 2375 1482 2407 ad
1508 2375 1644 2418 Trojam

939 2425 1066 2458 ductus
1087 2430 1155 2457 est.
1199 2425 1264 2457 Est
1290 2424 1394 2466 igitur
1421 2435 1562 2458 sensus:
1588 2427 1647 2459 Da

939 2475 1032 2517 mihi,
1044 2475 1204 2517 Musa‚ut
1218 2475 1344 2517 possim
1358 2475 1510 2508 scribere
1525 2485 1643 2518 quem-

940 2526 1123 2559 admodum
1155 2525 1309 2559 Achilles
1351 2527 1443 2568 apud
1482 2527 1649 2569 Lycome-

941 2578 1019 2611 dem
1047 2577 1254 2609 delitescens
1281 2577 1324 2609 ab
1339 2577 1463 2618 Ulysse
1487 2577 1648 2610 inventus

943 2628 999 2670 sit,
1013 2633 1049 2660 et
1063 2627 1233 2660 excitatns
1260 2627 1305 2660 ad
1321 2627 1448 2660 bellum
1465 2628 1578 2660 sonitu
1596 2633 1651 2660 tu-

941 2679 1008 2712 boe.
1051 2678 1203 2711 Dulichia
1218 2677 1308 2719 tuba]
1332 2678 1375 2710 Id
1402 2683 1471 2719 est,
1493 2678 1650 2720 Ulyssis:

944 2739 1013 2771 qua
1023 2727 1191 2761 Achillem
1205 2727 1430 2761 inflammavit
1442 2729 1486 2762 ad
1500 2728 1626 2761 bellum
1640 2740 1650 2762 :

942 2789 1010 2812 non
1026 2783 1139 2812 autem
1162 2778 1247 2811 tuba
1271 2779 1416 2812 Homeri
1432 2789 1500 2822 qua
1515 2780 1651 2822 Ulyssis

942 2828 1040 2865 facta
1056 2828 1196 2871 cecinit,
1212 2834 1251 2864 ut
1270 2830 1409 2873 quidam
1425 2830 1649 2866 arbitrantur.
