<?xml version="1.0" encoding="UTF-8"?>
<!DOCTYPE html PUBLIC "-//W3C//DTD XHTML 1.0 Transitional//EN"
    "http://www.w3.org/TR/xhtml1/DTD/xhtml1-transitional.dtd">
<html xmlns="http://www.w3.org/1999/xhtml" xml:lang="en" lang="en">
 <head>
  <title>
</title>
<meta http-equiv="Content-Type" content="text/html;charset=utf-8" />
  <meta name='ocr-system' content='tesseract 3.04.00' />
  <meta name='ocr-capabilities' content='ocr_page ocr_carea ocr_par ocr_line ocrx_word'/>
</head>
<body>
  <div class='ocr_page' id='page_1' title='image "./operaomniaexedit04statuoft/operaomniaexedit04statuoft_0166.png"; bbox 0 0 1878 3164; ppageno 0'>
   <div class='ocr_carea' id='block_1_1' title="bbox 270 213 387 258">
    <p class='ocr_par' dir='ltr' id='par_1_1' title="bbox 270 213 387 258">
     <span class='ocr_line' id='line_1_1' title="bbox 270 213 387 258; baseline 0.017 -2"><span class='ocrx_word' id='word_1_1' title='bbox 270 213 387 258; x_wconf 76' lang='lat'><strong>1902</strong></span> 
     </span>
    </p>
   </div>
   <div class='ocr_carea' id='block_1_2' title="bbox 270 315 1005 2818">
    <p class='ocr_par' dir='ltr' id='par_1_2' title="bbox 270 315 984 961">
     <span class='ocr_line' id='line_1_2' title="bbox 312 315 975 358; baseline -0.002 -7"><span class='ocrx_word' id='word_1_2' title='bbox 312 321 376 351; x_wconf 78' lang='grc'>490</span> <span class='ocrx_word' id='word_1_3' title='bbox 404 317 568 358; x_wconf 78' lang='lat' dir='ltr'><strong><em>Victorque</em></strong></span> <span class='ocrx_word' id='word_1_4' title='bbox 582 320 614 349; x_wconf 77' lang='lat' dir='ltr'>et</span> <span class='ocrx_word' id='word_1_5' title='bbox 633 318 829 349; x_wconf 71' lang='lat' dir='ltr'>collaudatus</span> <span class='ocrx_word' id='word_1_6' title='bbox 843 315 975 358; x_wconf 70' lang='lat' dir='ltr'>abisset]</span> 
     </span>
     <span class='ocr_line' id='line_1_3' title="bbox 272 370 975 412; baseline -0.003 -8"><span class='ocrx_word' id='word_1_7' title='bbox 272 370 339 406; x_wconf 79' lang='lat' dir='ltr'>Qui</span> <span class='ocrx_word' id='word_1_8' title='bbox 363 370 454 403; x_wconf 81' lang='lat' dir='ltr'>huuc</span> <span class='ocrx_word' id='word_1_9' title='bbox 477 379 610 402; x_wconf 82' lang='lat' dir='ltr'>versum</span> <span class='ocrx_word' id='word_1_10' title='bbox 634 374 837 412; x_wconf 86' lang='lat' dir='ltr'>corruptum</span> <span class='ocrx_word' id='word_1_11' title='bbox 861 375 975 412; x_wconf 85' lang='lat' dir='ltr'>negat,</span> 
     </span>
     <span class='ocr_line' id='line_1_4' title="bbox 270 420 978 461; baseline -0.003 -8"><span class='ocrx_word' id='word_1_12' title='bbox 270 421 356 453; x_wconf 77' lang='lat' dir='ltr'>lieet</span> <span class='ocrx_word' id='word_1_13' title='bbox 369 430 462 453; x_wconf 83' lang='lat' dir='ltr'>mero</span> <span class='ocrx_word' id='word_1_14' title='bbox 478 420 621 452; x_wconf 84' lang='lat' dir='ltr'>meridie</span> <span class='ocrx_word' id='word_1_15' title='bbox 636 420 753 452; x_wconf 87' lang='lat' dir='ltr'>lucere</span> <span class='ocrx_word' id='word_1_16' title='bbox 773 420 880 461; x_wconf 78' lang='lat' dir='ltr'>dicat,</span> <span class='ocrx_word' id='word_1_17' title='bbox 896 420 978 452; x_wconf 85' lang='lat' dir='ltr'>nihil</span> 
     </span>
     <span class='ocr_line' id='line_1_5' title="bbox 273 469 979 512; baseline 0 -10"><span class='ocrx_word' id='word_1_18' title='bbox 273 470 424 502; x_wconf 82' lang='lat' dir='ltr'>credam.</span> <span class='ocrx_word' id='word_1_19' title='bbox 470 469 594 502; x_wconf 78' lang='lat' dir='ltr'><strong>Victor</strong></span> <span class='ocrx_word' id='word_1_20' title='bbox 608 479 652 501; x_wconf 90' lang='lat' dir='ltr'>ne</span> <span class='ocrx_word' id='word_1_21' title='bbox 676 469 854 502; x_wconf 79' lang='lat' dir='ltr'>Chromis?</span> <span class='ocrx_word' id='word_1_22' title='bbox 877 471 979 512; x_wconf 85' lang='lat' dir='ltr'>plane</span> 
     </span>
     <span class='ocr_line' id='line_1_6' title="bbox 271 518 979 562; baseline 0.001 -11"><span class='ocrx_word' id='word_1_23' title='bbox 271 519 395 551; x_wconf 78' lang='lat' dir='ltr'>falsum</span> <span class='ocrx_word' id='word_1_24' title='bbox 410 524 476 551; x_wconf 81' lang='lat' dir='ltr'>est.</span> <span class='ocrx_word' id='word_1_25' title='bbox 514 518 749 560; x_wconf 64' lang='lat' dir='ltr'>&#39;Amphiaraus</span> <span class='ocrx_word' id='word_1_26' title='bbox 763 521 909 562; x_wconf 86' lang='lat' dir='ltr'>palmam</span> <span class='ocrx_word' id='word_1_27' title='bbox 926 525 979 552; x_wconf 91' lang='lat' dir='ltr'>tu-</span> 
     </span>
     <span class='ocr_line' id='line_1_7' title="bbox 273 569 980 612; baseline 0.003 -12"><span class='ocrx_word' id='word_1_28' title='bbox 273 569 442 611; x_wconf 82' lang='lat' dir='ltr'>lit,(qnod</span> <span class='ocrx_word' id='word_1_29' title='bbox 456 569 573 601; x_wconf 77' lang='lat' dir='ltr'>statim</span> <span class='ocrx_word' id='word_1_30' title='bbox 585 569 736 611; x_wconf 88' lang='lat' dir='ltr'>audies,)</span> <span class='ocrx_word' id='word_1_31' title='bbox 751 579 852 612; x_wconf 86' lang='lat' dir='ltr'>quem</span> <span class='ocrx_word' id='word_1_32' title='bbox 865 570 980 612; x_wconf 82' lang='lat' dir='ltr'>proxi-</span> 
     </span>
     <span class='ocr_line' id='line_1_8' title="bbox 274 617 982 662; baseline 0.001 -11"><span class='ocrx_word' id='word_1_33' title='bbox 274 628 329 651; x_wconf 83' lang='lat' dir='ltr'>me</span> <span class='ocrx_word' id='word_1_34' title='bbox 361 623 499 651; x_wconf 77' lang='lat' dir='ltr'>secutus</span> <span class='ocrx_word' id='word_1_35' title='bbox 526 617 707 651; x_wconf 72' lang='lat' dir='ltr'>Admetus.</span> <span class='ocrx_word' id='word_1_36' title='bbox 754 620 848 652; x_wconf 90' lang='lat' dir='ltr'>Nihil</span> <span class='ocrx_word' id='word_1_37' title='bbox 863 620 982 662; x_wconf 83' lang='lat' dir='ltr'>itaque</span> 
     </span>
     <span class='ocr_line' id='line_1_9' title="bbox 274 669 983 704; baseline 0.003 -2"><span class='ocrx_word' id='word_1_38' title='bbox 274 669 403 702; x_wconf 76' lang='lat' dir='ltr'>certius</span> <span class='ocrx_word' id='word_1_39' title='bbox 420 669 569 701; x_wconf 85' lang='lat' dir='ltr'>lectione</span> <span class='ocrx_word' id='word_1_40' title='bbox 581 670 708 701; x_wconf 86' lang='lat' dir='ltr'>veteris</span> <span class='ocrx_word' id='word_1_41' title='bbox 725 671 932 703; x_wconf 82' lang='lat' dir='ltr'>memhrauae</span> <span class='ocrx_word' id='word_1_42' title='bbox 944 675 983 704; x_wconf 86' lang='lat' dir='ltr'>et</span> 
     </span>
     <span class='ocr_line' id='line_1_10' title="bbox 273 720 983 763; baseline 0.003 -11"><span class='ocrx_word' id='word_1_43' title='bbox 273 720 441 752; x_wconf 73' lang='lat' dir='ltr'>editionis</span> <span class='ocrx_word' id='word_1_44' title='bbox 464 720 656 762; x_wconf 84' lang='lat' dir='ltr'>principis:</span> <span class='ocrx_word' id='word_1_45' title='bbox 686 722 845 763; x_wconf 70' lang='lat' dir='ltr'>victusque</span> <span class='ocrx_word' id='word_1_46' title='bbox 868 725 900 754; x_wconf 78' lang='lat' dir='ltr'>et</span> <span class='ocrx_word' id='word_1_47' title='bbox 921 723 983 754; x_wconf 84' lang='lat' dir='ltr'>col-</span> 
     </span>
     <span class='ocr_line' id='line_1_11' title="bbox 273 769 982 814; baseline 0.003 -12"><span class='ocrx_word' id='word_1_48' title='bbox 273 769 420 802; x_wconf 71' lang='lat' dir='ltr'>laudatus</span> <span class='ocrx_word' id='word_1_49' title='bbox 450 770 589 802; x_wconf 68' lang='lat' dir='ltr'>abisset.-</span> <span class='ocrx_word' id='word_1_50' title='bbox 626 777 723 804; x_wconf 84' lang='lat' dir='ltr'>recte</span> <span class='ocrx_word' id='word_1_51' title='bbox 753 773 982 814; x_wconf 80' lang='lat' dir='ltr'>collaudatus,</span> 
     </span>
     <span class='ocr_line' id='line_1_12' title="bbox 276 820 982 864; baseline 0.004 -13"><span class='ocrx_word' id='word_1_52' title='bbox 276 820 355 862; x_wconf 87' lang='lat' dir='ltr'>qnia</span> <span class='ocrx_word' id='word_1_53' title='bbox 374 829 471 861; x_wconf 78' lang='lat' dir='ltr'>spem</span> <span class='ocrx_word' id='word_1_54' title='bbox 484 820 640 853; x_wconf 75' lang='lat' dir='ltr'>victoriae</span> <span class='ocrx_word' id='word_1_55' title='bbox 652 821 715 853; x_wconf 87' lang='lat' dir='ltr'>sibi</span> <span class='ocrx_word' id='word_1_56' title='bbox 731 822 877 862; x_wconf 79' lang='lat' dir='ltr'>ipsemet</span> <span class='ocrx_word' id='word_1_57' title='bbox 893 832 982 864; x_wconf 81' lang='lat' dir='ltr'>prae-</span> 
     </span>
     <span class='ocr_line' id='line_1_13' title="bbox 275 869 984 915; baseline 0.006 -14"><span class='ocrx_word' id='word_1_58' title='bbox 275 869 393 902; x_wconf 79' lang='lat' dir='ltr'><strong>cidere</strong></span> <span class='ocrx_word' id='word_1_59' title='bbox 406 870 538 910; x_wconf 82' lang='lat' dir='ltr'>maluit,</span> <span class='ocrx_word' id='word_1_60' title='bbox 557 880 656 912; x_wconf 88' lang='lat' dir='ltr'>quam</span> <span class='ocrx_word' id='word_1_61' title='bbox 683 872 878 914; x_wconf 81' lang='lat' dir='ltr'>prolapsum</span> <span class='ocrx_word' id='word_1_62' title='bbox 896 873 984 915; x_wconf 86' lang='lat' dir='ltr'>Hip·</span> 
     </span>
     <span class='ocr_line' id='line_1_14' title="bbox 277 919 740 961; baseline 0.004 -10"><span class='ocrx_word' id='word_1_63' title='bbox 277 919 463 961; x_wconf 84' lang='lat' dir='ltr'>podamum</span> <span class='ocrx_word' id='word_1_64' title='bbox 481 920 618 953; x_wconf 78' lang='lat' dir='ltr'>laedere.</span> <span class='ocrx_word' id='word_1_65' title='bbox 641 921 740 953; x_wconf 82' lang='lat' dir='ltr'>Idem.</span> 
     </span>
    </p>

    <p class='ocr_par' dir='ltr' id='par_1_3' title="bbox 279 971 992 1463">
     <span class='ocr_line' id='line_1_15' title="bbox 320 971 986 1013; baseline 0.003 -11"><span class='ocrx_word' id='word_1_66' title='bbox 320 973 382 1003; x_wconf 73' lang='lat'>491</span> <span class='ocrx_word' id='word_1_67' title='bbox 411 972 455 1002; x_wconf 75' lang='lat' dir='ltr'>At</span> <span class='ocrx_word' id='word_1_68' title='bbox 485 971 544 1002; x_wconf 74' lang='lat' dir='ltr'>tibi</span> <span class='ocrx_word' id='word_1_69' title='bbox 574 972 758 1013; x_wconf 80' lang='lat' dir='ltr'>promissos]</span> <span class='ocrx_word' id='word_1_70' title='bbox 797 971 986 1004; x_wconf 81' lang='lat' dir='ltr'>Oraculum</span> 
     </span>
     <span class='ocr_line' id='line_1_16' title="bbox 280 1020 987 1061; baseline 0.001 -8"><span class='ocrx_word' id='word_1_71' title='bbox 280 1021 372 1053; x_wconf 85' lang='lat' dir='ltr'>enim</span> <span class='ocrx_word' id='word_1_72' title='bbox 387 1020 551 1060; x_wconf 81' lang='lat' dir='ltr'>habebat,</span> <span class='ocrx_word' id='word_1_73' title='bbox 567 1021 678 1061; x_wconf 89' lang='lat' dir='ltr'>ipsum</span> <span class='ocrx_word' id='word_1_74' title='bbox 705 1032 806 1054; x_wconf 87' lang='lat' dir='ltr'>curru</span> <span class='ocrx_word' id='word_1_75' title='bbox 822 1022 987 1054; x_wconf 86' lang='lat' dir='ltr'>victorem</span> 
     </span>
     <span class='ocr_line' id='line_1_17' title="bbox 280 1069 989 1103; baseline 0.003 -2"><span class='ocrx_word' id='word_1_76' title='bbox 280 1069 448 1102; x_wconf 83' lang='lat' dir='ltr'>futurum.</span> <span class='ocrx_word' id='word_1_77' title='bbox 469 1070 537 1102; x_wconf 72' lang='lat' dir='ltr'>Vct.</span> <span class='ocrx_word' id='word_1_78' title='bbox 554 1070 659 1102; x_wconf 78' lang='lat' dir='ltr'>Schol.</span> <span class='ocrx_word' id='word_1_79' title='bbox 702 1071 748 1103; x_wconf 87' lang='lat' dir='ltr'>Et</span> <span class='ocrx_word' id='word_1_80' title='bbox 763 1076 923 1103; x_wconf 85' lang='lat' dir='ltr'>eventum</span> <span class='ocrx_word' id='word_1_81' title='bbox 939 1071 989 1103; x_wconf 88' lang='lat' dir='ltr'>sic</span> 
     </span>
     <span class='ocr_line' id='line_1_18' title="bbox 279 1120 989 1162; baseline 0 -9"><span class='ocrx_word' id='word_1_82' title='bbox 279 1120 445 1153; x_wconf 83' lang='lat' dir='ltr'>cecidisse</span> <span class='ocrx_word' id='word_1_83' title='bbox 475 1121 570 1152; x_wconf 80' lang='lat' dir='ltr'>cauit</span> <span class='ocrx_word' id='word_1_84' title='bbox 610 1121 789 1162; x_wconf 78' lang='lat' dir='ltr'>Papinius,</span> <span class='ocrx_word' id='word_1_85' title='bbox 820 1121 878 1153; x_wconf 84' lang='lat' dir='ltr'>alii</span> <span class='ocrx_word' id='word_1_86' title='bbox 909 1131 989 1153; x_wconf 89' lang='lat' dir='ltr'>eum</span> 
     </span>
     <span class='ocr_line' id='line_1_19' title="bbox 281 1170 991 1211; baseline 0 -8"><span class='ocrx_word' id='word_1_87' title='bbox 281 1179 385 1203; x_wconf 86' lang='lat' dir='ltr'>curru</span> <span class='ocrx_word' id='word_1_88' title='bbox 409 1170 516 1201; x_wconf 86' lang='lat' dir='ltr'>ruisse</span> <span class='ocrx_word' id='word_1_89' title='bbox 543 1170 772 1211; x_wconf 82' lang='lat' dir='ltr'>tradiderunt,</span> <span class='ocrx_word' id='word_1_90' title='bbox 793 1175 832 1203; x_wconf 90' lang='lat' dir='ltr'>ut</span> <span class='ocrx_word' id='word_1_91' title='bbox 860 1171 904 1203; x_wconf 86' lang='lat' dir='ltr'>ab</span> <span class='ocrx_word' id='word_1_92' title='bbox 926 1171 991 1203; x_wconf 89' lang='lat' dir='ltr'>Hi-</span> 
     </span>
     <span class='ocr_line' id='line_1_20' title="bbox 282 1220 991 1261; baseline 0.001 -9"><span class='ocrx_word' id='word_1_93' title='bbox 282 1220 362 1261; x_wconf 83' lang='lat' dir='ltr'>gino</span> <span class='ocrx_word' id='word_1_94' title='bbox 384 1229 414 1252; x_wconf 87' lang='lat' dir='ltr'>c.</span> <span class='ocrx_word' id='word_1_95' title='bbox 429 1222 504 1252; x_wconf 86' lang='grc'><strong>250.</strong></span> <span class='ocrx_word' id='word_1_96' title='bbox 531 1227 730 1252; x_wconf 88' lang='lat' dir='ltr'>recensetur</span> <span class='ocrx_word' id='word_1_97' title='bbox 751 1221 841 1253; x_wconf 85' lang='lat' dir='ltr'>inter</span> <span class='ocrx_word' id='word_1_98' title='bbox 859 1222 991 1253; x_wconf 78' lang='lat' dir='ltr'><strong>Heroas</strong></span> 
     </span>
     <span class='ocr_line' id='line_1_21' title="bbox 283 1270 992 1310; baseline 0.003 -9"><span class='ocrx_word' id='word_1_99' title='bbox 283 1280 303 1302; x_wconf 81' lang='lat' dir='ltr'>a</span> <span class='ocrx_word' id='word_1_100' title='bbox 320 1270 476 1302; x_wconf 87' lang='lat' dir='ltr'>curribus</span> <span class='ocrx_word' id='word_1_101' title='bbox 491 1270 561 1302; x_wconf 85' lang='lat' dir='ltr'>suis</span> <span class='ocrx_word' id='word_1_102' title='bbox 575 1270 742 1310; x_wconf 85' lang='lat' dir='ltr'>proditos.</span> <span class='ocrx_word' id='word_1_103' title='bbox 787 1271 861 1303; x_wconf 87' lang='lat' dir='ltr'>Nisi</span> <span class='ocrx_word' id='word_1_104' title='bbox 885 1271 913 1303; x_wconf 87' lang='lat' dir='ltr'>is</span> <span class='ocrx_word' id='word_1_105' title='bbox 941 1275 992 1303; x_wconf 80' lang='lat' dir='ltr'>tu-</span> 
     </span>
     <span class='ocr_line' id='line_1_22' title="bbox 284 1320 992 1362; baseline 0 -10"><span class='ocrx_word' id='word_1_106' title='bbox 284 1330 377 1361; x_wconf 86' lang='lat' dir='ltr'>men,</span> <span class='ocrx_word' id='word_1_107' title='bbox 399 1320 553 1362; x_wconf 86' lang='lat' dir='ltr'>seposita</span> <span class='ocrx_word' id='word_1_108' title='bbox 577 1320 692 1352; x_wconf 83' lang='lat' dir='ltr'>fabula</span> <span class='ocrx_word' id='word_1_109' title='bbox 717 1331 813 1353; x_wconf 85' lang='lat' dir='ltr'>casus</span> <span class='ocrx_word' id='word_1_110' title='bbox 839 1321 882 1353; x_wconf 84' lang='lat' dir='ltr'>ad</span> <span class='ocrx_word' id='word_1_111' title='bbox 907 1320 992 1353; x_wconf 84' lang='lat' dir='ltr'>infe-</span> 
     </span>
     <span class='ocr_line' id='line_1_23' title="bbox 286 1371 992 1412; baseline 0 -8"><span class='ocrx_word' id='word_1_112' title='bbox 286 1381 356 1412; x_wconf 82' lang='lat' dir='ltr'>ros,</span> <span class='ocrx_word' id='word_1_113' title='bbox 380 1381 484 1404; x_wconf 85' lang='lat' dir='ltr'>curru</span> <span class='ocrx_word' id='word_1_114' title='bbox 499 1372 632 1412; x_wconf 82' lang='lat' dir='ltr'>lapsum</span> <span class='ocrx_word' id='word_1_115' title='bbox 648 1371 805 1403; x_wconf 84' lang='lat' dir='ltr'>interisse</span> <span class='ocrx_word' id='word_1_116' title='bbox 830 1371 992 1404; x_wconf 86' lang='lat' dir='ltr'>credidit.</span> 
     </span>
     <span class='ocr_line' id='line_1_24' title="bbox 286 1421 842 1463; baseline 0 -9"><span class='ocrx_word' id='word_1_117' title='bbox 286 1422 375 1454; x_wconf 83' lang='lat' dir='ltr'>Vide</span> <span class='ocrx_word' id='word_1_118' title='bbox 392 1421 553 1463; x_wconf 82' lang='lat' dir='ltr'>Apollod.</span> <span class='ocrx_word' id='word_1_119' title='bbox 568 1421 628 1453; x_wconf 87' lang='lat' dir='ltr'>lib.</span> <span class='ocrx_word' id='word_1_120' title='bbox 644 1431 701 1454; x_wconf 77' lang='grc' dir='ltr'><strong>ιιι.</strong></span> <span class='ocrx_word' id='word_1_121' title='bbox 724 1422 842 1454; x_wconf 73' lang='lat' dir='ltr'>Barth.</span> 
     </span>
    </p>

    <p class='ocr_par' dir='ltr' id='par_1_4' title="bbox 287 1471 996 1656">
     <span class='ocr_line' id='line_1_25' title="bbox 340 1471 994 1513; baseline 0 -10"><span class='ocrx_word' id='word_1_122' title='bbox 340 1475 402 1504; x_wconf 87' lang='grc'>505</span> <span class='ocrx_word' id='word_1_123' title='bbox 437 1471 504 1502; x_wconf 77' lang='lat' dir='ltr'>Per</span> <span class='ocrx_word' id='word_1_124' title='bbox 532 1475 623 1511; x_wconf 80' lang='lat' dir='ltr'>terga</span> <span class='ocrx_word' id='word_1_125' title='bbox 655 1471 793 1513; x_wconf 69' lang='lat' dir='ltr'>volutus]</span> <span class='ocrx_word' id='word_1_126' title='bbox 831 1472 994 1504; x_wconf 89' lang='lat' dir='ltr'>Habena-</span> 
     </span>
     <span class='ocr_line' id='line_1_26' title="bbox 289 1522 996 1563; baseline 0.001 -10"><span class='ocrx_word' id='word_1_127' title='bbox 289 1532 362 1553; x_wconf 91' lang='lat' dir='ltr'>rum</span> <span class='ocrx_word' id='word_1_128' title='bbox 379 1531 519 1562; x_wconf 83' lang='lat' dir='ltr'>nexum,</span> <span class='ocrx_word' id='word_1_129' title='bbox 534 1531 601 1563; x_wconf 90' lang='lat' dir='ltr'>quo</span> <span class='ocrx_word' id='word_1_130' title='bbox 622 1522 796 1554; x_wconf 86' lang='lat' dir='ltr'>involutus</span> <span class='ocrx_word' id='word_1_131' title='bbox 812 1530 875 1563; x_wconf 84' lang='lat' dir='ltr'>per</span> <span class='ocrx_word' id='word_1_132' title='bbox 897 1526 996 1563; x_wconf 81' lang='lat' dir='ltr'>terga</span> 
     </span>
     <span class='ocr_line' id='line_1_27' title="bbox 287 1571 994 1614; baseline 0.001 -11"><span class='ocrx_word' id='word_1_133' title='bbox 287 1571 412 1609; x_wconf 76' lang='lat' dir='ltr'>fuerat,</span> <span class='ocrx_word' id='word_1_134' title='bbox 427 1572 601 1612; x_wconf 86' lang='lat' dir='ltr'>liberavit,</span> <span class='ocrx_word' id='word_1_135' title='bbox 617 1582 660 1604; x_wconf 89' lang='lat' dir='ltr'>ne</span> <span class='ocrx_word' id='word_1_136' title='bbox 674 1582 776 1604; x_wconf 87' lang='lat' dir='ltr'>curru</span> <span class='ocrx_word' id='word_1_137' title='bbox 790 1573 872 1604; x_wconf 86' lang='lat' dir='ltr'>loris</span> <span class='ocrx_word' id='word_1_138' title='bbox 883 1572 994 1614; x_wconf 87' lang='lat' dir='ltr'>impli-</span> 
     </span>
     <span class='ocr_line' id='line_1_28' title="bbox 289 1623 770 1656; baseline 0.002 -1"><span class='ocrx_word' id='word_1_139' title='bbox 289 1623 378 1655; x_wconf 85' lang='lat' dir='ltr'>citus</span> <span class='ocrx_word' id='word_1_140' title='bbox 393 1623 597 1655; x_wconf 79' lang='lat' dir='ltr'><strong>traheretur.</strong></span> <span class='ocrx_word' id='word_1_141' title='bbox 621 1623 770 1656; x_wconf 72' lang='lat' dir='ltr'>Luceant.</span> 
     </span>
    </p>

    <p class='ocr_par' dir='ltr' id='par_1_5' title="bbox 291 1673 998 1814">
     <span class='ocr_line' id='line_1_29' title="bbox 331 1673 998 1714; baseline 0 -9"><span class='ocrx_word' id='word_1_142' title='bbox 331 1677 396 1707; x_wconf 78' lang='grc'><strong>500</strong></span> <span class='ocrx_word' id='word_1_143' title='bbox 419 1673 634 1705; x_wconf 78' lang='lat' dir='ltr'>Moderamine</span> <span class='ocrx_word' id='word_1_144' title='bbox 648 1673 739 1714; x_wconf 84' lang='lat' dir='ltr'>liber]</span> <span class='ocrx_word' id='word_1_145' title='bbox 762 1673 802 1705; x_wconf 89' lang='lat' dir='ltr'>Id</span> <span class='ocrx_word' id='word_1_146' title='bbox 827 1678 895 1713; x_wconf 90' lang='lat' dir='ltr'>est,</span> <span class='ocrx_word' id='word_1_147' title='bbox 922 1683 998 1705; x_wconf 85' lang='lat' dir='ltr'>ree-</span> 
     </span>
     <span class='ocr_line' id='line_1_30' title="bbox 291 1723 997 1764; baseline 0.003 -10"><span class='ocrx_word' id='word_1_148' title='bbox 291 1727 389 1755; x_wconf 81' lang='lat' dir='ltr'>tore:</span> <span class='ocrx_word' id='word_1_149' title='bbox 412 1723 470 1764; x_wconf 90' lang='lat' dir='ltr'>qui</span> <span class='ocrx_word' id='word_1_150' title='bbox 486 1733 650 1755; x_wconf 80' lang='lat' dir='ltr'>excussus</span> <span class='ocrx_word' id='word_1_151' title='bbox 678 1733 779 1755; x_wconf 86' lang='lat' dir='ltr'>curru</span> <span class='ocrx_word' id='word_1_152' title='bbox 797 1724 997 1756; x_wconf 82' lang='lat' dir='ltr'>volvebatur</span> 
     </span>
     <span class='ocr_line' id='line_1_31' title="bbox 294 1773 623 1814; baseline 0.003 -10"><span class='ocrx_word' id='word_1_153' title='bbox 294 1774 329 1805; x_wconf 91' lang='lat' dir='ltr'>in</span> <span class='ocrx_word' id='word_1_154' title='bbox 342 1774 497 1814; x_wconf 80' lang='lat' dir='ltr'>pulvere.</span> <span class='ocrx_word' id='word_1_155' title='bbox 521 1773 623 1805; x_wconf 83' lang='lat' dir='ltr'><strong><em>Idem.</em></strong></span> 
     </span>
    </p>

    <p class='ocr_par' dir='ltr' id='par_1_6' title="bbox 291 1823 996 1906">
     <span class='ocr_line' id='line_1_32' title="bbox 333 1823 996 1866; baseline 0.002 -11"><span class='ocrx_word' id='word_1_156' title='bbox 333 1826 396 1855; x_wconf 82' lang='grc'><strong>507</strong></span> <span class='ocrx_word' id='word_1_157' title='bbox 421 1823 519 1855; x_wconf 78' lang='lat' dir='ltr'>Putri</span> <span class='ocrx_word' id='word_1_158' title='bbox 542 1824 666 1865; x_wconf 83' lang='lat' dir='ltr'>tellure]</span> <span class='ocrx_word' id='word_1_159' title='bbox 690 1824 856 1856; x_wconf 81' lang='lat' dir='ltr'>Definitio</span> <span class='ocrx_word' id='word_1_160' title='bbox 879 1825 996 1866; x_wconf 87' lang='lat' dir='ltr'>pulve-</span> 
     </span>
     <span class='ocr_line' id='line_1_33' title="bbox 291 1874 476 1906; baseline 0.005 -1"><span class='ocrx_word' id='word_1_161' title='bbox 291 1874 351 1906; x_wconf 82' lang='lat' dir='ltr'>ris.</span> <span class='ocrx_word' id='word_1_162' title='bbox 377 1874 476 1906; x_wconf 84' lang='lat' dir='ltr'><strong><em>Idem.</em></strong></span> 
     </span>
    </p>

    <p class='ocr_par' dir='ltr' id='par_1_7' title="bbox 292 1924 1001 2510">
     <span class='ocr_line' id='line_1_34' title="bbox 334 1924 997 1967; baseline 0.002 -11"><span class='ocrx_word' id='word_1_163' title='bbox 334 1927 399 1956; x_wconf 88' lang='grc'><strong>508</strong></span> <span class='ocrx_word' id='word_1_164' title='bbox 425 1924 588 1955; x_wconf 71' lang='lat' dir='ltr'>Thessalus</span> <span class='ocrx_word' id='word_1_165' title='bbox 597 1924 684 1965; x_wconf 79' lang='lat' dir='ltr'>axis]</span> <span class='ocrx_word' id='word_1_166' title='bbox 706 1924 847 1957; x_wconf 87' lang='lat' dir='ltr'>Admeti</span> <span class='ocrx_word' id='word_1_167' title='bbox 863 1925 997 1967; x_wconf 77' lang='lat' dir='ltr'>aurigas</span> 
     </span>
     <span class='ocr_line' id='line_1_35' title="bbox 293 1974 998 2015; baseline 0 -8"><span class='ocrx_word' id='word_1_168' title='bbox 293 1974 394 2007; x_wconf 89' lang='lat' dir='ltr'>modo</span> <span class='ocrx_word' id='word_1_169' title='bbox 420 1974 682 2015; x_wconf 85' lang='lat' dir='ltr'>demonstravit,</span> <span class='ocrx_word' id='word_1_170' title='bbox 704 1985 724 2006; x_wconf 87' lang='lat' dir='ltr'>a</span> <span class='ocrx_word' id='word_1_171' title='bbox 749 1975 833 2007; x_wconf 81' lang='lat' dir='ltr'>locis</span> <span class='ocrx_word' id='word_1_172' title='bbox 858 1976 930 2007; x_wconf 85' lang='lat' dir='ltr'>sive</span> <span class='ocrx_word' id='word_1_173' title='bbox 954 1975 998 2008; x_wconf 81' lang='lat' dir='ltr'>ab</span> 
     </span>
     <span class='ocr_line' id='line_1_36' title="bbox 292 2024 998 2067; baseline 0.001 -11"><span class='ocrx_word' id='word_1_174' title='bbox 292 2025 402 2067; x_wconf 83' lang='lat' dir='ltr'>equis.</span> <span class='ocrx_word' id='word_1_175' title='bbox 444 2024 502 2056; x_wconf 85' lang='lat' dir='ltr'>Sic</span> <span class='ocrx_word' id='word_1_176' title='bbox 517 2025 640 2065; x_wconf 81' lang='lat' dir='ltr'>Virgil.</span> <span class='ocrx_word' id='word_1_177' title='bbox 654 2026 759 2057; x_wconf 82' lang='lat' dir='ltr'>duces</span> <span class='ocrx_word' id='word_1_178' title='bbox 779 2025 916 2057; x_wconf 87' lang='lat' dir='ltr'>navium</span> <span class='ocrx_word' id='word_1_179' title='bbox 932 2035 998 2058; x_wconf 91' lang='lat' dir='ltr'>non</span> 
     </span>
     <span class='ocr_line' id='line_1_37' title="bbox 294 2075 998 2116; baseline 0 -8"><span class='ocrx_word' id='word_1_180' title='bbox 294 2076 363 2108; x_wconf 87' lang='lat' dir='ltr'>suis</span> <span class='ocrx_word' id='word_1_181' title='bbox 380 2075 585 2115; x_wconf 82' lang='lat' dir='ltr'>nominibus,</span> <span class='ocrx_word' id='word_1_182' title='bbox 608 2075 669 2106; x_wconf 86' lang='lat' dir='ltr'>sed</span> <span class='ocrx_word' id='word_1_183' title='bbox 689 2076 930 2116; x_wconf 85' lang='lat' dir='ltr'>intelligendos</span> <span class='ocrx_word' id='word_1_184' title='bbox 946 2075 998 2108; x_wconf 89' lang='lat' dir='ltr'>fe-</span> 
     </span>
     <span class='ocr_line' id='line_1_38' title="bbox 293 2125 998 2158; baseline 0 0"><span class='ocrx_word' id='word_1_185' title='bbox 293 2126 343 2158; x_wconf 86' lang='lat' dir='ltr'>cit</span> <span class='ocrx_word' id='word_1_186' title='bbox 374 2125 544 2157; x_wconf 85' lang='lat' dir='ltr'>dicendo:</span> <span class='ocrx_word' id='word_1_187' title='bbox 588 2126 658 2157; x_wconf 86' lang='lat' dir='ltr'>‘Et</span> <span class='ocrx_word' id='word_1_188' title='bbox 679 2135 767 2158; x_wconf 88' lang='lat' dir='ltr'>nunc</span> <span class='ocrx_word' id='word_1_189' title='bbox 794 2126 917 2158; x_wconf 76' lang='lat' dir='ltr'>Pistris</span> <span class='ocrx_word' id='word_1_190' title='bbox 939 2127 998 2158; x_wconf 85' lang='lat' dir='ltr'>ha-</span> 
     </span>
     <span class='ocr_line' id='line_1_39' title="bbox 293 2176 997 2217; baseline -0.001 -8"><span class='ocrx_word' id='word_1_191' title='bbox 293 2177 379 2209; x_wconf 84' lang='lat' dir='ltr'>bet:</span> <span class='ocrx_word' id='word_1_192' title='bbox 415 2185 479 2208; x_wconf 85' lang='lat' dir='ltr'>nec</span> <span class='ocrx_word' id='word_1_193' title='bbox 514 2176 642 2208; x_wconf 87' lang='lat' dir='ltr'>victum</span> <span class='ocrx_word' id='word_1_194' title='bbox 685 2176 842 2217; x_wconf 84' lang='lat' dir='ltr'>praeterit</span> <span class='ocrx_word' id='word_1_195' title='bbox 876 2177 997 2216; x_wconf 78' lang='lat' dir='ltr'>ingens</span> 
     </span>
     <span class='ocr_line' id='line_1_40' title="bbox 296 2226 998 2268; baseline -0.001 -8"><span class='ocrx_word' id='word_1_196' title='bbox 296 2228 491 2260; x_wconf 83' lang='lat' dir='ltr'>Centaurus</span> <span class='ocrx_word' id='word_1_197' title='bbox 531 2226 762 2268; x_wconf 57' lang='lat' dir='ltr'>sergestum?</span> <span class='ocrx_word' id='word_1_198' title='bbox 806 2226 998 2268; x_wconf 80' lang='lat' dir='ltr'>significare</span> 
     </span>
     <span class='ocr_line' id='line_1_41' title="bbox 295 2277 1001 2313; baseline -0.001 -3"><span class='ocrx_word' id='word_1_199' title='bbox 295 2278 427 2313; x_wconf 79' lang='lat' dir='ltr'>volens,</span> <span class='ocrx_word' id='word_1_200' title='bbox 446 2281 482 2308; x_wconf 92' lang='lat' dir='ltr'>et</span> <span class='ocrx_word' id='word_1_201' title='bbox 499 2277 729 2308; x_wconf 81' lang='lat' dir='ltr'>Mnestheum.</span> <span class='ocrx_word' id='word_1_202' title='bbox 775 2277 880 2308; x_wconf 77' lang='lat' dir='ltr'>Her-os</span> <span class='ocrx_word' id='word_1_203' title='bbox 906 2277 1001 2309; x_wconf 89' lang='lat' dir='ltr'>Lem-</span> 
     </span>
     <span class='ocr_line' id='line_1_42' title="bbox 294 2327 1001 2369; baseline -0.004 -8"><span class='ocrx_word' id='word_1_204' title='bbox 294 2328 384 2369; x_wconf 73' lang='lat' dir='ltr'>nius]</span> <span class='ocrx_word' id='word_1_205' title='bbox 407 2328 519 2360; x_wconf 90' lang='lat' dir='ltr'>Unum</span> <span class='ocrx_word' id='word_1_206' title='bbox 545 2327 589 2358; x_wconf 86' lang='lat' dir='ltr'>de</span> <span class='ocrx_word' id='word_1_207' title='bbox 615 2327 758 2368; x_wconf 88' lang='lat' dir='ltr'>geminis</span> <span class='ocrx_word' id='word_1_208' title='bbox 791 2327 1001 2368; x_wconf 82' lang='lat' dir='ltr'>Hypsipyles·</span> 
     </span>
     <span class='ocr_line' id='line_1_43' title="bbox 298 2377 1001 2419; baseline -0.001 -9"><span class='ocrx_word' id='word_1_209' title='bbox 298 2379 396 2419; x_wconf 84' lang='lat' dir='ltr'>dicit,</span> <span class='ocrx_word' id='word_1_210' title='bbox 411 2386 553 2419; x_wconf 86' lang='lat' dir='ltr'>qnorum</span> <span class='ocrx_word' id='word_1_211' title='bbox 569 2377 657 2408; x_wconf 83' lang='lat' dir='ltr'>aller</span> <span class='ocrx_word' id='word_1_212' title='bbox 668 2377 778 2408; x_wconf 85' lang='lat' dir='ltr'>Thoas</span> <span class='ocrx_word' id='word_1_213' title='bbox 788 2377 860 2418; x_wconf 81' lang='lat' dir='ltr'>jam</span> <span class='ocrx_word' id='word_1_214' title='bbox 874 2381 1001 2418; x_wconf 87' lang='lat' dir='ltr'>ruerat,</span> 
     </span>
     <span class='ocr_line' id='line_1_44' title="bbox 297 2426 1000 2468; baseline -0.001 -9"><span class='ocrx_word' id='word_1_215' title='bbox 297 2428 378 2459; x_wconf 88' lang='lat' dir='ltr'>dum</span> <span class='ocrx_word' id='word_1_216' title='bbox 415 2426 601 2459; x_wconf 86' lang='lat' dir='ltr'>Admetum</span> <span class='ocrx_word' id='word_1_217' title='bbox 636 2427 816 2468; x_wconf 85' lang='lat' dir='ltr'>praeterire</span> <span class='ocrx_word' id='word_1_218' title='bbox 849 2426 1000 2459; x_wconf 79' lang='lat' dir='ltr'>festinat.</span> 
     </span>
     <span class='ocr_line' id='line_1_45' title="bbox 304 2479 404 2510; baseline -0.01 0"><span class='ocrx_word' id='word_1_219' title='bbox 304 2479 404 2510; x_wconf 84' lang='lat' dir='ltr'>Idem.</span> 
     </span>
    </p>

    <p class='ocr_par' dir='ltr' id='par_1_8' title="bbox 299 2526 1005 2818">
     <span class='ocr_line' id='line_1_46' title="bbox 340 2526 1002 2569; baseline -0.002 -9"><span class='ocrx_word' id='word_1_220' title='bbox 340 2529 403 2560; x_wconf 88' lang='grc'><strong>511</strong></span> <span class='ocrx_word' id='word_1_221' title='bbox 419 2526 530 2567; x_wconf 75' lang='lat' dir='ltr'>Erigit</span> <span class='ocrx_word' id='word_1_222' title='bbox 545 2528 587 2558; x_wconf 80' lang='lat' dir='ltr'>ad</span> <span class='ocrx_word' id='word_1_223' title='bbox 599 2536 721 2559; x_wconf 79' lang='lat' dir='ltr'>cursum</span> <span class='ocrx_word' id='word_1_224' title='bbox 735 2527 883 2559; x_wconf 77' lang='lat' dir='ltr'>comitum</span> <span class='ocrx_word' id='word_1_225' title='bbox 895 2527 1002 2569; x_wconf 76' lang='lat' dir='ltr'>caput]</span> 
     </span>
     <span class='ocr_line' id='line_1_47' title="bbox 299 2577 1002 2618; baseline -0.003 -8"><span class='ocrx_word' id='word_1_226' title='bbox 299 2578 379 2610; x_wconf 91' lang='lat' dir='ltr'>Non</span> <span class='ocrx_word' id='word_1_227' title='bbox 395 2578 589 2617; x_wconf 85' lang='lat' dir='ltr'>tolerasset,</span> <span class='ocrx_word' id='word_1_228' title='bbox 613 2577 747 2618; x_wconf 88' lang='lat' dir='ltr'>opinor,</span> <span class='ocrx_word' id='word_1_229' title='bbox 768 2582 837 2609; x_wconf 91' lang='lat' dir='ltr'>tam</span> <span class='ocrx_word' id='word_1_230' title='bbox 864 2578 921 2609; x_wconf 89' lang='lat' dir='ltr'>diu</span> <span class='ocrx_word' id='word_1_231' title='bbox 937 2578 1002 2609; x_wconf 83' lang='lat' dir='ltr'>hoe</span> 
     </span>
     <span class='ocr_line' id='line_1_48' title="bbox 299 2626 1000 2668; baseline 0.001 -9"><span class='ocrx_word' id='word_1_232' title='bbox 299 2628 433 2668; x_wconf 86' lang='lat' dir='ltr'>vitium,</span> <span class='ocrx_word' id='word_1_233' title='bbox 458 2628 485 2658; x_wconf 85' lang='lat' dir='ltr'>si</span> <span class='ocrx_word' id='word_1_234' title='bbox 507 2626 546 2658; x_wconf 72' lang='grc' dir='ltr'>τὸ</span> <span class='ocrx_word' id='word_1_235' title='bbox 567 2628 712 2659; x_wconf 77' lang='lat' dir='ltr'>comitam</span> <span class='ocrx_word' id='word_1_236' title='bbox 738 2628 1000 2660; x_wconf 85' lang='lat' dir='ltr'>intellexissent.</span> 
     </span>
     <span class='ocr_line' id='line_1_49' title="bbox 299 2677 1002 2717; baseline -0.001 -7"><span class='ocrx_word' id='word_1_237' title='bbox 299 2677 394 2710; x_wconf 88' lang='lat' dir='ltr'>Nihil</span> <span class='ocrx_word' id='word_1_238' title='bbox 411 2683 524 2709; x_wconf 83' lang='lat' dir='ltr'>tamen</span> <span class='ocrx_word' id='word_1_239' title='bbox 546 2677 750 2708; x_wconf 85' lang='lat' dir='ltr'>membranae</span> <span class='ocrx_word' id='word_1_240' title='bbox 777 2683 925 2717; x_wconf 87' lang='lat' dir='ltr'>mutant,</span> <span class='ocrx_word' id='word_1_241' title='bbox 940 2678 1002 2710; x_wconf 88' lang='lat' dir='ltr'>nisi</span> 
     </span>
     <span class='ocr_line' id='line_1_50' title="bbox 301 2727 1003 2769; baseline 0.003 -11"><span class='ocrx_word' id='word_1_242' title='bbox 301 2727 391 2769; x_wconf 85' lang='lat' dir='ltr'>quod</span> <span class='ocrx_word' id='word_1_243' title='bbox 422 2728 568 2768; x_wconf 84' lang='lat' dir='ltr'>optimus</span> <span class='ocrx_word' id='word_1_244' title='bbox 594 2727 684 2757; x_wconf 87' lang='lat' dir='ltr'>inter</span> <span class='ocrx_word' id='word_1_245' title='bbox 712 2736 846 2759; x_wconf 82' lang='lat' dir='ltr'>versus:</span> <span class='ocrx_word' id='word_1_246' title='bbox 882 2729 937 2760; x_wconf 89' lang='lat' dir='ltr'>vel</span> <span class='ocrx_word' id='word_1_247' title='bbox 954 2738 1003 2760; x_wconf 81' lang='grc' dir='ltr'>οσ-</span> 
     </span>
     <span class='ocr_line' id='line_1_51' title="bbox 302 2776 1005 2818; baseline 0.003 -9"><span class='ocrx_word' id='word_1_248' title='bbox 302 2788 407 2810; x_wconf 77' lang='lat' dir='ltr'>cureu.</span> <span class='ocrx_word' id='word_1_249' title='bbox 453 2777 569 2818; x_wconf 81' lang='lat' dir='ltr'>Lege:</span> <span class='ocrx_word' id='word_1_250' title='bbox 588 2776 702 2816; x_wconf 80' lang='lat' dir='ltr'>Erigit</span> <span class='ocrx_word' id='word_1_251' title='bbox 716 2787 844 2810; x_wconf 75' lang='lat' dir='ltr'>accursu</span> <span class='ocrx_word' id='word_1_252' title='bbox 857 2779 1005 2811; x_wconf 74' lang='lat' dir='ltr'>comitum</span> 
     </span>
    </p>
   </div>
   <div class='ocr_carea' id='block_1_3' title="bbox 736 222 1268 257">
    <p class='ocr_par' dir='ltr' id='par_1_9' title="bbox 736 222 1268 257">
     <span class='ocr_line' id='line_1_52' title="bbox 736 222 1268 257; baseline 0 -1"><span class='ocrx_word' id='word_1_253' title='bbox 736 222 879 256; x_wconf 79' lang='lat' dir='ltr'>NOTAE</span> <span class='ocrx_word' id='word_1_254' title='bbox 915 222 1179 257; x_wconf 74' lang='lat' dir='ltr'>VAmomJM</span> <span class='ocrx_word' id='word_1_255' title='bbox 1213 224 1268 256; x_wconf 80' lang='lat' dir='ltr'>IN</span> 
     </span>
    </p>
   </div>
   <div class='ocr_carea' id='block_1_4' title="bbox 1024 312 1756 2812">
    <p class='ocr_par' dir='ltr' id='par_1_10' title="bbox 1024 312 1733 502">
     <span class='ocr_line' id='line_1_53' title="bbox 1024 312 1727 361; baseline 0.004 -12"><span class='ocrx_word' id='word_1_256' title='bbox 1024 322 1128 360; x_wconf 76' lang='lat' dir='ltr'>eaput.</span> <span class='ocrx_word' id='word_1_257' title='bbox 1174 319 1312 351; x_wconf 73' lang='lat' dir='ltr'>Cmniees</span> <span class='ocrx_word' id='word_1_258' title='bbox 1331 322 1414 351; x_wconf 83' lang='lat' dir='ltr'>sunt</span> <span class='ocrx_word' id='word_1_259' title='bbox 1436 316 1596 361; x_wconf 75' lang='lat' dir='ltr'>ministri,</span> <span class='ocrx_word' id='word_1_260' title='bbox 1612 312 1727 360; x_wconf 62' lang='lat' dir='ltr'>anna,</span> 
     </span>
     <span class='ocr_line' id='line_1_54' title="bbox 1028 369 1730 413; baseline 0.006 -14"><span class='ocrx_word' id='word_1_261' title='bbox 1028 369 1206 403; x_wconf 78' lang='lat' dir='ltr'>satellites.</span> <span class='ocrx_word' id='word_1_262' title='bbox 1252 370 1329 402; x_wconf 84' lang='lat' dir='ltr'>Lib.</span> <span class='ocrx_word' id='word_1_263' title='bbox 1346 378 1387 401; x_wconf 82' lang='lat' dir='ltr'>n.</span> <span class='ocrx_word' id='word_1_264' title='bbox 1415 371 1426 389; x_wconf 81' lang='lat'>⁸</span> <span class='ocrx_word' id='word_1_265' title='bbox 1441 370 1520 402; x_wconf 86' lang='lat' dir='ltr'>Non</span> <span class='ocrx_word' id='word_1_266' title='bbox 1536 369 1730 413; x_wconf 57' lang='lat' dir='ltr'>desomn-</span> 
     </span>
     <span class='ocr_line' id='line_1_55' title="bbox 1029 416 1733 462; baseline 0.006 -13"><span class='ocrx_word' id='word_1_267' title='bbox 1029 417 1062 458; x_wconf 76' lang='lat' dir='ltr'>gi</span> <span class='ocrx_word' id='word_1_268' title='bbox 1075 419 1245 452; x_wconf 84' lang='lat' dir='ltr'>comites:</span> <span class='ocrx_word' id='word_1_269' title='bbox 1268 419 1344 451; x_wconf 82' lang='lat' dir='ltr'>sine</span> <span class='ocrx_word' id='word_1_270' title='bbox 1358 420 1483 452; x_wconf 84' lang='lat' dir='ltr'>moenia</span> <span class='ocrx_word' id='word_1_271' title='bbox 1508 420 1624 462; x_wconf 77' lang='lat' dir='ltr'>pulset</span> <span class='ocrx_word' id='word_1_272' title='bbox 1646 416 1733 452; x_wconf 53' lang='lat' dir='ltr'>Iris-⁴</span> 
     </span>
     <span class='ocr_line' id='line_1_56' title="bbox 1029 467 1503 502; baseline 0.008 -4"><span class='ocrx_word' id='word_1_273' title='bbox 1029 467 1110 499; x_wconf 66' lang='lat' dir='ltr'>tus!</span> <span class='ocrx_word' id='word_1_274' title='bbox 1135 469 1270 502; x_wconf 74' lang='lat' dir='ltr'>Gronov.</span> <span class='ocrx_word' id='word_1_275' title='bbox 1501 474 1503 476; x_wconf 85' lang='lat'>&#39;</span> 
     </span>
    </p>

    <p class='ocr_par' dir='ltr' id='par_1_11' title="bbox 1030 518 1740 1066">
     <span class='ocr_line' id='line_1_57' title="bbox 1072 518 1732 561; baseline 0.003 -11"><span class='ocrx_word' id='word_1_276' title='bbox 1072 521 1136 550; x_wconf 71' lang='grc'><strong>512</strong></span> <span class='ocrx_word' id='word_1_277' title='bbox 1163 518 1273 560; x_wconf 74' lang='lat' dir='ltr'>Redit]</span> <span class='ocrx_word' id='word_1_278' title='bbox 1309 519 1528 561; x_wconf 81' lang='lat' dir='ltr'>Deportatur</span> <span class='ocrx_word' id='word_1_279' title='bbox 1551 518 1588 551; x_wconf 85' lang='lat' dir='ltr'>in</span> <span class='ocrx_word' id='word_1_280' title='bbox 1617 520 1732 560; x_wconf 59' lang='lat' dir='ltr'>gesio-</span> 
     </span>
     <span class='ocr_line' id='line_1_58' title="bbox 1031 568 1735 614; baseline 0.003 -14"><span class='ocrx_word' id='word_1_281' title='bbox 1031 569 1093 602; x_wconf 81' lang='lat' dir='ltr'>rio.</span> <span class='ocrx_word' id='word_1_282' title='bbox 1121 569 1189 602; x_wconf 75' lang='lat' dir='ltr'>Vet.</span> <span class='ocrx_word' id='word_1_283' title='bbox 1205 569 1308 602; x_wconf 66' lang='lat' dir='ltr'>Senot.</span> <span class='ocrx_word' id='word_1_284' title='bbox 1350 570 1438 602; x_wconf 73' lang='lat' dir='ltr'>Sane</span> <span class='ocrx_word' id='word_1_285' title='bbox 1453 570 1542 602; x_wconf 84' lang='lat' dir='ltr'>bene</span> <span class='ocrx_word' id='word_1_286' title='bbox 1567 568 1614 601; x_wconf 74' lang='lat' dir='ltr'>ad</span> <span class='ocrx_word' id='word_1_287' title='bbox 1634 571 1735 614; x_wconf 60' lang='lat' dir='ltr'>usum</span> 
     </span>
     <span class='ocr_line' id='line_1_59' title="bbox 1030 617 1735 652; baseline 0.001 -2"><span class='ocrx_word' id='word_1_288' title='bbox 1030 619 1081 650; x_wconf 87' lang='lat' dir='ltr'>sui</span> <span class='ocrx_word' id='word_1_289' title='bbox 1093 619 1198 650; x_wconf 83' lang='lat' dir='ltr'>seculi</span> <span class='ocrx_word' id='word_1_290' title='bbox 1209 618 1413 651; x_wconf 79' lang='lat' dir='ltr'>Scholiastcs</span> <span class='ocrx_word' id='word_1_291' title='bbox 1429 619 1507 652; x_wconf 85' lang='lat' dir='ltr'>iste.</span> <span class='ocrx_word' id='word_1_292' title='bbox 1527 619 1540 638; x_wconf 79' lang='lat'>⁸</span> <span class='ocrx_word' id='word_1_293' title='bbox 1551 617 1735 651; x_wconf 58' lang='lat' dir='ltr'>Gestaris⁴</span> 
     </span>
     <span class='ocr_line' id='line_1_60' title="bbox 1032 667 1735 712; baseline 0.001 -11"><span class='ocrx_word' id='word_1_294' title='bbox 1032 674 1114 701; x_wconf 82' lang='lat' dir='ltr'>sunt</span> <span class='ocrx_word' id='word_1_295' title='bbox 1128 669 1277 709; x_wconf 72' lang='lat' dir='ltr'>lecticae,</span> <span class='ocrx_word' id='word_1_296' title='bbox 1292 670 1411 712; x_wconf 80' lang='lat' dir='ltr'>quibus</span> <span class='ocrx_word' id='word_1_297' title='bbox 1420 673 1600 711; x_wconf 77' lang='lat' dir='ltr'>gestantur</span> <span class='ocrx_word' id='word_1_298' title='bbox 1614 667 1735 702; x_wconf 64' lang='lat' dir='ltr'>amisti</span> 
     </span>
     <span class='ocr_line' id='line_1_61' title="bbox 1033 715 1736 763; baseline 0 -11"><span class='ocrx_word' id='word_1_299' title='bbox 1033 720 1230 752; x_wconf 80' lang='lat' dir='ltr'>vulneribus</span> <span class='ocrx_word' id='word_1_300' title='bbox 1246 725 1307 753; x_wconf 85' lang='lat' dir='ltr'>ant</span> <span class='ocrx_word' id='word_1_301' title='bbox 1325 728 1402 752; x_wconf 81' lang='lat' dir='ltr'>casn</span> <span class='ocrx_word' id='word_1_302' title='bbox 1417 720 1542 763; x_wconf 59' lang='lat' dir='ltr'>aliquo.</span> <span class='ocrx_word' id='word_1_303' title='bbox 1585 715 1736 752; x_wconf 54' lang='lat' dir='ltr'>‘Gestffl</span> 
     </span>
     <span class='ocr_line' id='line_1_62' title="bbox 1033 767 1736 804; baseline 0.003 -2"><span class='ocrx_word' id='word_1_304' title='bbox 1033 770 1179 802; x_wconf 85' lang='lat' dir='ltr'>torium&#39;</span> <span class='ocrx_word' id='word_1_305' title='bbox 1211 771 1331 803; x_wconf 86' lang='lat' dir='ltr'>dicunt</span> <span class='ocrx_word' id='word_1_306' title='bbox 1359 771 1430 804; x_wconf 91' lang='lat' dir='ltr'>alii.</span> <span class='ocrx_word' id='word_1_307' title='bbox 1486 767 1736 804; x_wconf 64' lang='lat' dir='ltr'>Onomantcon</span> 
     </span>
     <span class='ocr_line' id='line_1_63' title="bbox 1033 820 1738 864; baseline -0.001 -9"><span class='ocrx_word' id='word_1_308' title='bbox 1033 823 1166 855; x_wconf 87' lang='lat' dir='ltr'>Vetus:</span> <span class='ocrx_word' id='word_1_309' title='bbox 1190 822 1583 864; x_wconf 57' lang='lat' dir='ltr'>Gestatoritum,4ope&#39;c&#39;ov.</span> <span class='ocrx_word' id='word_1_310' title='bbox 1611 820 1738 855; x_wconf 60' lang='lat' dir='ltr'>Athen</span> 
     </span>
     <span class='ocr_line' id='line_1_64' title="bbox 1034 871 1740 914; baseline 0.001 -10"><span class='ocrx_word' id='word_1_311' title='bbox 1034 877 1089 905; x_wconf 86' lang='lat' dir='ltr'>tns</span> <span class='ocrx_word' id='word_1_312' title='bbox 1107 871 1275 914; x_wconf 83' lang='lat' dir='ltr'>Aquensis</span> <span class='ocrx_word' id='word_1_313' title='bbox 1292 872 1424 904; x_wconf 78' lang='lat' dir='ltr'>Histor&#39;.</span> <span class='ocrx_word' id='word_1_314' title='bbox 1445 871 1624 904; x_wconf 74' lang='lat' dir='ltr'>Patoestlu.</span> <span class='ocrx_word' id='word_1_315' title='bbox 1638 871 1740 905; x_wconf 48' lang='lat' dir='ltr'>lem·</span> 
     </span>
     <span class='ocr_line' id='line_1_65' title="bbox 1036 921 1739 963; baseline -0.004 -7"><span class='ocrx_word' id='word_1_316' title='bbox 1036 933 1066 956; x_wconf 87' lang='lat' dir='ltr'>c.</span> <span class='ocrx_word' id='word_1_317' title='bbox 1080 926 1113 955; x_wconf 80' lang='lat'>4.</span> <span class='ocrx_word' id='word_1_318' title='bbox 1137 927 1146 941; x_wconf 83' lang='lat'><em>‘</em></span> <span class='ocrx_word' id='word_1_319' title='bbox 1158 924 1269 956; x_wconf 85' lang='lat' dir='ltr'>Quem</span> <span class='ocrx_word' id='word_1_320' title='bbox 1285 921 1466 963; x_wconf 81' lang='lat' dir='ltr'>Principes</span> <span class='ocrx_word' id='word_1_321' title='bbox 1478 921 1652 953; x_wconf 70' lang='lat' dir='ltr'>exereitus</span> <span class='ocrx_word' id='word_1_322' title='bbox 1663 924 1739 962; x_wconf 61' lang='lat' dir='ltr'>ges*</span> 
     </span>
     <span class='ocr_line' id='line_1_66' title="bbox 1036 970 1739 1015; baseline -0.004 -8"><span class='ocrx_word' id='word_1_323' title='bbox 1036 974 1162 1007; x_wconf 71' lang='lat' dir='ltr'>tator-io</span> <span class='ocrx_word' id='word_1_324' title='bbox 1185 973 1398 1015; x_wconf 82' lang='lat' dir='ltr'>imponentes</span> <span class='ocrx_word' id='word_1_325' title='bbox 1412 972 1455 1004; x_wconf 83' lang='lat' dir='ltr'>ad</span> <span class='ocrx_word' id='word_1_326' title='bbox 1467 976 1581 1005; x_wconf 79' lang='lat' dir='ltr'>eastra</span> <span class='ocrx_word' id='word_1_327' title='bbox 1595 972 1674 1004; x_wconf 69' lang='lat' dir='ltr'>eam</span> <span class='ocrx_word' id='word_1_328' title='bbox 1687 970 1739 1004; x_wconf 68' lang='lat' dir='ltr'>tnt-</span> 
     </span>
     <span class='ocr_line' id='line_1_67' title="bbox 1039 1021 1739 1066; baseline 0 -10"><span class='ocrx_word' id='word_1_329' title='bbox 1039 1025 1133 1066; x_wconf 83' lang='lat' dir='ltr'>genti</span> <span class='ocrx_word' id='word_1_330' title='bbox 1147 1025 1243 1056; x_wconf 86' lang='lat' dir='ltr'>luctu</span> <span class='ocrx_word' id='word_1_331' title='bbox 1259 1021 1480 1056; x_wconf 64' lang='lat' dir='ltr'>detulerunt)</span> <span class='ocrx_word' id='word_1_332' title='bbox 1505 1023 1621 1056; x_wconf 54' lang='lat' dir='ltr'>Barth}</span> <span class='ocrx_word' id='word_1_333' title='bbox 1647 1022 1651 1027; x_wconf 88' lang='lat'>&#39;</span> <span class='ocrx_word' id='word_1_334' title='bbox 1736 1033 1739 1041; x_wconf 73' lang='grc'>’</span> 
     </span>
    </p>

    <p class='ocr_par' dir='ltr' id='par_1_12' title="bbox 1040 1071 1742 1266">
     <span class='ocr_line' id='line_1_68' title="bbox 1080 1071 1741 1113; baseline -0.002 -8"><span class='ocrx_word' id='word_1_335' title='bbox 1080 1076 1144 1105; x_wconf 82' lang='grc'><strong>513</strong></span> <span class='ocrx_word' id='word_1_336' title='bbox 1170 1073 1250 1109; x_wconf 76' lang='lat' dir='ltr'>Quis</span> <span class='ocrx_word' id='word_1_337' title='bbox 1263 1072 1372 1104; x_wconf 75' lang='lat' dir='ltr'>mortis</span> <span class='ocrx_word' id='word_1_338' title='bbox 1386 1071 1529 1104; x_wconf 70' lang='lat' dir='ltr'>Mane</span> <span class='ocrx_word' id='word_1_339' title='bbox 1539 1071 1638 1113; x_wconf 69' lang='lat' dir='ltr'>lom]</span> <span class='ocrx_word' id='word_1_340' title='bbox 1651 1072 1741 1104; x_wconf 63' lang='lat' dir='ltr'>Vera·</span> 
     </span>
     <span class='ocr_line' id='line_1_69' title="bbox 1040 1123 1742 1166; baseline -0.001 -10"><span class='ocrx_word' id='word_1_341' title='bbox 1040 1124 1084 1156; x_wconf 85' lang='lat' dir='ltr'>ba</span> <span class='ocrx_word' id='word_1_342' title='bbox 1099 1123 1220 1156; x_wconf 74' lang='lat' dir='ltr'>Poe‘tae</span> <span class='ocrx_word' id='word_1_343' title='bbox 1244 1131 1320 1155; x_wconf 86' lang='lat' dir='ltr'>cum</span> <span class='ocrx_word' id='word_1_344' title='bbox 1347 1123 1620 1156; x_wconf 74' lang='lat' dir='ltr'>exclamatione:</span> <span class='ocrx_word' id='word_1_345' title='bbox 1642 1123 1742 1166; x_wconf 72' lang='lat' dir='ltr'>quasi</span> 
     </span>
     <span class='ocr_line' id='line_1_70' title="bbox 1040 1170 1742 1214; baseline -0.003 -8"><span class='ocrx_word' id='word_1_346' title='bbox 1040 1173 1257 1211; x_wconf 69' lang='lat' dir='ltr'>crudelitate,</span> <span class='ocrx_word' id='word_1_347' title='bbox 1283 1172 1430 1205; x_wconf 62' lang='lat' dir='ltr'>fortunas</span> <span class='ocrx_word' id='word_1_348' title='bbox 1472 1171 1662 1214; x_wconf 76' lang='lat' dir='ltr'>Polynices</span> <span class='ocrx_word' id='word_1_349' title='bbox 1696 1170 1742 1204; x_wconf 64' lang='lat' dir='ltr'>ad</span> 
     </span>
     <span class='ocr_line' id='line_1_71' title="bbox 1040 1221 1655 1266; baseline -0.003 -10"><span class='ocrx_word' id='word_1_350' title='bbox 1040 1223 1261 1266; x_wconf 85' lang='lat' dir='ltr'>parricidium</span> <span class='ocrx_word' id='word_1_351' title='bbox 1277 1226 1483 1254; x_wconf 78' lang='lat' dir='ltr'>servaretur.</span> <span class='ocrx_word' id='word_1_352' title='bbox 1506 1221 1655 1256; x_wconf 74' lang='lat' dir='ltr'>Luceant.</span> 
     </span>
    </p>

    <p class='ocr_par' dir='ltr' id='par_1_13' title="bbox 1040 1270 1742 1356">
     <span class='ocr_line' id='line_1_72' title="bbox 1082 1270 1742 1316; baseline -0.003 -10"><span class='ocrx_word' id='word_1_353' title='bbox 1082 1277 1146 1306; x_wconf 80' lang='lat'>528</span> <span class='ocrx_word' id='word_1_354' title='bbox 1169 1273 1287 1306; x_wconf 82' lang='lat' dir='ltr'>Arione</span> <span class='ocrx_word' id='word_1_355' title='bbox 1306 1273 1440 1316; x_wconf 78' lang='lat' dir='ltr'>oygmu]</span> <span class='ocrx_word' id='word_1_356' title='bbox 1460 1272 1576 1314; x_wconf 81' lang='lat' dir='ltr'>Equus</span> <span class='ocrx_word' id='word_1_357' title='bbox 1598 1270 1742 1315; x_wconf 68' lang='lat' dir='ltr'>Amphi-&#39;³</span> 
     </span>
     <span class='ocr_line' id='line_1_73' title="bbox 1040 1324 1245 1356; baseline -0.005 0"><span class='ocrx_word' id='word_1_358' title='bbox 1040 1325 1122 1356; x_wconf 83' lang='lat' dir='ltr'>arai.</span> <span class='ocrx_word' id='word_1_359' title='bbox 1145 1324 1245 1356; x_wconf 84' lang='lat' dir='ltr'>Idem.</span> 
     </span>
    </p>

    <p class='ocr_par' dir='ltr' id='par_1_14' title="bbox 1043 1371 1743 1456">
     <span class='ocr_line' id='line_1_74' title="bbox 1083 1371 1743 1414; baseline -0.003 -7"><span class='ocrx_word' id='word_1_360' title='bbox 1083 1377 1149 1407; x_wconf 84' lang='grc'><strong>529</strong></span> <span class='ocrx_word' id='word_1_361' title='bbox 1171 1374 1261 1406; x_wconf 79' lang='lat' dir='ltr'>Hinc</span> <span class='ocrx_word' id='word_1_362' title='bbox 1280 1372 1460 1413; x_wconf 70' lang='lat' dir='ltr'>vicejusea]</span> <span class='ocrx_word' id='word_1_363' title='bbox 1482 1371 1662 1407; x_wconf 72' lang='lat' dir='ltr'>Quomodo</span> <span class='ocrx_word' id='word_1_364' title='bbox 1670 1372 1743 1414; x_wconf 63' lang='lat' dir='ltr'>jn·</span> 
     </span>
     <span class='ocr_line' id='line_1_75' title="bbox 1043 1423 1581 1456; baseline 0 0"><span class='ocrx_word' id='word_1_365' title='bbox 1043 1434 1099 1456; x_wconf 84' lang='lat' dir='ltr'>sus</span> <span class='ocrx_word' id='word_1_366' title='bbox 1110 1424 1193 1456; x_wconf 88' lang='lat' dir='ltr'>ordo</span> <span class='ocrx_word' id='word_1_367' title='bbox 1208 1424 1377 1456; x_wconf 67' lang='lat' dir='ltr'>dictabat.</span> <span class='ocrx_word' id='word_1_368' title='bbox 1388 1423 1486 1456; x_wconf 77' lang='lat' dir='ltr'>Idem.</span> <span class='ocrx_word' id='word_1_369' title='bbox 1574 1442 1581 1447; x_wconf 80' lang='lat'><strong>·</strong></span> 
     </span>
    </p>

    <p class='ocr_par' dir='ltr' id='par_1_15' title="bbox 1043 1473 1748 1916">
     <span class='ocr_line' id='line_1_76' title="bbox 1086 1473 1748 1514; baseline -0.003 -7"><span class='ocrx_word' id='word_1_370' title='bbox 1086 1478 1150 1507; x_wconf 78' lang='grc'><strong>534</strong></span> <span class='ocrx_word' id='word_1_371' title='bbox 1173 1475 1236 1507; x_wconf 78' lang='lat' dir='ltr'>Seu</span> <span class='ocrx_word' id='word_1_372' title='bbox 1251 1475 1360 1506; x_wconf 82' lang='lat' dir='ltr'>Marte</span> <span class='ocrx_word' id='word_1_373' title='bbox 1374 1473 1504 1514; x_wconf 76' lang='lat' dir='ltr'>solebat]</span> <span class='ocrx_word' id='word_1_374' title='bbox 1525 1473 1640 1506; x_wconf 85' lang='lat' dir='ltr'>Multa</span> <span class='ocrx_word' id='word_1_375' title='bbox 1653 1473 1748 1510; x_wconf 65' lang='lat' dir='ltr'>eninr</span> 
     </span>
     <span class='ocr_line' id='line_1_77' title="bbox 1043 1521 1746 1566; baseline -0.004 -8"><span class='ocrx_word' id='word_1_376' title='bbox 1043 1526 1136 1558; x_wconf 86' lang='lat' dir='ltr'>bella</span> <span class='ocrx_word' id='word_1_377' title='bbox 1149 1525 1319 1557; x_wconf 87' lang='lat' dir='ltr'>Hercules</span> <span class='ocrx_word' id='word_1_378' title='bbox 1336 1533 1398 1566; x_wconf 90' lang='lat' dir='ltr'>per</span> <span class='ocrx_word' id='word_1_379' title='bbox 1411 1521 1602 1556; x_wconf 80' lang='lat' dir='ltr'>exercitum</span> <span class='ocrx_word' id='word_1_380' title='bbox 1618 1523 1723 1565; x_wconf 73' lang='lat' dir='ltr'>gessit</span> <span class='ocrx_word' id='word_1_381' title='bbox 1736 1534 1746 1555; x_wconf 70' lang='grc' dir='ltr'><em>ε</em></span> 
     </span>
     <span class='ocr_line' id='line_1_78' title="bbox 1045 1572 1747 1616; baseline -0.001 -8"><span class='ocrx_word' id='word_1_382' title='bbox 1045 1580 1084 1608; x_wconf 87' lang='lat' dir='ltr'>ut</span> <span class='ocrx_word' id='word_1_383' title='bbox 1106 1579 1226 1608; x_wconf 87' lang='lat' dir='ltr'>contra</span> <span class='ocrx_word' id='word_1_384' title='bbox 1241 1575 1482 1616; x_wconf 80' lang='lat' dir='ltr'>Eurystheum,</span> <span class='ocrx_word' id='word_1_385' title='bbox 1497 1578 1622 1606; x_wconf 53' lang='lat' dir='ltr'>contra*</span> <span class='ocrx_word' id='word_1_386' title='bbox 1639 1572 1747 1607; x_wconf 54' lang='lat' dir='ltr'>Enim</span> 
     </span>
     <span class='ocr_line' id='line_1_79' title="bbox 1044 1623 1746 1666; baseline 0 -10"><span class='ocrx_word' id='word_1_387' title='bbox 1044 1626 1138 1666; x_wconf 88' lang='lat' dir='ltr'>liam,</span> <span class='ocrx_word' id='word_1_388' title='bbox 1160 1630 1282 1657; x_wconf 89' lang='lat' dir='ltr'>contra</span> <span class='ocrx_word' id='word_1_389' title='bbox 1305 1624 1454 1665; x_wconf 85' lang='lat' dir='ltr'>Trojam.</span> <span class='ocrx_word' id='word_1_390' title='bbox 1498 1624 1601 1657; x_wconf 87' lang='lat' dir='ltr'>Unde</span> <span class='ocrx_word' id='word_1_391' title='bbox 1623 1623 1746 1666; x_wconf 67' lang='lat' dir='ltr'>virgil.</span> 
     </span>
     <span class='ocr_line' id='line_1_80' title="bbox 1045 1674 1746 1717; baseline 0 -10"><span class='ocrx_word' id='word_1_392' title='bbox 1045 1676 1271 1717; x_wconf 84' lang='lat' dir='ltr'>‘Trojamque</span> <span class='ocrx_word' id='word_1_393' title='bbox 1287 1674 1555 1717; x_wconf 60' lang='lat' dir='ltr'>Echaiiamqne!</span> <span class='ocrx_word' id='word_1_394' title='bbox 1583 1674 1661 1708; x_wconf 74' lang='lat' dir='ltr'>Nee</span> <span class='ocrx_word' id='word_1_395' title='bbox 1676 1684 1746 1707; x_wconf 81' lang='lat' dir='ltr'>non</span> 
     </span>
     <span class='ocr_line' id='line_1_81' title="bbox 1046 1723 1747 1767; baseline 0 -10"><span class='ocrx_word' id='word_1_396' title='bbox 1046 1725 1149 1757; x_wconf 81' lang='lat' dir='ltr'>etism</span> <span class='ocrx_word' id='word_1_397' title='bbox 1177 1725 1210 1756; x_wconf 88' lang='lat' dir='ltr'>in</span> <span class='ocrx_word' id='word_1_398' title='bbox 1241 1723 1374 1764; x_wconf 81' lang='lat' dir='ltr'>Africa,</span> <span class='ocrx_word' id='word_1_399' title='bbox 1401 1729 1491 1756; x_wconf 79' lang='lat' dir='ltr'>teste</span> <span class='ocrx_word' id='word_1_400' title='bbox 1519 1725 1661 1757; x_wconf 74' lang='lat' dir='ltr'>Sallust.</span> <span class='ocrx_word' id='word_1_401' title='bbox 1687 1725 1747 1767; x_wconf 77' lang='lat' dir='ltr'>qul</span> 
     </span>
     <span class='ocr_line' id='line_1_82' title="bbox 1047 1773 1748 1816; baseline 0 -9"><span class='ocrx_word' id='word_1_402' title='bbox 1047 1776 1096 1807; x_wconf 82' lang='lat' dir='ltr'>ait</span> <span class='ocrx_word' id='word_1_403' title='bbox 1113 1786 1121 1807; x_wconf 90' lang='lat'><strong>:</strong></span> <span class='ocrx_word' id='word_1_404' title='bbox 1145 1775 1356 1816; x_wconf 88' lang='lat' dir='ltr'>‘Postquam</span> <span class='ocrx_word' id='word_1_405' title='bbox 1371 1774 1540 1806; x_wconf 86' lang='lat' dir='ltr'>Hercules</span> <span class='ocrx_word' id='word_1_406' title='bbox 1555 1774 1591 1806; x_wconf 86' lang='lat' dir='ltr'>in</span> <span class='ocrx_word' id='word_1_407' title='bbox 1616 1773 1748 1815; x_wconf 67' lang='lat' dir='ltr'>Amen,</span> 
     </span>
     <span class='ocr_line' id='line_1_83' title="bbox 1047 1824 1748 1866; baseline -0.001 -9"><span class='ocrx_word' id='word_1_408' title='bbox 1047 1825 1134 1857; x_wconf 86' lang='lat' dir='ltr'>sicut</span> <span class='ocrx_word' id='word_1_409' title='bbox 1157 1829 1291 1866; x_wconf 83' lang='lat' dir='ltr'>putant,</span> <span class='ocrx_word' id='word_1_410' title='bbox 1306 1825 1452 1865; x_wconf 85' lang='lat' dir='ltr'>interiit,</span> <span class='ocrx_word' id='word_1_411' title='bbox 1476 1825 1651 1858; x_wconf 76' lang='lat' dir='ltr'>exercilus</span> <span class='ocrx_word' id='word_1_412' title='bbox 1672 1824 1748 1866; x_wconf 67' lang='lat' dir='ltr'>ejus</span> 
     </span>
     <span class='ocr_line' id='line_1_84' title="bbox 1048 1872 1746 1916; baseline 0 -8"><span class='ocrx_word' id='word_1_413' title='bbox 1048 1876 1150 1908; x_wconf 82' lang='lat' dir='ltr'>variis</span> <span class='ocrx_word' id='word_1_414' title='bbox 1163 1875 1323 1916; x_wconf 82' lang='lat' dir='ltr'>gentibus</span> <span class='ocrx_word' id='word_1_415' title='bbox 1339 1874 1529 1916; x_wconf 85' lang='lat' dir='ltr'>permixtus</span> <span class='ocrx_word' id='word_1_416' title='bbox 1545 1875 1624 1908; x_wconf 63' lang='lat' dir='ltr'>est!</span> <span class='ocrx_word' id='word_1_417' title='bbox 1645 1872 1746 1908; x_wconf 71' lang='lat' dir='ltr'>Idem.</span> 
     </span>
    </p>

    <p class='ocr_par' dir='ltr' id='par_1_16' title="bbox 1047 1925 1755 2520">
     <span class='ocr_line' id='line_1_85' title="bbox 1089 1925 1748 1966; baseline 0.002 -10"><span class='ocrx_word' id='word_1_418' title='bbox 1089 1928 1154 1957; x_wconf 81' lang='grc'><strong>536</strong></span> <span class='ocrx_word' id='word_1_419' title='bbox 1178 1925 1343 1966; x_wconf 77' lang='lat' dir='ltr'>Terribile]</span> <span class='ocrx_word' id='word_1_420' title='bbox 1368 1925 1563 1958; x_wconf 83' lang='lat' dir='ltr'>Declinatio</span> <span class='ocrx_word' id='word_1_421' title='bbox 1577 1929 1748 1958; x_wconf 59' lang='lat' dir='ltr'>econtra-</span> 
     </span>
     <span class='ocr_line' id='line_1_86' title="bbox 1047 1975 1748 2018; baseline 0.001 -11"><span class='ocrx_word' id='word_1_422' title='bbox 1047 1976 1113 2016; x_wconf 87' lang='lat' dir='ltr'>rio,</span> <span class='ocrx_word' id='word_1_423' title='bbox 1138 1979 1282 2016; x_wconf 86' lang='lat' dir='ltr'>propter</span> <span class='ocrx_word' id='word_1_424' title='bbox 1309 1975 1497 2016; x_wconf 76' lang='lat' dir='ltr'>emphasin,</span> <span class='ocrx_word' id='word_1_425' title='bbox 1523 1976 1604 2018; x_wconf 85' lang='lat' dir='ltr'>quia</span> <span class='ocrx_word' id='word_1_426' title='bbox 1628 1984 1748 2008; x_wconf 79' lang='lat' dir='ltr'>aurum</span> 
     </span>
     <span class='ocr_line' id='line_1_87' title="bbox 1047 2025 1748 2068; baseline 0.003 -12"><span class='ocrx_word' id='word_1_427' title='bbox 1047 2025 1252 2057; x_wconf 76' lang='lat' dir='ltr'>naturaliter</span> <span class='ocrx_word' id='word_1_428' title='bbox 1275 2025 1451 2058; x_wconf 75' lang='lat' dir='ltr'>delectare</span> <span class='ocrx_word' id='word_1_429' title='bbox 1477 2027 1577 2067; x_wconf 83' lang='lat' dir='ltr'>solet,</span> <span class='ocrx_word' id='word_1_430' title='bbox 1605 2031 1646 2059; x_wconf 85' lang='lat' dir='ltr'>nt</span> <span class='ocrx_word' id='word_1_431' title='bbox 1673 2026 1748 2068; x_wconf 80' lang='lat' dir='ltr'>ipse</span> 
     </span>
     <span class='ocr_line' id='line_1_88' title="bbox 1049 2075 1751 2117; baseline 0 -9"><span class='ocrx_word' id='word_1_432' title='bbox 1049 2076 1160 2108; x_wconf 85' lang='lat' dir='ltr'>alibi:</span> <span class='ocrx_word' id='word_1_433' title='bbox 1198 2077 1207 2094; x_wconf 82' lang='lat'>⁸</span> <span class='ocrx_word' id='word_1_434' title='bbox 1227 2084 1386 2117; x_wconf 84' lang='lat' dir='ltr'>armaque</span> <span class='ocrx_word' id='word_1_435' title='bbox 1413 2076 1448 2107; x_wconf 86' lang='lat' dir='ltr'>in</span> <span class='ocrx_word' id='word_1_436' title='bbox 1493 2084 1576 2108; x_wconf 84' lang='lat' dir='ltr'>auro</span> <span class='ocrx_word' id='word_1_437' title='bbox 1611 2075 1751 2109; x_wconf 63' lang='lat' dir='ltr'>tristia:</span> 
     </span>
     <span class='ocr_line' id='line_1_89' title="bbox 1049 2125 1751 2166; baseline 0 -8"><span class='ocrx_word' id='word_1_438' title='bbox 1049 2126 1147 2158; x_wconf 89' lang='lat' dir='ltr'>Idem.</span> <span class='ocrx_word' id='word_1_439' title='bbox 1194 2125 1371 2166; x_wconf 77' lang='lat' dir='ltr'>Notantur]</span> <span class='ocrx_word' id='word_1_440' title='bbox 1412 2125 1562 2158; x_wconf 79' lang='lat' dir='ltr'>Omnino</span> <span class='ocrx_word' id='word_1_441' title='bbox 1599 2126 1751 2158; x_wconf 78' lang='lat' dir='ltr'>seriben-</span> 
     </span>
     <span class='ocr_line' id='line_1_90' title="bbox 1048 2177 1749 2218; baseline 0 -9"><span class='ocrx_word' id='word_1_442' title='bbox 1048 2178 1126 2209; x_wconf 88' lang='lat' dir='ltr'>dum</span> <span class='ocrx_word' id='word_1_443' title='bbox 1142 2180 1299 2208; x_wconf 75' lang='lat' dir='ltr'>rotantur.</span> <span class='ocrx_word' id='word_1_444' title='bbox 1341 2177 1391 2209; x_wconf 84' lang='lat' dir='ltr'>Ut</span> <span class='ocrx_word' id='word_1_445' title='bbox 1405 2177 1505 2209; x_wconf 83' lang='lat' dir='ltr'>estin</span> <span class='ocrx_word' id='word_1_446' title='bbox 1521 2177 1652 2218; x_wconf 78' lang='lat' dir='ltr'>optimo</span> <span class='ocrx_word' id='word_1_447' title='bbox 1672 2185 1749 2209; x_wconf 80' lang='lat' dir='ltr'>nos-</span> 
     </span>
     <span class='ocr_line' id='line_1_91' title="bbox 1048 2227 1755 2264; baseline -0.001 -4"><span class='ocrx_word' id='word_1_448' title='bbox 1048 2232 1114 2264; x_wconf 84' lang='lat' dir='ltr'>tro.</span> <span class='ocrx_word' id='word_1_449' title='bbox 1129 2232 1165 2259; x_wconf 88' lang='lat' dir='ltr'>et</span> <span class='ocrx_word' id='word_1_450' title='bbox 1188 2227 1391 2259; x_wconf 89' lang='lat' dir='ltr'>nonnemine</span> <span class='ocrx_word' id='word_1_451' title='bbox 1413 2227 1551 2259; x_wconf 81' lang='lat' dir='ltr'>aliorum</span> <span class='ocrx_word' id='word_1_452' title='bbox 1575 2227 1755 2259; x_wconf 68' lang='lat' dir='ltr'>librorum:</span> 
     </span>
     <span class='ocr_line' id='line_1_92' title="bbox 1049 2275 1752 2318; baseline -0.001 -9"><span class='ocrx_word' id='word_1_453' title='bbox 1049 2277 1164 2318; x_wconf 90' lang='lat' dir='ltr'>Ipsam</span> <span class='ocrx_word' id='word_1_454' title='bbox 1193 2277 1282 2308; x_wconf 87' lang='lat' dir='ltr'>enim</span> <span class='ocrx_word' id='word_1_455' title='bbox 1313 2277 1518 2308; x_wconf 84' lang='lat' dir='ltr'>rotationem</span> <span class='ocrx_word' id='word_1_456' title='bbox 1549 2275 1752 2318; x_wconf 71' lang='lat' dir='ltr'>praefigura-</span> 
     </span>
     <span class='ocr_line' id='line_1_93' title="bbox 1050 2325 1750 2368; baseline -0.001 -9"><span class='ocrx_word' id='word_1_457' title='bbox 1050 2332 1118 2360; x_wconf 90' lang='lat' dir='ltr'>tam</span> <span class='ocrx_word' id='word_1_458' title='bbox 1134 2326 1231 2359; x_wconf 87' lang='lat' dir='ltr'>dicit.</span> <span class='ocrx_word' id='word_1_459' title='bbox 1276 2325 1437 2358; x_wconf 83' lang='lat' dir='ltr'>Imitatur</span> <span class='ocrx_word' id='word_1_460' title='bbox 1445 2325 1564 2358; x_wconf 78' lang='lat' dir='ltr'>sidon.</span> <span class='ocrx_word' id='word_1_461' title='bbox 1578 2326 1750 2368; x_wconf 74' lang='lat' dir='ltr'>panegyr.</span> 
     </span>
     <span class='ocr_line' id='line_1_94' title="bbox 1049 2376 1752 2418; baseline -0.001 -9"><span class='ocrx_word' id='word_1_462' title='bbox 1049 2377 1231 2418; x_wconf 77' lang='lat' dir='ltr'>Majorian.</span> <span class='ocrx_word' id='word_1_463' title='bbox 1262 2378 1272 2396; x_wconf 86' lang='lat'>‘</span> <span class='ocrx_word' id='word_1_464' title='bbox 1290 2376 1398 2417; x_wconf 84' lang='lat' dir='ltr'>prima</span> <span class='ocrx_word' id='word_1_465' title='bbox 1425 2381 1586 2408; x_wconf 84' lang='lat' dir='ltr'>cruentos</span> <span class='ocrx_word' id='word_1_466' title='bbox 1621 2377 1752 2408; x_wconf 81' lang='lat' dir='ltr'>Consa-</span> 
     </span>
     <span class='ocr_line' id='line_1_95' title="bbox 1050 2426 1752 2469; baseline 0.001 -10"><span class='ocrx_word' id='word_1_467' title='bbox 1050 2432 1146 2459; x_wconf 88' lang='lat' dir='ltr'>munt</span> <span class='ocrx_word' id='word_1_468' title='bbox 1163 2428 1206 2460; x_wconf 88' lang='lat' dir='ltr'>ad</span> <span class='ocrx_word' id='word_1_469' title='bbox 1224 2427 1312 2459; x_wconf 82' lang='lat' dir='ltr'>bella</span> <span class='ocrx_word' id='word_1_470' title='bbox 1336 2427 1442 2467; x_wconf 86' lang='lat' dir='ltr'>cibos,</span> <span class='ocrx_word' id='word_1_471' title='bbox 1467 2426 1675 2469; x_wconf 80' lang='lat' dir='ltr'>Bacchoque</span> <span class='ocrx_word' id='word_1_472' title='bbox 1697 2435 1752 2460; x_wconf 91' lang='lat' dir='ltr'>ro-</span> 
     </span>
     <span class='ocr_line' id='line_1_96' title="bbox 1052 2478 1650 2520; baseline 0.002 -10"><span class='ocrx_word' id='word_1_473' title='bbox 1052 2483 1124 2511; x_wconf 87' lang='lat' dir='ltr'>tato</span> <span class='ocrx_word' id='word_1_474' title='bbox 1134 2479 1263 2511; x_wconf 87' lang='lat' dir='ltr'>Pocula</span> <span class='ocrx_word' id='word_1_475' title='bbox 1277 2479 1345 2511; x_wconf 83' lang='lat' dir='ltr'>tela</span> <span class='ocrx_word' id='word_1_476' title='bbox 1360 2478 1512 2520; x_wconf 62' lang='lat' dir='ltr'>putant!</span> <span class='ocrx_word' id='word_1_477' title='bbox 1533 2479 1650 2512; x_wconf 78' lang='lat' dir='ltr'>Barth.</span> 
     </span>
    </p>

    <p class='ocr_par' dir='ltr' id='par_1_17' title="bbox 1051 2528 1756 2812">
     <span class='ocr_line' id='line_1_97' title="bbox 1093 2528 1752 2570; baseline 0.005 -11"><span class='ocrx_word' id='word_1_478' title='bbox 1093 2531 1157 2560; x_wconf 80' lang='grc'><strong>537</strong></span> <span class='ocrx_word' id='word_1_479' title='bbox 1181 2528 1282 2568; x_wconf 80' lang='lat' dir='ltr'>Saxa,</span> <span class='ocrx_word' id='word_1_480' title='bbox 1297 2528 1405 2570; x_wconf 78' lang='lat' dir='ltr'>foces]</span> <span class='ocrx_word' id='word_1_481' title='bbox 1426 2529 1548 2570; x_wconf 78' lang='lat' dir='ltr'>Pugna</span> <span class='ocrx_word' id='word_1_482' title='bbox 1563 2530 1752 2562; x_wconf 63' lang='lat' dir='ltr'>Centauro*</span> 
     </span>
     <span class='ocr_line' id='line_1_98' title="bbox 1053 2578 1752 2620; baseline 0.004 -11"><span class='ocrx_word' id='word_1_483' title='bbox 1053 2588 1126 2610; x_wconf 86' lang='lat' dir='ltr'>rum</span> <span class='ocrx_word' id='word_1_484' title='bbox 1140 2583 1176 2609; x_wconf 91' lang='lat' dir='ltr'>et</span> <span class='ocrx_word' id='word_1_485' title='bbox 1199 2578 1420 2619; x_wconf 84' lang='lat' dir='ltr'>Lapitharum</span> <span class='ocrx_word' id='word_1_486' title='bbox 1443 2578 1476 2610; x_wconf 88' lang='lat' dir='ltr'>in</span> <span class='ocrx_word' id='word_1_487' title='bbox 1501 2583 1637 2611; x_wconf 83' lang='lat' dir='ltr'>cratere</span> <span class='ocrx_word' id='word_1_488' title='bbox 1658 2579 1752 2620; x_wconf 78' lang='lat' dir='ltr'>pieta</span> 
     </span>
     <span class='ocr_line' id='line_1_99' title="bbox 1053 2627 1755 2669; baseline 0.003 -10"><span class='ocrx_word' id='word_1_489' title='bbox 1053 2632 1140 2665; x_wconf 86' lang='lat' dir='ltr'>erat,</span> <span class='ocrx_word' id='word_1_490' title='bbox 1165 2627 1224 2669; x_wconf 88' lang='lat' dir='ltr'>qui</span> <span class='ocrx_word' id='word_1_491' title='bbox 1242 2627 1277 2659; x_wconf 91' lang='lat' dir='ltr'>in</span> <span class='ocrx_word' id='word_1_492' title='bbox 1298 2627 1455 2659; x_wconf 82' lang='lat' dir='ltr'>convivio</span> <span class='ocrx_word' id='word_1_493' title='bbox 1477 2627 1612 2660; x_wconf 80' lang='lat' dir='ltr'>efferati</span> <span class='ocrx_word' id='word_1_494' title='bbox 1636 2628 1755 2661; x_wconf 67' lang='lat' dir='ltr'>furore</span> 
     </span>
     <span class='ocr_line' id='line_1_100' title="bbox 1052 2677 1755 2719; baseline 0.003 -9"><span class='ocrx_word' id='word_1_495' title='bbox 1052 2687 1116 2710; x_wconf 90' lang='lat' dir='ltr'>nec</span> <span class='ocrx_word' id='word_1_496' title='bbox 1132 2677 1262 2718; x_wconf 83' lang='lat' dir='ltr'>poculis</span> <span class='ocrx_word' id='word_1_497' title='bbox 1278 2682 1519 2719; x_wconf 86' lang='lat' dir='ltr'>pepercerunt.</span> <span class='ocrx_word' id='word_1_498' title='bbox 1564 2678 1664 2710; x_wconf 81' lang='lat' dir='ltr'>Unde</span> <span class='ocrx_word' id='word_1_499' title='bbox 1675 2678 1755 2712; x_wconf 74' lang='lat' dir='ltr'>Vir·-</span> 
     </span>
     <span class='ocr_line' id='line_1_101' title="bbox 1051 2720 1756 2773; baseline 0.006 -14"><span class='ocrx_word' id='word_1_500' title='bbox 1051 2728 1109 2769; x_wconf 85' lang='lat' dir='ltr'>gil.</span> <span class='ocrx_word' id='word_1_501' title='bbox 1151 2727 1225 2759; x_wconf 90' lang='lat' dir='ltr'>‘Et</span> <span class='ocrx_word' id='word_1_502' title='bbox 1253 2736 1374 2768; x_wconf 84' lang='lat' dir='ltr'>magno</span> <span class='ocrx_word' id='word_1_503' title='bbox 1409 2728 1570 2769; x_wconf 60' lang='lat' dir='ltr'>Hylaeum</span> <span class='ocrx_word' id='word_1_504' title='bbox 1601 2720 1756 2773; x_wconf 68' lang='lat' dir='ltr'>Lapithis</span> 
     </span>
     <span class='ocr_line' id='line_1_102' title="bbox 1052 2777 1751 2812; baseline 0.003 -2"><span class='ocrx_word' id='word_1_505' title='bbox 1052 2781 1187 2810; x_wconf 82' lang='lat' dir='ltr'>cratere</span> <span class='ocrx_word' id='word_1_506' title='bbox 1202 2777 1413 2811; x_wconf 62' lang='lat' dir='ltr'>minantem!</span> <span class='ocrx_word' id='word_1_507' title='bbox 1433 2778 1582 2812; x_wconf 72' lang='lat' dir='ltr'>Laetam.</span> <span class='ocrx_word' id='word_1_508' title='bbox 1750 2795 1751 2798; x_wconf 40' lang='lat'>¹</span> 
     </span>
    </p>
   </div>
  </div>
 </body>
</html>
