1878 3164
279 187 396 230 1924

281 294 291 312 ‘
309 293 386 325 Duo
401 290 543 334 quisque
556 288 680 333 Alpina
694 294 875 323 coruscant
887 290 981 324 Gesa

281 341 405 377 manu?
425 341 526 374 Idem.

326 395 392 426 34⁰
437 391 583 434 Cephise]
638 391 807 433 Cephisus
850 390 984 432 fluvius,

283 443 436 485 Narcissi
464 446 576 484 pater,
602 452 679 475 cuin
705 443 802 475 coede
833 441 982 483 Zephyri

283 497 476 536 prostratus
499 496 603 532 esset,
625 490 983 534 Apollinis'miserati-

285 554 350 587 one
366 548 502 576 sanatus
517 547 582 575 est.
628 542 706 585 Hoc
720 551 802 584 ergo
819 541 922 573 dicit:
949 540 984 572 iu

285 594 447 634 auxilium
471 598 507 625 tu
533 603 668 636 quoque
692 593 798 624 filium
818 591 985 624 destinas-

284 655 351 686 ses,
366 645 431 677 nisi
442 645 514 686 jam
532 644 676 685 palleret
689 643 723 675 in
746 642 841 675 flore.
883 643 984 674 Thes·

286 697 364 738 pius
378 695 467 728 enim
482 693 547 726 fuit
569 694 752 726 Narcissus
768 693 906 735 Cephisi
922 690 984 723 ssu-

286 746 353 785 vii:
378 745 478 787 cujus
494 744 595 776 etiam
616 744 745 776 Lucan.
767 740 986 775 meminitvdi-

287 796 410 837 cendo,
424 796 434 814 ‘
451 805 535 838 quos
548 795 695 836 impiger
710 793 820 826 ambit
832 791 987 825 Fatidica

289 845 455 892 Cephisos
472 844 582 887 aqua.'
603 844 704 876 Idem.

329 898 392 928 341
416 894 619 935 Narcissum]
641 894 728 927 Quae
756 893 800 925 de
825 891 988 925 Narcisso

286 946 407 979 Poetae
422 946 554 988 fingant
569 945 700 977 scivere
721 953 835 976 omnes
849 942 987 985 (Lucilii

287 997 411 1040 verbo)
427 998 624 1040 priusquam
647 996 817 1038 Theognis
832 1005 987 1028 nascere-

287 1052 355 1088 tur.
399 1047 490 1080 Illud
514 1057 582 1079 non
609 1056 706 1088 aeque
727 1047 914 1088 vulgatum,
934 1056 988 1078 so-

288 1108 401 1131 rorem
424 1098 585 1130 Narcisso
613 1097 795 1139 geminam,
816 1107 892 1129 cum
920 1097 988 1129 oris

287 1147 414 1190 specie,
429 1147 520 1179 omni
546 1157 589 1179 ex
616 1151 715 1189 parte
739 1147 895 1187 similem,
916 1151 989 1179 tum

288 1207 370 1237 vero
385 1207 484 1230 coma
498 1201 534 1230 et
548 1197 672 1230 vestitu
695 1197 776 1229 nihil
793 1196 988 1229 differenti:

288 1248 407 1281 solitos
436 1248 539 1280 simul
564 1248 701 1280 venari:
732 1258 774 1279 ea
799 1258 876 1280 cum
898 1247 990 1280 fort'e

289 1299 380 1331 diem
396 1308 492 1330 suurn
506 1297 647 1338 obisset,
659 1298 827 1330 ventitare
838 1298 932 1329 illum
946 1297 988 1329 ad

287 1347 420 1382 fontem
458 1347 609 1388 solitum,
638 1347 697 1389 qui
734 1347 768 1379 in
798 1347 989 1380 Hedonaco

286 1399 548 1440 Thespiensinm
570 1399 645 1430 vico
668 1404 740 1430 est:
764 1400 798 1430 in
823 1408 889 1440 quo
913 1409 989 1430 cum

289 1459 383 1481 suam
410 1449 603 1480 intueretur
631 1448 795 1489 umbram,
825 1458 865 1480 ac
895 1458 1003 1480 suam*

289 1500 426 1531 omnino
442 1508 517 1530 esse
532 1508 598 1530 non
615 1498 800 1540 ignoraret,
815 1498 858 1531 ob
874 1499 989 1530 simili-

290 1549 444 1592 tudinem
461 1554 574 1581 tamen
598 1559 673 1591 quae
690 1549 781 1580 inter
803 1549 896 1589 ipsos
916 1548 990 1581 fue·

290 1605 358 1641 rat,
369 1604 530 1642 tanquam
547 1600 574 1631 si
590 1609 657 1631 non
673 1609 779 1640 suam,
790 1600 848 1630 sed
866 1600 990 1631 sororis

287 1651 470 1693 imaginem
488 1660 558 1692 prae
574 1650 681 1682 oculis
691 1650 846 1689 haberet,
857 1649 992 1681 deside-

290 1703 334 1734 rii
347 1712 390 1734 ex
406 1711 446 1734 eo
463 1701 514 1732 sui
530 1701 688 1732 solatium
707 1700 842 1742 aliquod
866 1710 989 1741 capere

290 1761 484 1795 consuesse.
517 1750 646 1782 Auctor
662 1751 849 1783 Pausanias
863 1751 988 1782 Boeoti-

290 1802 351 1834 cis.
379 1802 526 1832 Bernart.

332 1853 396 1883 344
419 1850 577 1891 Phocida]
602 1849 632 1881 A
661 1850 775 1882 Phoco
799 1851 881 1882 Eaci
906 1850 990 1887 filio.

291 1911 391 1944 quem
407 1901 547 1934 Pelleus
561 1905 598 1932 et
621 1900 809 1932 Thelamon
825 1900 990 1932 occidisse

289 1952 463 1984 dicuntur.
508 1950 539 1982 A
569 1950 667 1991 cujus
704 1952 838 1983 nomine
867 1951 989 1983 civitas

290 2006 488 2043 nuncupata
502 2005 569 2041 est,
581 2001 614 2032 in
627 2010 694 2042 qua
709 2001 855 2042 OEdipus
870 2001 990 2033 Laium

290 2052 370 2089 dum
395 2056 530 2094 patrem
554 2055 722 2093 quaereret
741 2050 889 2083 occidit:
913 2061 990 2093 quae

291 2102 413 2134 civitas
439 2106 510 2133 tres
537 2101 640 2133 habet
655 2101 739 2142 vias,
752 2111 828 2142 quae
851 2110 888 2133 se
911 2105 991 2142 post

290 2152 399 2184 multa
422 2151 540 2193 spacia
561 2151 596 2182 in
627 2160 727 2182 unam
746 2151 896 2192 jungunt
919 2152 989 2192 pla-

291 2206 393 2245 team,
409 2207 446 2233 ut
461 2201 536 2243 ipse
559 2201 594 2232 in
616 2201 746 2242 primo:
770 2202 780 2219 ‘
798 2200 989 2242 trifid‘oeque

289 2254 324 2285 in
338 2252 508 2285 Phocidos
531 2256 626 2283 arcto
650 2252 854 2292 Longaevum
878 2252 989 2293 impli-

292 2303 348 2346 cui
365 2302 506 2345 regem.'
527 2303 673 2335 Laetam.
716 2302 797 2338 Quis
814 2303 961 2343 Panopen
974 2301 990 2334 ,⁹

289 2356 360 2397 quis
371 2355 490 2387 Aulida
499 2355 527 2396 ἲ]
564 2354 669 2386 Nihili
686 2358 737 2385 est
753 2353 988 2394 interrogatio.

290 2405 468 2437 Praeterea
481 2414 597 2436 versus
612 2404 669 2435 lex
683 2404 756 2434 sine
771 2404 904 2434 ratione
920 2403 989 2434 vio·

290 2456 389 2497 lata.-
415 2455 579 2495 Denique
603 2453 684 2495 quid
708 2462 794 2494 opus
813 2454 989 2493 nominare

291 2505 343 2537 bis
358 2505 495 2537 Aulida?
518 2504 609 2544 Lege
624 2512 698 2534 cum
719 2503 853 2543 scriptis
873 2513 881 2534 ε
905 2503 989 2534 Pho-

291 2557 383 2588 cida?
413 2556 466 2597 qui
496 2555 652 2595 Panopen,
681 2554 734 2594 qui
763 2554 913 2594 Daulida,
935 2554 990 2594 qm*

294 2606 494 2647 Cyparisson,
516 2605 561 2636 Et
576 2604 683 2644 valles,
697 2604 846 2644 Lebudia,
862 2607 943 2645 tuas,
958 2607 990 2636 et

292 2655 500 2696 Hyampolin,
524 2657 578 2696 ἃς.
603 2654 795 2695 Homerus:
817 2652 856 2685 Οἳ
883 2652 988 2685 Κυπά-

290 2714 399 2745 ρισσον
434 2702 521 2744 ἔχον,
555 2702 682 2735 Πυθῶνά
711 2716 749 2734 τε
783 2703 991 2745 πετρήεσσαν,

292 2754 432 2797 Κρίσσαν
439 2766 476 2786 τε
490 2752 614 2795 ζαθέην,
623 2752 674 2786 καὶ
682 2753 834 2795 Δαυλίδα,
844 2753 895 2786 καὶ
906 2758 986 2786 Παν-

750 195 892 228 NO'I'AE
922 194 1186 228 VARIORUM
1219 195 1273 228 IN

1031 291 1122 331 οπῆα,
1145 290 1186 322 O‘l
1210 290 1238 322 τ’
1263 288 1461 332 Ἀνεμώρειαν
1485 288 1538 326 καὶ
1560 287 1731 332 “wa

1031 339 1254 382 ἀμφενέμοντο.
1298 339 1399 373 Unde
1415 339 1508 372 vides
1523 345 1559 374 et
1568 340 1738 384 Anemori-

1031 401 1151 433 amque,
1165 396 1203 424 ut
1219 396 1255 424 et
1274 395 1327 424 est
1345 392 1379 423 in
1401 391 1488 424 Mss.
1503 400 1570 424 non
1584 392 1731 425 ΛΕΜ

1030 451 1185 484 reamque,
1199 441 1414 476 scribendum
1429 450 1516 473 esse.
1559 441 1644 475 Jam·
1655 450 1745 484 pror

1029 493 1251 534 pellentemque
1275 492 1406 525 Liloeam
1434 491 1578 533 Gephiui
1597 491 1734 532 ‘laetale

1033 546 1137 584 caput,
1153 547 1207 576 est
1223 542 1362 575 Homeri
1376 554 1385 575 x
1414 542 1498 576 Οἵτα
1510 541 1641 575 Λίλαιαν
1654 541 1747 584 ἔχει

1033 594 1137 633 πηγῆς
1151 592 1200 625 ἐπὶ
1215 592 1400 640 Κηφίσᾳοιο.
1421 594 1491 627 Sed
1506 598 1543 627 et
1558 594 1631 640 dux
1644 593 1734 628 Pho-

1035 642 1185 675 censium
1217 643 1354 685 Iphitus
1381 643 1531 678 Nauboli
1565 643 1659 680 filins
1685 642 1733 677 sb

1036 693 1189 726 Homero
1218 699 1385 736 sumptus,
1412 694 1467 727 cui
1500 693 1666 728 Schedius
1694 697 1735 729 et

1036 744 1262 786 Epistrophus
1298 743 1375 778 υἱέες
1403 743 1521 786 Ἰφίτου
1557 742 1735 785 μεγαθύμου

1036 794 1244 832 Ναυβολίδαο.
1287 796 1426 828 Valerio
1455 796 1575 829 Flacco
1606 795 1669 829 lib.
1704 804 1734 828 1.

1037 845 1047 863 ⁴
1063 846 1275 878 Naubolides
1300 851 1406 879 tortas
1427 846 1600 888 comm-git
1620 846 1657 880 in
1671 855 1750 881 uus

1036 894 1097 926 das
1113 895 1269 937 Iphitus.'
1291 896 1434 929 Daulida
1442 896 1588 938 protulit
1597 905 1734 939 qnoque

1037 955 1056 976 e
1069 946 1136 977 suis
1150 946 1335 978 Canterus:
1356 945 1416 978 sed
1425 955 1493 978 non
1504 945 1591 978 vidit
1601 948 1735 978 mutan·

1037 996 1114 1028 clam
1130 996 1396 1030 distinctionem.
1425 996 1563 1035 Gronov.
1659 1005 1662 1007 ’

1079 1048 1141 1078 345
1166 1046 1317 1088 Lebadia]
1347 1046 1477 1079 Civitas
1500 1043 1659 1088 Apollini,
1681 1054 1746 1085 sno,

1037 1107 1108 1136 cra,
1124 1098 1157 1128 in
1174 1107 1239 1139 qun
1254 1097 1458 1138 Triphonius
1476 1099 1515 1128 et
1531 1095 1735 1129 nst-mdes

1036 1149 1277 1189 Tauropolytae
1292 1146 1416 1180 fratres
1430 1145 1653 1188 fuerunt,filii
1663 1145 1736 1179 Au-

1040 1208 1091 1240 gae
1108 1197 1354 1230 formosissimi.
1373 1197 1522 1230 Lactant-
1741 1221 1751 1231 -,

1080 1251 1144 1280 346
1168 1247 1532 1290 Parnassonutrumqae]
1554 1248 1635 1280 Duo
1651 1247 1736 1282 Par-

1037 1299 1126 1331 nassi
1142 1300 1302 1340 vertices,
1317 1299 1351 1331 in
1377 1309 1446 1331 uno
1461 1298 1624 1339 Phoebus,
1639 1297 1674 1330 in
1688 1298 1736 1330 al·

1039 1353 1114 1380 tero
1127 1349 1283 1381 Bacchus
1298 1349 1486 1381 colebatur.
1530 1349 1690 1381 Lucanus
1702 1356 1738 1380 v.
1757 1344 1764 1349 ’

1040 1399 1049 1417 ‘
1062 1400 1246 1431 Parnassus
1256 1399 1390 1441 gemino
1402 1399 1490 1441 petit
1499 1398 1628 1431 aethera
1636 1398 1739 1439 colle,

1039 1449 1140 1481 Mons
1168 1450 1316 1490 Bromio,
1331 1449 1530 1491 Phoeboque
1548 1458 1661 1490 sacer,
1681 1449 1737 1483 cui

1039 1500 1177 1531 numine
1192 1500 1297 1531 mixto
1314 1498 1486 1541 Delphica
1498 1499 1666 1532 Thebana
1682 1508 1737 1532 re·

1039 1549 1155 1585 ferunt
1171 1551 1344 1583 trieterica
1365 1551 1535 1584 Bacchae!
1574 1550 1743 1592 Tragicus·

1040 1600 1194 1642 OEdipo:
1219 1606 1227 1620 ‘
1245 1601 1394 1634 Gemina
1425 1599 1587 1633 Parnassi
1616 1599 1740 1632 nivalis

1039 1660 1098 1683 arx
1115 1655 1245 1683 trucem
1261 1651 1406 1683 sonitum
1421 1649 1541 1683 dedit:
1554 1650 1716 1684 (Ba-nort.

1081 1703 1145 1733 347
1167 1702 1232 1733 Aut
1250 1701 1420 1743 Cyrrhum]
1442 1701 1629 1733 Parnassus
1640 1709 1749 1739 mons*

1040 1754 1094 1782 est
1109 1750 1293 1791 Phocidos,
1307 1751 1365 1794 qui
1388 1752 1423 1783 in
1438 1750 1506 1783 duo
1515 1751 1599 1792 juga
1613 1749 1738 1783 dividi-

1040 1806 1107 1840 tur,
1128 1800 1161 1831 id
1186 1805 1251 1841 est,
1277 1801 1312 1832 in
1340 1801 1508 1842 Cyrrhum
1532 1805 1570 1833 et
1594 1800 1737 1842 Nysam.

1040 1850 1172 1891 Cyrrha
1203 1860 1284 1892 ergo
1315 1851 1419 1882 etiam
1457 1850 1579 1883 civitas
1607 1850 1739 1883 dicitur

1040 1900 1133 1932 circa
1157 1906 1308 1932 montem
1333 1901 1538 1932 Parnassum
1553 1899 1643 1932 sita:
1663 1900 1738 1932 hnc

1039 1949 1143 1982 habet
1180 1955 1336 1989 stagnum
1373 1950 1528 1991 Apollini
1558 1958 1738 1983 consecra-

1041 2005 1124 2037 tum,
1140 2000 1183 2031 de
1199 2011 1265 2042 quo
1279 2001 1353 2042 ipse
1370 2001 1547 2042 superius:
1570 2000 1581 2018 ‘
1595 1999 1632 2032 Si
1647 1999 1738 2041 stag—

1039 2061 1084 2083 na
1099 2052 1183 2092 petii
1201 2052 1366 2093 Cyrrhaea
1381 2050 1534 2084 bicorni.’
1559 2050 1707 2095 ficiunt.
1724 2064 1731 2073 ι

1082 2104 1146 2134 348
1171 2103 1397 2144 Cor-cyrumque
1431 2101 1554 2143 nemus]
1587 2100 1737 2136 Quidam

1044 2151 1207 2193 Ogygiam
1225 2152 1354 2193 legunt,
1369 2152 1449 2195 quia
1472 2156 1548 2194 post
1569 2151 1746 2184 cadulumv

1041 2200 1199 2243 Ogygias
1210 2202 1340 2234 Thebas
1357 2203 1468 2234 rexit:
1491 2211 1558 2244 quo
1573 2200 1738 2240 vocabulo

1040 2251 1170 2292 antiqui
1192 2251 1372 2284 Thebanos
1394 2251 1538 2293 intelligi
1552 2250 1735 2283 volebant:

1040 2306 1118 2342 post
1131 2301 1233 2333 etiam
1249 2302 1378 2334 nemori
1393 2306 1447 2334 est
1460 2302 1524 2334 hoc
1539 2310 1660 2334 nomen
1677 2301 1738 2332 im-

1040 2351 1200 2392 positum.
1243 2352 1518 2389 Etiam‘tumnlus
1543 2352 1638 2384 circa
1650 2351 1738 2383 The-

1041 2402 1099 2435 bas
1117 2404 1166 2433 ita
1181 2406 1335 2434 vocatur.
1358 2402 1456 2435 Idem.

1053 2483 1062 2487 ,,
1082 2454 1145 2483 353
1171 2452 1265 2485 Coede
1292 2452 1471 2492 pharetras]
1507 2452 1621 2485 Niobe
1649 2461 1737 2484 uxor

1039 2501 1238 2542 Amphionis
1257 2511 1334 2533 cum
1359 2501 1617 2547 quatuordecim
1630 2511 1736 2543 pepe-

1041 2552 1140 2583 risset
1155 2550 1394 2592 filios,septem
1410 2551 1515 2583 virilis
1529 2560 1645 2591 sexus,
1660 2561 1740 2594 sep·

1040 2607 1108 2637 tem
1123 2600 1286 2640 foeminei,
1300 2600 1557 2633 foecunditatem
1577 2605 1736 2642 partuum

1038 2661 1173 2684 suornm
1206 2651 1346 2682 Latonae
1377 2651 1578 2693 praeposuit,
1607 2661 1673 2693 qua
1698 2660 1743 2683 re·

1037 2706 1205 2735 commota
1234 2700 1320 2733 filios
1355 2711 1444 2742 suos,
1471 2701 1666 2743 Apollinem
1698 2706 1742 2733 et·

1036 2746 1197 2792 Dianam,
1218 2754 1250 2783 in
1278 2752 1438 2784 ultionem
1463 2761 1534 2784 suae
1560 2752 1735 2793 instigavit
