1878 3164
464 224 505 254 ι».
536 221 728 255 namu
761 220 929 253 surii
962 219 1107 252 SYLV.
1143 220 1237 252 ma.
1262 221 1306 251 v.
1335 211 1379 253 3.

178 320 288 354 sentit
314 322 430 362 pater,
455 327 559 360 quam
595 316 687 349 filius
727 324 886 358 corpore

278 369 448 422 flantis
460 364 656 410 exemplum
674 376 811 408 qnoque
834 375 888 398 re-

178 421 200 455 f
311 429 334 453 a
354 418 542 452 Ptusania:
571 427 648 451 cum
668 417 822 449 Demilus
845 426 888 447 ex

178 469 327 509 mo
331 468 473 504 Ειιδαιαε
487 466 592 501 filium
605 468 776 501 Glaucum
789 476 889 499 aran—

179 528 251 571 leq}
270 519 338 571 nno
353 518 459 563 pugni
475 520 546 552 ictu
560 528 728 552 vomerem
747 517 889 549 indidis-

177 577 217 613 90
228 564 356 621 'aratro
375 569 627 612 conspexisset,
641 567 839 601 admiratus
850 567 889 599 il-

175 625 245 660 lin!
271 624 388 664 roliu'r,
414 631 509 655 eum
506 620 682 663 produxit
708 620 742 651 in
768 620 889 661 Olym-

176 670 280 718 ’'i-'ffl-
300 673 362 707 ubi
381 682 458 706 cum
475 677 550 704 arte
569 670 755 717 adversarii
771 669 889 702 elude-

176 729 286 766 retur,
307 729 409 766 pater
435 727 596 765 spectans
624 721 799 761 clamavit,
828 719 888 759 τὴν

175 775 231 809 ἀπ’
255 775 398 819 ἀρότρου,
423 775 456 807 id
482 778 550 811 est,
565 769 689 805 vulnus
703 772 743 804 ab
757 775 887 809 aratro,-

175 821 454 865 monensfilium,
468 829 506 856 ιιι
522 828 591 856 tam
609 822 749 854 fortiter
762 832 887 864 percn-

176 879 271 910 tem
286 873 673 915 adversariumspugno,
689 882 791 915 quam
808 873 886 904 olim

175 925 350 963 indiderat
364 923 538 960 vomerem
554 926 683 958 aratro.
715 925 815 959 Quod
829 926 887 958 ille

173 978 330 1020 audiens,
355 973 455 1012 tanto
479 972 631 1012 surrexit
646 977 781 1017 robore,
796 981 835 1008 ut
851 980 887 1008 et

175 1025 260 1074 tuiis
274 1026 412 1073 'vicet-it,
427 1023 464 1063 et
479 1034 601 1072 postea
615 1038 722 1070 saepe.
740 1028 863 1060 Domit.

195 1084 206 1116 ζ
215 1084 284 1116 m
305 1079 622 1124 spectator-'Aleten
633 1079 705 1121 ξι]
737 1079 886 1120 Corrup-

173 1132 298 1166 thaimi
321 1131 422 1174 hujus
448 1130 515 1162 loci
538 1130 716 1162 restitutio
737 1129 887 1161 debetur

173 1176 308 1225 ¹qumque
333 1180 388 1214 Ci.
419 1179 598 1219 Salmasio‚
625 1179 724 1221 cujus
754 1176 884 1211 monitu

173 1229 376 1265 scribimus:
398 1234 558 1273 spectator
568 1230 702 1262 athleees
723 1229 796 1270 Ipse
818 1239 883 1261 ma-

171 1283 238 1324 εἰσ.
280 1282 363 1322 Alii,
386 1282 516 1325 inquit,
529 1281 716 1313 attendunt
731 1289 883 1321 pugnan-

175 1338 250 1367 ωσι
275 1333 337 1366 sed
363 1333 423 1366 ille
449 1337 641 1375 spectator,
669 1331 728 1374 qui
753 1331 884 1372 genuit,

174 1383 282 1426 magis
295 1384 426 1416 athleta
441 1388 497 1416 est
520 1384 596 1425 ipse
620 1392 721 1425 quam
746 1386 883 1423 specta-

174 1440 250 1468 tor:
273 1435 324 1468 ita
344 1435 460 1467 haurit
481 1435 605 1475 oculis,
629 1433 722 1476 quod
745 1439 882 1465 certan-

174 1485 260 1521 tium
278 1485 419 1527 proprie
434 1489 502 1527 est,
529 1484 633 1526 atque
655 1484 795 1516 haurire
819 1483 883 1515 sibi

173 1535 314 1570 videtur
335 1537 511 1578 pulverem
533 1536 643 1575 illum,
665 1545 768 1577 quem
790 1534 882 1566 exci-

176 1590 254 1620 tunt
267 1591 483 1630 pugnantes:
497 1586 560 1626 ita,
571 1585 663 1628 quod
681 1585 882 1617 athletarum

174 1638 338 1679 ipsorum,
353 1637 458 1679 quiin
467 1646 571 1669 arena
582 1640 674 1676 sunt,
687 1641 802 1668 votum
816 1640 882 1674 est,

173 1687 272 1730 cupit
287 1682 471 1730 ‘exspirare
495 1696 622 1720 corona
637 1695 771 1727 prensa,
785 1695 883 1718 coro·

172 1741 256 1771 nato
269 1737 393 1771 funere
404 1741 590 1771 contentus
606 1741 670 1769 est.
695 1754 698 1758 Δ
713 1736 767 1768 De
790 1736 882 1778 ejus·

174 1787 268 1823 modi
284 1794 399 1823 autem
411 1787 559 1821 faventis
570 1787 776 1829 spectatoris
786 1791 882 1819 motu

172 1837 290 1874 ⁴vivum
305 1839 500 1881 exemplum
523 1837 617 1881 apud
641 1836 881 1879 Thucydidem

175 1894 228 1923 est
242 1890 352 1924 liba-v.
376 1889 480 1922 Gran.
491 1889 604 1921 Diatr.
618 1898 647 1920 c.
663 1891 719 1920 57.

188 1960 190 1962 v
216 1939 280 1974 286
305 1940 372 1973 Hei
397 1940 476 1973 aaliz·
499 1939 580 1981 quod
602 1938 740 1980 tantam]
774 1937 882 1970 Dolet

174 1989 268 2035 quod
284 1990 362 2024 vivo
377 1995 476 2034 patre
492 1989 598 2022 semel
616 1993 748 2021 tantum
772 1987 881 2021 fuerit

173 2046 357 2076 coronatus
375 2041 412 2073 in
427 2040 534 2077 sacris
550 2040 688 2073 Cereris
704 2039 879 2071 Eleusinae

174 2091 345 2134 Neapoli:
377 2100 453 2124 uam
477 2090 599 2123 Cereri
622 2090 725 2122 solita
740 2089 808 2122 illic
824 2099 880 2122 ce-

173 2141 415 2187 lebrariaacra
430 2139 512 2174 aute
528 2140 616 2173 dixit
631 2151 639 2171 :
658 2141 796 2183 ‘Tuque
813 2139 880 2172 Ac-

174 2193 243 2224 ιρι
257 2192 363 2224 Ceres
374 2191 396 2226 ι’
411 2197 447 2224 et
459 2192 552 2235 qnod
567 2202 634 2225 non
651 2191 788 2225 affuerit
803 2201 881 2224 cum

173 2246 356 2276 coronatus
371 2249 426 2275 est
441 2252 462 2274 a
475 2243 718 2282 Domitianofin
732 2242 881 2283 Albano,

175 2296 280 2334 atque
293 2301 336 2324 ea
349 2292 504 2324 caruerit
519 2292 652 2324 laetitia.
676 2292 801 2324 Domit.

172 2361 176 2365 -
208 2343 282 2374 226
305 2340 496 2374 Chalcidico
519 2343 674 2383 Cerealia,
692 2343 763 2385 &cd
785 2341 882 2374 Aris-

175 2390 264 2424 tides
286 2391 321 2424 in
346 2392 462 2426 Eleus.
488 2393 612 2425 scribit
636 2393 782 2435 primum
799 2402 880 2434 ago-

173 2451 253 2475 mm
282 2441 476 2484 'gymnicum
504 2443 665 2475 Eleusine
693 2443 882 2483 inventum,

173 2493 275 2534 cujus
302 2493 479 2534 premium
503 2493 624 2526 victori
639 2493 737 2526 fuere
752 2493 881 2534 fruges.

171 2541 246 2575 Per
255 2541 362 2575 dona·
354 2543 459 2584 igitur
471 2543 627 2576 Cerealia
633 2554 770 2576 coronae
783 2544 883 2576 Chal·-

172 2591 294 2626 cidico
310 2601 446 2635 expone
461 2593 600 2634 praemia
611 2594 882 2636 ejusmodi,qua=.

176 2643 258 2676 tulit
280 2643 421 2676 Statius
441 2643 476 2675 in
499 2653 610 2685 agone
637 2644 882 2686 Neapolitano.

174 2693 253 2727 Nisi
265 2694 362 2727 malis
380 2693 486 2726 verba
499 2695 573 2726 haec
589 2693 720 2726 referre
732 2694 774 2726 ad
786 2694 883 2726 ludos

172 2742 313 2776 Cereris
330 2744 479 2786 Neapoli
495 2745 684 2787 institutos,
699 2745 743 2777 de
759 2745 882 2788 quibus

175 2795 212 2828 in
223 2795 330 2838 Sylva
342 2796 390 2829 ad
401 2796 652 2830 Menecratem.
678 2797 827 2830 Crucem-

1535 211 1555 253 ]
1563 211 1650 256 763

982 317 1046 348 228
1070 315 1136 348 Per
1149 325 1198 348 me
1211 319 1297 348 serta
1313 315 1451 357 tulisses]
1473 316 1560 349 Nam
1587 327 1648 359 pu·

940 370 1050 398 tasses
1074 376 1234 398 coronam
1258 367 1336 398 milii
1355 367 1518 405 donatam
1533 377 1554 399 a
1571 367 1648 399 Cae-

939 426 1016 448 sare
1035 421 1127 448 tuam
1144 426 1232 448 esse.
1277 417 1385 458 Ante,
1395 417 1437 448 ad
1451 418 1646 450 Caesarem:

938 467 1119 500 ‘Palladio
1135 471 1194 499 tua
1209 477 1262 499 rne
1281 477 1398 500 manus
1415 468 1525 500 induit
1539 469 1649 502 auro.’

939 518 1030 550 Nam
1046 517 1138 559 quod
1155 522 1297 550 excusat
1314 517 1404 559 qiiod
1415 519 1448 549 in
1461 518 1648 551 certamine

939 567 1134 609 Capitolino
1163 566 1269 598 fuerit
1290 567 1414 605 victus,
1439 568 1527 609 quod
1546 573 1649 601 antea

938 617 1047 650 fassus
1071 622 1145 650 est:
1170 619 1180 636 ⁴
1192 623 1273 650 tnnc
1289 628 1366 650 cum
1383 619 1555 659 Capitolia
1571 629 1650 651 nos»

940 674 1003 701 trae
1037 668 1197 702 Inficiata
1227 669 1310 711 lyrae
1326 668 1349 700 :¹
1387 669 1566 702 excusatio
1595 674 1650 702 est

938 719 1029 761 quod
1055 724 1138 751 tunc
1161 725 1236 752 erat
1261 725 1452 761 occupatus
1469 720 1648 752 audiendis

939 769 1087 812 antiquis
1113 769 1308 802 auctoribus
1331 774 1366 801 et
1391 769 1502 811 poetis
1528 780 1570 802 ex
1587 780 1648 812 pa-

938 826 1013 853 tre:
1051 831 1130 853 nam
1168 820 1361 853 doctrinam
1392 821 1578 862 colligebat
1606 825 1647 853 ut

938 875 1163 912 componeret
1184 871 1394 902 Thebaidem
1415 881 1523 903 suam.
1569 871 1647 905 Qua

937 922 1169 963 occupatione
1196 920 1328 953 factum
1353 925 1404 953 est
1420 927 1458 952 ut
1475 931 1541 953 non
1556 921 1645 954 bene

938 971 1106 1005 cecinerit
1118 971 1238 1003 laudes
1254 971 1352 1004 Jovis
1369 971 1555 1013 Capitolini
1570 985 1580 1013 3
1595 977 1646 1003 at-

937 1032 1003 1065 que
1019 1022 1070 1054 ita
1083 1022 1245 1061 Thebais,
1260 1022 1359 1063 cnjus
1375 1032 1477 1054 causa
1494 1027 1568 1054 erat
1591 1032 1646 1054 oc-

937 1078 1098 1115 cupatus,
1121 1074 1193 1105 visa
1209 1079 1262 1105 est
1278 1074 1432 1105 invidere
1447 1074 1526 1107 Jovi
1543 1073 1646 1114 Capi·

936 1125 1056 1165 toliuo,
1078 1125 1214 1167 quando
1239 1135 1306 1156 uon
1328 1125 1485 1166 permisit
1499 1130 1538 1158 ut
1552 1125 1644 1157 illius

934 1176 1055 1207 laudes
1071 1176 1159 1208 bene
1175 1180 1324 1208 careret.
1348 1177 1471 1209 Domie.

977 1228 1041 1258 232
1055 1227 1132 1258 Cum
1140 1227 1388 1270 dulceparentis]
1401 1227 1522 1260 Potuit
1535 1227 1644 1270 scrip-

934 1276 1018 1309 sisse
1035 1288 1042 1307 :
1068 1278 1155 1309 Nam
1167 1278 1242 1319 quid
1256 1287 1304 1309 me
1319 1278 1421 1310 mixta
1434 1288 1562 1319 quercus
1581 1289 1643 1310 non

931 1328 1050 1368 pressit
1072 1327 1167 1367 olim,
1189 1328 1235 1359 Et
1249 1328 1342 1368 fugit
1364 1332 1509 1370 speratus
1522 1328 1644 1363 honos?

936 1388 1006 1409 cum
1031 1379 1099 1410 lnce
1121 1379 1265 1419 parentis
1291 1379 1393 1411 Irrita
1411 1379 1537 1421 Tarpeii
1552 1389 1643 1411 cane·

935 1427 1024 1462 rem?
1050 1430 1093 1461 Te
1106 1433 1214 1462 nostra
1228 1430 1380 1469 magistro
1399 1430 1530 1462 Thebais
1552 1439 1645 1470 urge·

935 1479 989 1511 bat
1001 1479 1176 1520 priscorum
1189 1481 1318 1512 exordia
1334 1484 1451 1512 vatum.
1490 1480 1573 1512 Luce
1583 1490 1640 1522 pa-

933 1530 1034 1562 remis
1063 1531 1203 1572 Tarpeii,
1236 1531 1305 1571 die,
1337 1532 1395 1573 qni
1425 1530 1534 1563 festus
1564 1536 1642 1563 erat

933 1580 1013 1613 Jovi
1030 1581 1238 1622 Capitolino,
1253 1591 1388 1623 quoque
1405 1591 1493 1622 agon
1506 1581 1536 1613 ei
1549 1591 1642 1613 com-

934 1631 1152 1664 mittebatur.
1198 1632 1301 1664 Irrita
1314 1633 1587 1673 canerem].Quia,
1603 1638 1643 1664 ut

933 1681 983 1712 ait
994 1680 1038 1712 ad
1054 1691 1208 1723 uxorem,
1229 1684 1239 1699 ⁴
1254 1682 1426 1723 Capitolia
1437 1687 1565 1714 nostrae
1582 1683 1642 1715 In-

932 1729 1047 1763 ficiata
1068 1730 1180 1773 lyme-⁹
1225 1731 1367 1772 Urgebat
1382 1736 1494 1764 autem
1509 1733 1639 1764 Saluia-

932 1781 1014 1823 sius,
1030 1791 1097 1813 non
1115 1782 1295 1822 ungebanm
1319 1788 1357 1814 ut
1380 1782 1472 1815 foret
1492 1793 1612 1815 sensus
1629 1792 1638 1814 z

932 1832 1003 1865 Cur
1013 1833 1101 1864 enim
1119 1838 1190 1864 tam
1205 1832 1326 1864 infelix
1342 1831 1404 1873 fui,
1416 1843 1516 1875 qnam
1527 1833 1639 1865 dicam

930 1881 1038 1915 fnisse
1054 1893 1224 1924 caussam,
1239 1889 1277 1915 ut
1294 1884 1327 1915 in
1345 1893 1456 1925 agone
1473 1884 1641 1925 Capitoli·

929 1944 975 1967 no
991 1935 1103 1967 victus
1117 1945 1184 1967 non
1201 1935 1390 1967 exhilarare
1413 1941 1447 1967 te
1472 1935 1642 1977 potuerim

931 1985 995 2017 liac
1018 1995 1153 2028 quoque
1179 1986 1292 2027 palma
1315 1987 1507 2028 occupata?
1551 1987 1639 2020 Quae

932 2040 1134 2078 sequuntur,
1158 2036 1242 2068 nibil
1268 2037 1334 2069 huc
1351 2037 1553 2078 pertinent:
1578 2037 1639 2069 sed

931 2086 1047 2127 pergit
1077 2096 1238 2118 enarrare.
1269 2087 1436 2129 pictatem
1461 2093 1498 2120 et
1526 2087 1639 2120 officia

933 2137 1086 2179 parentis
1102 2147 1185 2180 erga
1200 2147 1248 2178 se,
1267 2148 1332 2180 qno
1354 2138 1529 2180 adjutore,
1553 2139 1641 2170 The·

932 2188 1034 2221 baida
1051 2188 1279 2229 contexendo,
1293 2189 1374 2221 trita
1391 2189 1448 2220 illa
1464 2189 1639 2220 veteribus

933 2239 1069 2272 vatibus
1097 2239 1210 2271 orbita
1239 2239 1435 2279 incesserit,
1456 2248 1638 2280 argumen-

932 2293 1006 2322 tum
1019 2295 1070 2322 tot
1079 2290 1224 2332 antiquis
1241 2290 1351 2332 poetis
1366 2294 1550 2322 tractatum
1567 2293 1640 2322 teu-

932 2340 1072 2373 taverit.
1093 2340 1232 2373 Gronov.

974 2393 1038 2422 241
1076 2390 1249 2432 Sejungere
1274 2390 1421 2433 matrem]
1450 2391 1639 2433 Indicium,

931 2441 1054 2484 inquit,
1078 2447 1131 2474 est
1157 2442 1207 2474 tui
1229 2441 1353 2473 amoris
1376 2452 1461 2483 erga
1487 2452 1640 2484 uxorem,

933 2491 1024 2534 quod
1048 2502 1090 2524 ea
1106 2491 1330 2534 incubatjam
1345 2491 1403 2524 din
1420 2493 1550 2524 tumulo
1567 2498 1641 2534 tuo,

932 2544 997 2575 nec
1013 2552 1087 2574 eam
1105 2552 1241 2584 possum
1265 2543 1450 2584 sejungere
1474 2548 1510 2575 et
1534 2543 1642 2575 abdu-

934 2603 1026 2625 cere.
1071 2593 1288 2626 Inemendati
1323 2593 1465 2625 codices
1499 2594 1641 2635 habent,

931 2643 1120 2684 subjungere
1130 2655 1144 2683 ,⁴
1179 2644 1239 2676 sed
1278 2645 1391 2676 nullus
1422 2649 1476 2677 est
1511 2655 1641 2677 sensus.

933 2694 1058 2727 Domit.

977 2747 1041 2777 244
1063 2744 1110 2777 At
1126 2745 1265 2777 Pharios
1282 2744 1370 2786 alioe]
1386 2744 1531 2778 Codices
1546 2755 1640 2777 men-

918 2795 993 2829 dosi
1011 2795 1138 2838 scripti
1151 2801 1248 2837 sunt,
1259 2795 1306 2828 Ae
1321 2795 1461 2828 Pharios
1478 2796 1559 2828 alii:
1579 2796 1640 2828 sed
