1878 3164
485 218 527 249 P.
559 215 754 249 PAPINn
785 214 951 248 STATn
986 213 1192 245 Aenum.
1226 213 1321 246 1013.
1355 213 1390 244 1.

201 317 292 356 tum,
319 317 401 356 quo·
417 319 517 345 eurus
546 311 579 344 ei
605 311 766 353 pelleret.
810 309 910 342 Elicit

202 370 262 398 est
292 362 438 407 profert,
466 363 609 404 promit,
640 361 800 393 advocat.
851 360 909 392 Sic

203 414 288 448 alibi
300 425 310 445 ε
323 414 342 432 ·‘
352 412 504 446 vatia-m
526 411 626 444 simul
640 411 737 443 elicit
751 409 910 442 hastam-¹

204 465 351 498 omos.

246 516 313 547 w
336 512 508 556 nuptm]
527 511 561 546 1.
580 521 612 544 e.
634 512 730 554 prius
750 511 907 553 explora-

202 569 261 598 ta
267 575 282 606 ς
290 568 332 597 nt
340 573 362 596 ι
371 562 580 606 cytharoedis
587 561 662 595 fieri
670 562 774 603 solet,
782 562 840 604 qui
851 571 910 593 au·

200 619 346 658 tequam
369 613 559 656 legitimum
583 612 742 645 inchoent
759 616 910 649 cautum,

200 665 352 699 *chordas
368 663 522 706 pectine,
536 663 609 695 sive
630 663 754 705 pollice
769 671 910 704 percur-

202 720 302 754 ¹rtmt,
315 718 362 748 nt
379 714 567 748 concinnus
588 714 634 747 sit
655 714 773 746 'eurum
796 722 911 746 sonus.

207 765 361 800 Britan.

250 817 316 848 188
338 814 494 847 [Μία
513 814 639 846 laudum:
652 813 788 855 semina]
809 812 911 855 Hyp-

202 865 340 908 pell-ge
355 869 421 906 est,
438 864 474 897 id
490 869 555 901 est.
583 865 701 896 laudes
717 863 910 895 immanium

202 915 388 956 neminum,
398 909 463 947 boc
475 919 529 946 est
542 922 739 955 magnorum
753 913 912 946 virorum.

204 965 268 999 sie
280 965 372 998 enim
388 963 480 1006 apud
507 968 644 996 veteres
667 958 911 995 excellentium

202 1016 358 1049 virorum
368 1015 465 1048 faeta
478 1014 523 1047 ad
539 1015 662 1057 Lyram
678 1013 912 1047 decantaban-

202 1070 276 1100 tur.
296 1066 398 1099 Idm.

249 1119 319 1150 18⁰
340 1117 407 1154 Qui
418 1116 552 1150 {mida
571 1116 732 1158 superavit
743 1115 837 1156 Jussa
855 1124 912 1146 no-

203 1178 310 1203 verea
320 1166 635 1211 Amphitryoniades]
661 1166 777 1206 Canit‚
790 1166 916 1208 inquit,

204 1219 379 1263 quomodo
392 1219 564 1252 Hercules
574 1228 638 1261 per
651 1219 775 1251 multas
789 1227 913 1250 oerum-

204 1278 272 1302 ‘nu
281 1273 437 1302 monstra
448 1268 676 1311 superaverit,
687 1277 730 1300 ex
740 1268 841 1309 jussu
853 1268 916 1301 Ju-

204 1321 309 1354 nonis
322 1329 482 1354 novercas
502 1329 580 1362 quae
597 1319 784 1351 Herculem
808 1318 915 1350 omni-

206 1370 414 1414 nuper-dere
429 1369 605 1412 cupiebat,
615 1369 713 1401 vanis
725 1378 803 1401 eum
820 1378 914 1400 mon-

206 1420 292 1454 stris
310 1419 531 1463 objiciendo.
575 1418 916 1460 Amphitryoniades,

210 1470 384 1504 Hercules
410 1469 670 1512 Amphitryonis
686 1473 723 1501 et
738 1468 914 1501 Alcmenae

205 1521 312 1556 filim.
334 1523 435 1556 Idem.

208 1583 213 1585 ’
255 1575 320 1607 190
343 1574 449 1606 crudo
471 1583 530 1616 quo
554 1571 714 1613 Bebryca]
735 1571 822 1603 Mss.
845 1579 915 1601 eru-

206 1624 304 1657 ‘dtuwe
331 1627 372 1656 et
395 1628 542 1666 uterque
565 1621 786 1654 Scholiastes.
830 1619 916 1651 Ovi-

157 1690 161 1692 -
206 1674 288 1707 <dits
313 1673 407 1706 Met.
433 1681 489 1705 lv.
511 1669 821 1711 ‘Tendentemque
846 1678 916 1701 ma-

207 1730 291 1765 nus,
318 1724 383 1755 &c-
408 1720 544 1754 defodit
577 1720 647 1751 alta
683 1719 818 1751 crudus
855 1719 917 1750 hu-

207 1771 293 1806 no!
316 1772 457 1804 Gronov.
515 1769 639 1810 Castu]
661 1770 794 1803 Caestus
822 1779 918 1801 arma

207 1826 295 1856 ’sunt
308 1822 460 1865 pugilum
475 1830 496 1854 a
509 1820 697 1854 caedendo:
717 1830 760 1852 ex
777 1820 869 1853 corio
882 1824 918 1852 et

207 1873 355 1916 plumbo
394 1873 508 1904 insuto
542 1871 760 1911 constabant,
796 1871 918 1913 quibus

207 1932 332 1956 mnus
355 1922 589 1955 induebantur
603 1921 646 1954 ad
671 1921 915 1963 pugnandum:

212 1977 380 2006 cestuum
396 1976 512 2005 autem
525 1976 684 2004 strenuus
699 1970 767 2003 fuit
781 1971 920 2012 Pollux,

209 2025 340 2058 castor
353 2033 434 2057 vero
449 2023 610 2066 egregius
632 2031 796 2065 equorum
812 2022 919 2054 domi·

217 2077 284 2107 tor.
305 2074 457 2106 Britanna.

261 2126 324 2156 191
342 2123 494 2156 osmer-tt
514 2123 650 2164 Pollux]
671 2122 840 2164 Amycum
854 2121 918 2155 fili-

215 2183 275 2207 um
289 2173 495 2215 Neptuniet
508 2173 649 2205 Melites
664 2173 821 2214 nymphae
838 2173 919 2204 Pol-

214 2225 279 2259 lux
307 2224 352 2257 ad
370 2228 546 2257 certamen
572 2228 735 2256 caestuum
752 2233 918 2264 provoca-

218 2280 274 2308 ωε
296 2274 484 2307 interemit.
536 2273 700 2316 Bebryca]
722 2273 764 2306 Id
788 2278 854 2314 est,
876 2283 920 2305 ex

219 2325 406 2367 Bebrycia,
430 2323 716 2367 quemadmodum
741 2323 852 2357 Cilica
876 2333 920 2355 ex

212 2374 340 2409 cilici-
351 2379 388 2407 et
396 2374 533 2406 Thraca
545 2383 587 2406 ex
596 2374 745 2406 Thracia
757 2374 899 2406 dicimus
910 2384 920 2413 ;

213 2434 298 2458 nam
313 2423 564 2466 Bebryciorum
580 2433 641 2456 rex
655 2422 723 2456 fuit
736 2434 746 2463 3
770 2433 812 2455 ea
827 2423 921 2465 regio

212 2485 312 2509 mnne
323 2475 491 2517 Bythinia
504 2475 711 2516 appellatur.
735 2474 834 2506 Idem.

262 2527 328 2558 m
351 2524 479 2557 Minoia
499 2524 625 2557 brachia
638 2523 740 2564 tom-2¹]
762 2523 920 2556 Indicato

215 2584 244 2607 *a
268 2575 343 2608 sole
372 2574 543 2607 adulterio
570 2574 694 2606 Martis
719 2578 755 2605 et
777 2573 923 2604 Veneris

218 2625 396 2657 Vulcanus
432 2623 665 2656 minutissimis
692 2623 824 2655 catenis
853 2624 923 2656 lec-

217 2678 296 2707 :tum
324 2675 445 2714 cinxit,
471 2674 592 2716 quibus
622 2674 718 2706 Mars
747 2678 784 2706 et
808 2674 924 2706 Venus

223 2723 418 2765 mantes
440 2723 597 2765 impliciti
619 2727 712 2762 suut,
727 2727 764 2755 et
778 2733 855 2755 curn
872 2723 924 2755 in-

215 2771 321 2814 -flenti
330 2773 550 2814 :turpitudine
572 2774 714 2805 resoluti
740 2774 803 2807 snb
827 2774 925 2806 testi-

1545 202 1660 245 201⁵

956 307 1070 341 monio
1081 311 1282 340 cunctorum
1294 307 1448 339 Deorum
1460 314 1470 344 ς
1484 304 1572 346 quod
1583 304 1655 338 fac·

959 363 1030 391 tum
1046 358 1164 391 Venus
1191 359 1410 390 vehementer
1437 355 1555 387 dolens
1582 356 1660 389 stir-

956 419 1038 452 pem
1060 418 1196 441 omnem
1221 408 1308 441 Solis
1334 406 1495 449 persequi
1515 404 1661 439 infandis

959 460 1129 492 amoribus
1143 458 1261 500 coepit.
1293 458 1405 499 Igitur
1421 455 1592 498 Pasiphae
1609 466 1664 489 so-

957 511 1001 544 lis
1027 510 1110 550 filia,
1137 510 1265 542 Minois
1298 509 1386 550 regis
1417 508 1533 539 Cretae
1564 515 1665 546 uxor,

958 561 1049 594 tauri
1067 570 1181 592 amore
1196 558 1367 601 flagravit,
1383 562 1420 590 et
1437 561 1511 589 arte
1527 556 1663 588 Daedali

958 611 1089 644 inclusa
1103 611 1193 642 intra
1208 619 1348 642 vaccam
1362 609 1663 650 ligneam‚septam

957 662 1052 695 corio
1059 662 1221 703 juveucae
1234 660 1488 703 pulcherrimae,
1498 668 1574 691 cum
1588 663 1664 690 tau-

957 722 999 745 ro
1013 712 1213 752 concubuit,
1239 712 1330 743 unde
1355 714 1459 743 natus
1483 714 1537 741 est
1552 709 1667 741 Mino-

956 767 1079 795 taurus
1113 763 1172 805 qui
1208 763 1300 794 intra
1332 760 1585 803 Labyrinthum
1613 759 1665 791 in-

959 814 1075 846 clusus
1099 813 1253 846 humanis
1274 812 1433 845 carnibus
1449 810 1668 843 vescebatur.

959 865 1027 897 Sed
1042 864 1158 896 Minos
1174 863 1218 896 de
1241 861 1414 904 Pasiphae
1433 861 1556 893 habuit
1578 860 1665 892 libe-

961 924 1016 946 ros
1045 915 1171 961 plures,
1200 914 1437 954 Androgeum,
1467 911 1669 952 Ariadnem,

961 956 1161 998 Phoedr'am.
1207 964 1275 996 Sed
1299 963 1504 1005 Androgeus
1519 971 1597 994 cum
1612 970 1667 993 es-

962 1020 1017 1047 set
1031 1015 1164 1047 athleta
1178 1013 1399 1054 fortissimus,
1423 1017 1460 1046 et
1487 1016 1669 1054 superaret

962 1066 997 1097 in
1014 1066 1178 1108 agonibus
1188 1070 1332 1098 cunctos
1344 1064 1436 1106 apud
1448 1063 1614 1105 Athenas,
1623 1063 1667 1095 ab

963 1114 1236 1148 Atheniensibus
1259 1120 1295 1148 et
1316 1115 1437 1148 vicinis
1452 1115 1668 1155 Megarensi-

962 1166 1026 1198 bus
1038 1166 1225 1207 conjuratis
1237 1165 1367 1197 occisus
1383 1168 1449 1196 est.
1486 1163 1589 1198 Quod
1601 1163 1670 1196 Mi-

963 1226 1024 1248 nos
1036 1216 1156 1248 dolens
1165 1215 1320 1248 collectis
1330 1214 1472 1247 navibus
1480 1214 1573 1245 bella
1580 1222 1671 1245 com·

963 1269 1083 1309 movit,
1091 1272 1128 1301 et
1139 1268 1240 1300 victis
1253 1265 1520 1300 Atheniensibus
1532 1274 1668 1307 poeunm

963 1319 1086 1351 statuit
1115 1319 1215 1359 hanc,
1242 1322 1283 1349 ut
1309 1316 1453 1358 singulis
1479 1315 1670 1357 quibusque

963 1370 1061 1401 annis
1089 1373 1220 1410 septem
1235 1368 1279 1400 de
1293 1366 1385 1407 filiis,
1411 1370 1448 1398 et
1470 1369 1605 1406 septem
1623 1364 1670 1395 de

963 1419 1100 1452 filiabus
1121 1419 1189 1451 suis
1206 1417 1360 1450 edendos
1375 1416 1575 1448 Minotauro
1592 1414 1670 1445 mit-

962 1475 1092 1502 terent.
1136 1469 1208 1502 Sed
1232 1467 1337 1501 tertio
1362 1476 1452 1499 anno
1466 1465 1565 1507 AEgei
1580 1464 1671 1497 filius

964 1519 1121 1551 Theseus
1137 1519 1257 1550 missus
1274 1521 1340 1557 est,
1363 1521 1487 1558 potens
1509 1520 1579 1547 tam
1602 1515 1672 1546 vir-

967 1573 1043 1600 tute
1059 1577 1160 1610 qnam
1176 1567 1299 1608 forma,
1316 1568 1374 1609 qui
1390 1575 1467 1598 cum
1483 1565 1527 1598 ab
1544 1565 1669 1596 Ariad-

965 1628 1010 1651 ne
1026 1619 1114 1660 regis
1139 1618 1211 1650 filia
1230 1622 1363 1649 amatus
1379 1616 1516 1656 fuisset,
1532 1614 1671 1647 Daedali

967 1669 1111 1702 consilio
1137 1669 1208 1703 iter
1234 1668 1337 1707 rexit,
1363 1671 1400 1699 et
1422 1670 1545 1698 necato
1561 1665 1673 1697 Mino-

962 1723 1078 1756 tauro,
1101 1728 1178 1751 cum
1196 1722 1300 1759 rapta
1313 1716 1470 1749 Ariadne
1487 1716 1599 1747 victor
1613 1725 1672 1747 au-

966 1768 1070 1812 fugit.
1123 1771 1180 1803 De
1208 1770 1407 1801 Minotauro
1435 1767 1525 1799 enim
1552 1766 1673 1798 sabula

966 1824 1032 1861 est,
1067 1820 1158 1862 qnod
1202 1820 1320 1852 taliter
1362 1818 1485 1850 fnisset
1523 1818 1673 1859 genitus.

969 1870 1058 1902 Nam
1089 1871 1222 1902 Taurus
1251 1869 1405 1902 notarius
1435 1868 1564 1900 Minois
1591 1867 1673 1909 fuit,

966 1929 1068 1962 quern
1090 1919 1262 1961 Pasiphae
1286 1919 1426 1960 amavit,
1448 1928 1524 1951 cum
1549 1927 1614 1960 quo
1637 1918 1672 1949 iu

967 1969 1068 2001 domo
1082 1969 1217 2001 Daedali
1233 1968 1439 2001 concubuit:
1465 1972 1501 1999 et
1517 1967 1672 2009 quinge-

966 2019 1077 2051 minos
1093 2019 1229 2060 peperit
1242 2027 1345 2050 unum
1369 2018 1412 2050 de
1433 2017 1564 2057 Minoe,
1586 2018 1674 2049 alte·

968 2079 1042 2100 rum
1059 2069 1102 2100 de
1114 2070 1238 2106 Tauro,
1254 2068 1355 2100 enixa
1370 2078 1447 2100 esse
1459 2068 1589 2100 dicitnr
1603 2067 1672 2099 Mi-

967 2123 1159 2151 notaurum.
1184 2118 1330 2150 Lactant-

1012 2171 1074 2200 193
1099 2169 1264 2201 Mater-nos
1284 2168 1404 2209 thoros]
1427 2167 1471 2200 Id
1486 2171 1540 2200 est
1555 2168 1674 2199 matris

967 2218 1188 2251 connubium.
1235 2215 1237 2217 ’
1258 2219 1447 2260 Super-isque
1487 2218 1672 2259 gravatum]

969 2269 1061 2301 Nam
1085 2270 1158 2311 eJus
1172 2269 1302 2311 nuptiis
1321 2278 1452 2307 omnes,
1467 2272 1508 2300 ut
1527 2268 1674 2299 diximus

967 2320 1136 2361 superius,
1149 2319 1197 2351 dii
1209 2319 1402 2352 interfuere
1417 2324 1560 2352 anctore
1572 2319 1675 2352 Jove.

969 2370 1124 2401 Britanna.

1013 2421 1076 2451 194
1102 2418 1185 2459 Hic]
1207 2418 1248 2450 Id
1264 2423 1316 2451 est
1332 2423 1426 2451 tunc.
1465 2419 1557 2450 Ficta
1573 2418 1675 2459 vultu]

969 2469 1055 2502 Ideo
1068 2469 1162 2511 ficto,
1177 2470 1257 2512 quia
1267 2471 1368 2502 anxia
1378 2475 1415 2503 et
1427 2471 1574 2503 sollicita
1585 2476 1676 2511 erat,

969 2519 1112 2553 difficile
1126 2521 1216 2553 enim
1232 2526 1287 2553 est
1302 2521 1337 2553 in
1353 2522 1497 2554 tristitia
1516 2523 1675 2556 laetitiam

969 2570 1165 2603 ostendere.
1190 2571 1289 2604 Idem.

1017 2625 1079 2655 197
1105 2624 1290 2664 Quanquam
1305 2624 1428 2667 ibifida
1438 2624 1569 2666 parens]
1591 2623 1677 2656 Par·

974 2673 1126 2706 euthesis
1150 2679 1227 2714 est;
1251 2674 1410 2715 subaudi,
1435 2679 1533 2706 erat:
1557 2674 1676 2715 sicque

974 2723 1087 2756 Poeta
1100 2722 1248 2756 officium
1275 2725 1322 2766 pii
1338 2724 1498 2766 discipuli
1514 2724 1679 2764 ostendit,

975 2774 1033 2815 qui
1066 2783 1134 2806 non
1163 2774 1275 2807 secius
1305 2775 1439 2815 judicio
1468 2773 1676 2807 Quintiliani
