<?xml version="1.0" encoding="UTF-8"?>
<!DOCTYPE html PUBLIC "-//W3C//DTD XHTML 1.0 Transitional//EN"
    "http://www.w3.org/TR/xhtml1/DTD/xhtml1-transitional.dtd">
<html xmlns="http://www.w3.org/1999/xhtml" xml:lang="en" lang="en">
 <head>
  <title>
</title>
<meta http-equiv="Content-Type" content="text/html;charset=utf-8" />
  <meta name='ocr-system' content='tesseract 3.04.00' />
  <meta name='ocr-capabilities' content='ocr_page ocr_carea ocr_par ocr_line ocrx_word'/>
</head>
<body>
  <div class='ocr_page' id='page_1' title='image "./operaomniaexedit04statuoft/operaomniaexedit04statuoft_0019.png"; bbox 0 0 1878 3164; ppageno 0'>
   <div class='ocr_carea' id='block_1_1' title="bbox 0 1419 22 1733">
    <p class='ocr_par' dir='ltr' id='par_1_1' title="bbox 0 1419 22 1733">
     <span class='ocr_line' id='line_1_1' title="bbox 0 1419 15 1442; baseline 0 0"><span class='ocrx_word' id='word_1_1' title='bbox 0 1419 15 1442; x_wconf 57' lang='lat' dir='ltr'>r.</span> 
     </span>
     <span class='ocr_line' id='line_1_2' title="bbox 0 1448 18 1495; baseline 0.167 -3"><span class='ocrx_word' id='word_1_2' title='bbox 0 1448 18 1495; x_wconf 51' lang='grc' dir='ltr'><strong>ᾗ</strong></span> 
     </span>
     <span class='ocr_line' id='line_1_3' title="bbox 0 1635 22 1733; baseline 0 -18"><span class='ocrx_word' id='word_1_3' title='bbox 0 1635 22 1733; x_wconf 64' lang='grc' dir='ltr'><strong><em>ξ</em></strong></span> 
     </span>
    </p>
   </div>
   <div class='ocr_carea' id='block_1_2' title="bbox 0 0 67 1451">
    <p class='ocr_par' dir='ltr' id='par_1_2' title="bbox 0 0 67 1451">
     <span class='ocr_line' id='line_1_4' title="bbox 0 0 67 1451; baseline 0 0"><span class='ocrx_word' id='word_1_4' title='bbox 0 0 67 1451; x_wconf 95' lang='lat' dir='ltr'> </span> 
     </span>
    </p>
   </div>
   <div class='ocr_carea' id='block_1_3' title="bbox 468 227 1385 270">
    <p class='ocr_par' dir='ltr' id='par_1_3' title="bbox 468 227 1385 270">
     <span class='ocr_line' id='line_1_5' title="bbox 468 227 1385 270; baseline -0.001 0"><span class='ocrx_word' id='word_1_5' title='bbox 468 238 512 270; x_wconf 72' lang='grc' dir='ltr'>Ρ.</span> <span class='ocrx_word' id='word_1_6' title='bbox 544 236 736 269; x_wconf 58' lang='lat' dir='ltr'>ramim</span> <span class='ocrx_word' id='word_1_7' title='bbox 767 235 936 268; x_wconf 74' lang='lat' dir='ltr'>srA‘ru</span> <span class='ocrx_word' id='word_1_8' title='bbox 969 236 1116 268; x_wconf 62' lang='lat' dir='ltr'>synv.</span> <span class='ocrx_word' id='word_1_9' title='bbox 1149 235 1246 270; x_wconf 74' lang='lat' dir='ltr'>ma.</span> <span class='ocrx_word' id='word_1_10' title='bbox 1271 237 1315 267; x_wconf 88' lang='lat' dir='ltr'>v.</span> <span class='ocrx_word' id='word_1_11' title='bbox 1342 227 1385 269; x_wconf 78' lang='lat'>2.</span> 
     </span>
    </p>
   </div>
   <div class='ocr_carea' id='block_1_4' title="bbox 185 327 897 1378">
    <p class='ocr_par' dir='ltr' id='par_1_4' title="bbox 187 327 895 623">
     <span class='ocr_line' id='line_1_6' title="bbox 189 327 893 373; baseline -0.003 -10"><span class='ocrx_word' id='word_1_12' title='bbox 189 330 332 373; x_wconf 68' lang='lat' dir='ltr'>adun-e</span> <span class='ocrx_word' id='word_1_13' title='bbox 346 330 500 373; x_wconf 73' lang='lat' dir='ltr'>precaris</span> <span class='ocrx_word' id='word_1_14' title='bbox 515 329 618 364; x_wconf 82' lang='lat' dir='ltr'>Quod</span> <span class='ocrx_word' id='word_1_15' title='bbox 645 327 797 362; x_wconf 72' lang='lat' dir='ltr'>meruit!</span> <span class='ocrx_word' id='word_1_16' title='bbox 827 329 893 362; x_wconf 86' lang='lat' dir='ltr'>Ce-</span> 
     </span>
     <span class='ocr_line' id='line_1_7' title="bbox 189 379 893 423; baseline -0.001 -10"><span class='ocrx_word' id='word_1_17' title='bbox 189 384 302 413; x_wconf 68' lang='lat' dir='ltr'>terum</span> <span class='ocrx_word' id='word_1_18' title='bbox 329 379 406 423; x_wconf 69' lang='lat' dir='ltr'>qni·</span> <span class='ocrx_word' id='word_1_19' title='bbox 442 388 510 412; x_wconf 89' lang='lat' dir='ltr'>non</span> <span class='ocrx_word' id='word_1_20' title='bbox 536 379 791 412; x_wconf 79' lang='lat' dir='ltr'>animadvertat</span> <span class='ocrx_word' id='word_1_21' title='bbox 819 379 893 412; x_wconf 76' lang='lat' dir='ltr'>boec</span> 
     </span>
     <span class='ocr_line' id='line_1_8' title="bbox 189 429 895 472; baseline -0.001 -9"><span class='ocrx_word' id='word_1_22' title='bbox 189 430 347 463; x_wconf 69' lang='lat' dir='ltr'>monito</span> <span class='ocrx_word' id='word_1_23' title='bbox 367 433 406 463; x_wconf 89' lang='lat' dir='ltr'>et</span> <span class='ocrx_word' id='word_1_24' title='bbox 428 430 623 472; x_wconf 83' lang='lat' dir='ltr'>composito</span> <span class='ocrx_word' id='word_1_25' title='bbox 651 429 749 462; x_wconf 83' lang='lat' dir='ltr'>dicta</span> <span class='ocrx_word' id='word_1_26' title='bbox 773 439 851 462; x_wconf 83' lang='lat' dir='ltr'>esse</span> <span class='ocrx_word' id='word_1_27' title='bbox 874 439 895 462; x_wconf 78' lang='lat' dir='ltr'>a</span> 
     </span>
     <span class='ocr_line' id='line_1_9' title="bbox 187 479 894 523; baseline -0.003 -10"><span class='ocrx_word' id='word_1_28' title='bbox 187 480 306 523; x_wconf 61' lang='lat' dir='ltr'>poeta,</span> <span class='ocrx_word' id='word_1_29' title='bbox 320 484 360 512; x_wconf 87' lang='lat' dir='ltr'>nt</span> <span class='ocrx_word' id='word_1_30' title='bbox 383 479 533 522; x_wconf 72' lang='lat' dir='ltr'><strong>Crispini</strong></span> <span class='ocrx_word' id='word_1_31' title='bbox 549 479 717 521; x_wconf 85' lang='lat' dir='ltr'>pietatem</span> <span class='ocrx_word' id='word_1_32' title='bbox 731 479 894 520; x_wconf 75' lang='lat' dir='ltr'>insignio·</span> 
     </span>
     <span class='ocr_line' id='line_1_10' title="bbox 187 529 893 571; baseline -0.003 -7"><span class='ocrx_word' id='word_1_33' title='bbox 187 539 262 564; x_wconf 70' lang='lat' dir='ltr'>rc-</span> <span class='ocrx_word' id='word_1_34' title='bbox 292 529 472 570; x_wconf 75' lang='lat' dir='ltr'>redderet,</span> <span class='ocrx_word' id='word_1_35' title='bbox 498 533 536 562; x_wconf 88' lang='lat' dir='ltr'>et</span> <span class='ocrx_word' id='word_1_36' title='bbox 563 531 654 561; x_wconf 81' lang='lat' dir='ltr'>viam</span> <span class='ocrx_word' id='word_1_37' title='bbox 684 535 827 571; x_wconf 77' lang='lat' dir='ltr'>pararet</span> <span class='ocrx_word' id='word_1_38' title='bbox 850 530 893 562; x_wconf 89' lang='lat' dir='ltr'>ad</span> 
     </span>
     <span class='ocr_line' id='line_1_11' title="bbox 187 579 895 623; baseline 0 -10"><span class='ocrx_word' id='word_1_39' title='bbox 187 579 424 623; x_wconf 56' lang='lat' dir='ltr'>gravissimam</span> <span class='ocrx_word' id='word_1_40' title='bbox 441 580 744 622; x_wconf 85' lang='lat' dir='ltr'>prosopopoeiam?</span> <span class='ocrx_word' id='word_1_41' title='bbox 765 580 895 613; x_wconf 72' lang='lat' dir='ltr'>Mareu.</span> 
     </span>
    </p>

    <p class='ocr_par' dir='ltr' id='par_1_5' title="bbox 186 630 896 816">
     <span class='ocr_line' id='line_1_12' title="bbox 229 630 896 673; baseline -0.003 -9"><span class='ocrx_word' id='word_1_42' title='bbox 229 633 274 664; x_wconf 75' lang='grc'>86</span> <span class='ocrx_word' id='word_1_43' title='bbox 297 631 365 663; x_wconf 76' lang='lat' dir='ltr'>Nec</span> <span class='ocrx_word' id='word_1_44' title='bbox 389 631 494 672; x_wconf 70' lang='lat' dir='ltr'>prino</span> <span class='ocrx_word' id='word_1_45' title='bbox 522 630 559 663; x_wconf 68' lang='lat' dir='ltr'>in</span> <span class='ocrx_word' id='word_1_46' title='bbox 587 630 711 672; x_wconf 66' lang='lat' dir='ltr'>lbnine]</span> <span class='ocrx_word' id='word_1_47' title='bbox 735 630 896 673; x_wconf 83' lang='lat' dir='ltr'>Quisquis</span> 
     </span>
     <span class='ocr_line' id='line_1_13' title="bbox 186 680 896 724; baseline -0.001 -10"><span class='ocrx_word' id='word_1_48' title='bbox 186 680 296 718; x_wconf 67' lang='lat' dir='ltr'>nens.</span> <span class='ocrx_word' id='word_1_49' title='bbox 318 680 441 724; x_wconf 79' lang='lat' dir='ltr'>inquit,</span> <span class='ocrx_word' id='word_1_50' title='bbox 464 690 526 713; x_wconf 79' lang='lat' dir='ltr'>nos</span> <span class='ocrx_word' id='word_1_51' title='bbox 551 684 664 722; x_wconf 85' lang='lat' dir='ltr'>curat,</span> <span class='ocrx_word' id='word_1_52' title='bbox 690 685 728 713; x_wconf 90' lang='lat' dir='ltr'>et</span> <span class='ocrx_word' id='word_1_53' title='bbox 752 684 896 713; x_wconf 78' lang='lat' dir='ltr'>conatus</span> 
     </span>
     <span class='ocr_line' id='line_1_14' title="bbox 187 731 895 774; baseline 0 -9"><span class='ocrx_word' id='word_1_54' title='bbox 187 732 357 765; x_wconf 73' lang='lat' dir='ltr'>scelernm</span> <span class='ocrx_word' id='word_1_55' title='bbox 374 741 442 765; x_wconf 90' lang='lat' dir='ltr'>non</span> <span class='ocrx_word' id='word_1_56' title='bbox 454 732 626 774; x_wconf 75' lang='lat' dir='ltr'>reprimit,</span> <span class='ocrx_word' id='word_1_57' title='bbox 641 732 781 765; x_wconf 85' lang='lat' dir='ltr'>videtur</span> <span class='ocrx_word' id='word_1_58' title='bbox 803 731 895 765; x_wconf 85' lang='lat' dir='ltr'>exci-</span> 
     </span>
     <span class='ocr_line' id='line_1_15' title="bbox 187 781 608 816; baseline -0.002 0"><span class='ocrx_word' id='word_1_59' title='bbox 187 786 267 816; x_wconf 69' lang='lat' dir='ltr'>urs</span> <span class='ocrx_word' id='word_1_60' title='bbox 280 781 326 815; x_wconf 71' lang='lat' dir='ltr'>ed</span> <span class='ocrx_word' id='word_1_61' title='bbox 334 783 458 816; x_wconf 78' lang='lat' dir='ltr'>scelus.</span> <span class='ocrx_word' id='word_1_62' title='bbox 483 782 608 816; x_wconf 66' lang='lat' dir='ltr'>Dor-it.</span> 
     </span>
    </p>

    <p class='ocr_par' dir='ltr' id='par_1_6' title="bbox 185 831 897 1378">
     <span class='ocr_line' id='line_1_16' title="bbox 229 831 896 874; baseline -0.003 -9"><span class='ocrx_word' id='word_1_63' title='bbox 229 834 275 865; x_wconf 76' lang='lat'>88</span> <span class='ocrx_word' id='word_1_64' title='bbox 286 832 429 865; x_wconf 62' lang='lat' dir='ltr'>Excedam</span> <span class='ocrx_word' id='word_1_65' title='bbox 449 833 506 865; x_wconf 74' lang='lat' dir='ltr'>illa</span> <span class='ocrx_word' id='word_1_66' title='bbox 522 833 591 865; x_wconf 77' lang='lat' dir='ltr'>dies</span> <span class='ocrx_word' id='word_1_67' title='bbox 607 842 686 872; x_wconf 73' lang='grc' dir='ltr'>σου,</span> <span class='ocrx_word' id='word_1_68' title='bbox 702 832 771 874; x_wconf 54' lang='grc' dir='ltr'>ξω]</span> <span class='ocrx_word' id='word_1_69' title='bbox 790 831 896 873; x_wconf 86' lang='lat' dir='ltr'>Papi-</span> 
     </span>
     <span class='ocr_line' id='line_1_17' title="bbox 187 881 895 916; baseline 0 -2"><span class='ocrx_word' id='word_1_70' title='bbox 187 881 312 914; x_wconf 75' lang='lat' dir='ltr'>ninnns</span> <span class='ocrx_word' id='word_1_71' title='bbox 333 882 395 916; x_wconf 84' lang='lat' dir='ltr'>lib.</span> <span class='ocrx_word' id='word_1_72' title='bbox 424 891 488 915; x_wconf 80' lang='lat' dir='ltr'>xv.</span> <span class='ocrx_word' id='word_1_73' title='bbox 510 883 558 915; x_wconf 91' lang='lat' dir='ltr'>D.</span> <span class='ocrx_word' id='word_1_74' title='bbox 583 882 629 915; x_wconf 84' lang='lat' dir='ltr'>de</span> <span class='ocrx_word' id='word_1_75' title='bbox 651 882 791 915; x_wconf 80' lang='lat' dir='ltr'><strong>Condit.</strong></span> <span class='ocrx_word' id='word_1_76' title='bbox 807 882 895 915; x_wconf 89' lang='lat' dir='ltr'>Inst.</span> 
     </span>
     <span class='ocr_line' id='line_1_18' title="bbox 185 931 896 975; baseline -0.001 -10"><span class='ocrx_word' id='word_1_77' title='bbox 185 932 298 966; x_wconf 63' lang='lat' dir='ltr'>‘Qun</span> <span class='ocrx_word' id='word_1_78' title='bbox 322 931 442 974; x_wconf 54' lang='lat' dir='ltr'>fimf</span> <span class='ocrx_word' id='word_1_79' title='bbox 466 932 592 975; x_wconf 75' lang='lat' dir='ltr'>inquit,</span> <span class='ocrx_word' id='word_1_80' title='bbox 613 933 766 965; x_wconf 80' lang='lat' dir='ltr'>‘laedunt</span> <span class='ocrx_word' id='word_1_81' title='bbox 789 932 896 974; x_wconf 83' lang='lat' dir='ltr'>pieta-</span> 
     </span>
     <span class='ocr_line' id='line_1_19' title="bbox 188 981 897 1023; baseline 0 -9"><span class='ocrx_word' id='word_1_82' title='bbox 188 986 272 1023; x_wconf 80' lang='lat' dir='ltr'>tem,</span> <span class='ocrx_word' id='word_1_83' title='bbox 307 981 613 1023; x_wconf 71' lang='lat' dir='ltr'>existimationem,</span> <span class='ocrx_word' id='word_1_84' title='bbox 653 982 897 1015; x_wconf 86' lang='lat' dir='ltr'>verecundiam</span> 
     </span>
     <span class='ocr_line' id='line_1_20' title="bbox 187 1032 895 1074; baseline 0.001 -9"><span class='ocrx_word' id='word_1_85' title='bbox 187 1037 354 1070; x_wconf 70' lang='lat' dir='ltr'>nostram.</span> <span class='ocrx_word' id='word_1_86' title='bbox 368 1037 404 1065; x_wconf 81' lang='lat' dir='ltr'>et</span> <span class='ocrx_word' id='word_1_87' title='bbox 418 1038 540 1065; x_wconf 84' lang='lat' dir='ltr'>contra</span> <span class='ocrx_word' id='word_1_88' title='bbox 548 1033 656 1066; x_wconf 89' lang='lat' dir='ltr'>bonos</span> <span class='ocrx_word' id='word_1_89' title='bbox 673 1043 784 1065; x_wconf 84' lang='lat' dir='ltr'>mores</span> <span class='ocrx_word' id='word_1_90' title='bbox 793 1032 895 1074; x_wconf 88' lang='lat' dir='ltr'>fiunt,</span> 
     </span>
     <span class='ocr_line' id='line_1_21' title="bbox 187 1082 896 1125; baseline 0 -9"><span class='ocrx_word' id='word_1_91' title='bbox 187 1092 254 1116; x_wconf 88' lang='lat' dir='ltr'>nec</span> <span class='ocrx_word' id='word_1_92' title='bbox 266 1082 385 1116; x_wconf 78' lang='lat' dir='ltr'>facere</span> <span class='ocrx_word' id='word_1_93' title='bbox 398 1093 460 1116; x_wconf 85' lang='lat' dir='ltr'>nos</span> <span class='ocrx_word' id='word_1_94' title='bbox 477 1094 576 1125; x_wconf 80' lang='lat' dir='ltr'>posse</span> <span class='ocrx_word' id='word_1_95' title='bbox 592 1084 803 1116; x_wconf 87' lang='lat' dir='ltr'>credendum</span> <span class='ocrx_word' id='word_1_96' title='bbox 818 1083 896 1117; x_wconf 64' lang='lat' dir='ltr'>est!</span> 
     </span>
     <span class='ocr_line' id='line_1_22' title="bbox 187 1133 896 1177; baseline -0.001 -11"><span class='ocrx_word' id='word_1_97' title='bbox 187 1133 356 1176; x_wconf 73' lang='lat' dir='ltr'>Ulpianus</span> <span class='ocrx_word' id='word_1_98' title='bbox 372 1145 382 1166; x_wconf 75' lang='grc' dir='ltr'><strong>ε</strong></span> <span class='ocrx_word' id='word_1_99' title='bbox 404 1134 416 1153; x_wconf 88' lang='lat'>‘</span> <span class='ocrx_word' id='word_1_100' title='bbox 428 1135 573 1177; x_wconf 80' lang='lat' dir='ltr'>Semper</span> <span class='ocrx_word' id='word_1_101' title='bbox 586 1134 722 1167; x_wconf 86' lang='lat' dir='ltr'>heredis</span> <span class='ocrx_word' id='word_1_102' title='bbox 739 1135 896 1174; x_wconf 84' lang='lat' dir='ltr'>interest,</span> 
     </span>
     <span class='ocr_line' id='line_1_23' title="bbox 186 1182 895 1225; baseline -0.003 -8"><span class='ocrx_word' id='word_1_103' title='bbox 186 1182 346 1217; x_wconf 73' lang='lat' dir='ltr'>defuncti</span> <span class='ocrx_word' id='word_1_104' title='bbox 388 1185 678 1217; x_wconf 69' lang='lat' dir='ltr'>existimationem</span> <span class='ocrx_word' id='word_1_105' title='bbox 724 1183 895 1225; x_wconf 82' lang='lat' dir='ltr'>purgare.’</span> 
     </span>
     <span class='ocr_line' id='line_1_24' title="bbox 187 1234 896 1278; baseline -0.001 -10"><span class='ocrx_word' id='word_1_106' title='bbox 187 1234 246 1268; x_wconf 85' lang='lat' dir='ltr'>lib.</span> <span class='ocrx_word' id='word_1_107' title='bbox 263 1236 365 1278; x_wconf 76' lang='lat'>1.§.8.</span> <span class='ocrx_word' id='word_1_108' title='bbox 387 1235 432 1269; x_wconf 77' lang='lat'>1).</span> <span class='ocrx_word' id='word_1_109' title='bbox 444 1235 488 1268; x_wconf 88' lang='lat' dir='ltr'>de</span> <span class='ocrx_word' id='word_1_110' title='bbox 504 1235 617 1277; x_wconf 87' lang='lat' dir='ltr'>Injur.</span> <span class='ocrx_word' id='word_1_111' title='bbox 631 1239 668 1268; x_wconf 88' lang='lat' dir='ltr'>et</span> <span class='ocrx_word' id='word_1_112' title='bbox 684 1236 818 1268; x_wconf 83' lang='lat' dir='ltr'>Famos.</span> <span class='ocrx_word' id='word_1_113' title='bbox 835 1234 896 1268; x_wconf 90' lang='lat' dir='ltr'>lib.</span> 
     </span>
     <span class='ocr_line' id='line_1_25' title="bbox 187 1286 799 1320; baseline 0 -1"><span class='ocrx_word' id='word_1_114' title='bbox 187 1286 317 1320; x_wconf 63' lang='lat' dir='ltr'>nucu.</span> <span class='ocrx_word' id='word_1_115' title='bbox 793 1292 799 1293; x_wconf 51' lang='lat'><em>⁷</em></span> 
     </span>
     <span class='ocr_line' id='line_1_26' title="bbox 191 1334 896 1378; baseline -0.004 -8"><span class='ocrx_word' id='word_1_116' title='bbox 191 1359 196 1363; x_wconf 88' lang='lat'><em>-</em></span> <span class='ocrx_word' id='word_1_117' title='bbox 229 1338 275 1369; x_wconf 71' lang='grc'>98</span> <span class='ocrx_word' id='word_1_118' title='bbox 294 1336 444 1378; x_wconf 71' lang='lat' dir='ltr'>Amnem]</span> <span class='ocrx_word' id='word_1_119' title='bbox 479 1337 660 1377; x_wconf 82' lang='lat' dir='ltr'>Letheum,</span> <span class='ocrx_word' id='word_1_120' title='bbox 684 1340 725 1368; x_wconf 91' lang='lat' dir='ltr'>ut</span> <span class='ocrx_word' id='word_1_121' title='bbox 755 1334 896 1368; x_wconf 86' lang='lat' dir='ltr'>oblivis—</span> 
     </span>
    </p>
   </div>
   <div class='ocr_carea' id='block_1_5' title="bbox 144 1386 897 1428">
    <p class='ocr_par' dir='ltr' id='par_1_7' title="bbox 144 1386 897 1428">
     <span class='ocr_line' id='line_1_27' title="bbox 144 1386 897 1428; baseline -0.001 -8"><span class='ocrx_word' id='word_1_122' title='bbox 144 1386 148 1391; x_wconf 84' lang='lat'><em>&#39;</em></span> <span class='ocrx_word' id='word_1_123' title='bbox 188 1386 279 1420; x_wconf 74' lang='lat' dir='ltr'>caris</span> <span class='ocrx_word' id='word_1_124' title='bbox 304 1391 416 1420; x_wconf 77' lang='lat' dir='ltr'>mater</span> <span class='ocrx_word' id='word_1_125' title='bbox 440 1388 612 1420; x_wconf 86' lang='lat' dir='ltr'>commissi</span> <span class='ocrx_word' id='word_1_126' title='bbox 639 1388 779 1420; x_wconf 84' lang='lat' dir='ltr'>sceleris</span> <span class='ocrx_word' id='word_1_127' title='bbox 799 1387 897 1428; x_wconf 83' lang='lat' dir='ltr'>cujus</span> 
     </span>
    </p>
   </div>
   <div class='ocr_carea' id='block_1_6' title="bbox 187 1437 902 2846">
    <p class='ocr_par' dir='ltr' id='par_1_8' title="bbox 187 1437 754 1471">
     <span class='ocr_line' id='line_1_28' title="bbox 187 1437 754 1471; baseline 0 0"><span class='ocrx_word' id='word_1_128' title='bbox 187 1437 400 1471; x_wconf 75' lang='lat' dir='ltr'>conscientia</span> <span class='ocrx_word' id='word_1_129' title='bbox 415 1442 451 1470; x_wconf 82' lang='lat' dir='ltr'>te</span> <span class='ocrx_word' id='word_1_130' title='bbox 462 1438 605 1471; x_wconf 84' lang='lat' dir='ltr'>cruciat.</span> <span class='ocrx_word' id='word_1_131' title='bbox 628 1437 754 1471; x_wconf 71' lang='lat' dir='ltr'>Dmm‘e.</span> 
     </span>
    </p>

    <p class='ocr_par' dir='ltr' id='par_1_9' title="bbox 187 1487 901 1782">
     <span class='ocr_line' id='line_1_29' title="bbox 230 1487 898 1529; baseline -0.004 -7"><span class='ocrx_word' id='word_1_132' title='bbox 230 1491 274 1522; x_wconf 73' lang='lat'>9⁷</span> <span class='ocrx_word' id='word_1_133' title='bbox 296 1487 354 1521; x_wconf 79' lang='lat' dir='ltr'>Sic</span> <span class='ocrx_word' id='word_1_134' title='bbox 367 1491 509 1521; x_wconf 68' lang='lat' dir='ltr'>crescunt</span> <span class='ocrx_word' id='word_1_135' title='bbox 523 1487 671 1529; x_wconf 76' lang='lat' dir='ltr'>crimina]</span> <span class='ocrx_word' id='word_1_136' title='bbox 687 1487 898 1529; x_wconf 78' lang='lat' dir='ltr'><strong>Interpellat</strong></span> 
     </span>
     <span class='ocr_line' id='line_1_30' title="bbox 187 1537 901 1580; baseline -0.001 -10"><span class='ocrx_word' id='word_1_137' title='bbox 187 1537 308 1571; x_wconf 78' lang='lat' dir='ltr'>laudes</span> <span class='ocrx_word' id='word_1_138' title='bbox 330 1537 504 1580; x_wconf 85' lang='lat' dir='ltr'>Crispini:</span> <span class='ocrx_word' id='word_1_139' title='bbox 532 1538 612 1570; x_wconf 88' lang='lat' dir='ltr'>dum</span> <span class='ocrx_word' id='word_1_140' title='bbox 641 1537 748 1578; x_wconf 89' lang='lat' dir='ltr'>enim,</span> <span class='ocrx_word' id='word_1_141' title='bbox 777 1538 901 1580; x_wconf 86' lang='lat' dir='ltr'>inquit,</span> 
     </span>
     <span class='ocr_line' id='line_1_31' title="bbox 188 1586 898 1629; baseline -0.003 -8"><span class='ocrx_word' id='word_1_142' title='bbox 188 1593 224 1621; x_wconf 84' lang='lat' dir='ltr'>te</span> <span class='ocrx_word' id='word_1_143' title='bbox 249 1588 371 1629; x_wconf 67' lang='lat' dir='ltr'>laudo,</span> <span class='ocrx_word' id='word_1_144' title='bbox 400 1588 510 1629; x_wconf 81' lang='lat' dir='ltr'>majus</span> <span class='ocrx_word' id='word_1_145' title='bbox 540 1588 669 1620; x_wconf 85' lang='lat' dir='ltr'>crimen</span> <span class='ocrx_word' id='word_1_146' title='bbox 697 1588 818 1620; x_wconf 85' lang='lat' dir='ltr'>matris</span> <span class='ocrx_word' id='word_1_147' title='bbox 845 1586 898 1619; x_wconf 83' lang='lat' dir='ltr'>fit.</span> 
     </span>
     <span class='ocr_line' id='line_1_32' title="bbox 189 1637 898 1682; baseline -0.006 -8"><span class='ocrx_word' id='word_1_148' title='bbox 189 1639 282 1673; x_wconf 75' lang='lat' dir='ltr'>Nam</span> <span class='ocrx_word' id='word_1_149' title='bbox 305 1648 373 1682; x_wconf 82' lang='lat' dir='ltr'>qno</span> <span class='ocrx_word' id='word_1_150' title='bbox 396 1643 433 1671; x_wconf 86' lang='lat' dir='ltr'>tn</span> <span class='ocrx_word' id='word_1_151' title='bbox 457 1639 681 1680; x_wconf 77' lang='lat' dir='ltr'>praestantior</span> <span class='ocrx_word' id='word_1_152' title='bbox 705 1647 753 1679; x_wconf 79' lang='lat' dir='ltr'>es,</span> <span class='ocrx_word' id='word_1_153' title='bbox 778 1647 819 1670; x_wconf 85' lang='lat' dir='ltr'>eo</span> <span class='ocrx_word' id='word_1_154' title='bbox 839 1637 898 1670; x_wconf 84' lang='lat' dir='ltr'>illa</span> 
     </span>
     <span class='ocr_line' id='line_1_33' title="bbox 187 1687 897 1729; baseline -0.007 -5"><span class='ocrx_word' id='word_1_155' title='bbox 187 1690 385 1724; x_wconf 78' lang='lat' dir='ltr'>ostenditur</span> <span class='ocrx_word' id='word_1_156' title='bbox 405 1688 531 1721; x_wconf 78' lang='lat' dir='ltr'>saevior</span> <span class='ocrx_word' id='word_1_157' title='bbox 557 1687 663 1719; x_wconf 81' lang='lat' dir='ltr'>fnisse</span> <span class='ocrx_word' id='word_1_158' title='bbox 681 1687 772 1729; x_wconf 84' lang='lat' dir='ltr'>quod</span> <span class='ocrx_word' id='word_1_159' title='bbox 796 1692 897 1729; x_wconf 86' lang='lat' dir='ltr'>potu·</span> 
     </span>
     <span class='ocr_line' id='line_1_34' title="bbox 190 1736 786 1782; baseline -0.008 -9"><span class='ocrx_word' id='word_1_160' title='bbox 190 1740 258 1773; x_wconf 82' lang='lat' dir='ltr'>erit</span> <span class='ocrx_word' id='word_1_161' title='bbox 274 1748 398 1782; x_wconf 68' lang='lat' dir='ltr'>parare</span> <span class='ocrx_word' id='word_1_162' title='bbox 410 1747 594 1771; x_wconf 81' lang='lat' dir='ltr'>venenum.</span> <span class='ocrx_word' id='word_1_163' title='bbox 609 1736 786 1769; x_wconf 70' lang='lat' dir='ltr'>Domitius.</span> 
     </span>
    </p>

    <p class='ocr_par' dir='ltr' id='par_1_10' title="bbox 187 1787 900 2481">
     <span class='ocr_line' id='line_1_35' title="bbox 232 1787 897 1828; baseline -0.008 -4"><span class='ocrx_word' id='word_1_164' title='bbox 232 1794 296 1824; x_wconf 65' lang='grc'>108</span> <span class='ocrx_word' id='word_1_165' title='bbox 318 1791 365 1823; x_wconf 74' lang='lat' dir='ltr'>Et</span> <span class='ocrx_word' id='word_1_166' title='bbox 379 1792 499 1822; x_wconf 64' lang='lat' dir='ltr'>mium</span> <span class='ocrx_word' id='word_1_167' title='bbox 512 1788 651 1821; x_wconf 76' lang='lat' dir='ltr'>vibraret</span> <span class='ocrx_word' id='word_1_168' title='bbox 663 1787 897 1828; x_wconf 75' lang='lat' dir='ltr'>Juliasulmeu]</span> 
     </span>
     <span class='ocr_line' id='line_1_36' title="bbox 187 1837 898 1884; baseline -0.008 -9"><span class='ocrx_word' id='word_1_169' title='bbox 187 1841 322 1884; x_wconf 63' lang='lat' dir='ltr'>lagen</span> <span class='ocrx_word' id='word_1_170' title='bbox 342 1840 472 1875; x_wconf 80' lang='lat' dir='ltr'>Juliam</span> <span class='ocrx_word' id='word_1_171' title='bbox 488 1839 534 1871; x_wconf 85' lang='lat' dir='ltr'>de</span> <span class='ocrx_word' id='word_1_172' title='bbox 547 1838 741 1871; x_wconf 80' lang='lat' dir='ltr'>Adulteriis</span> <span class='ocrx_word' id='word_1_173' title='bbox 758 1837 898 1880; x_wconf 85' lang='lat' dir='ltr'>Augus-</span> 
     </span>
     <span class='ocr_line' id='line_1_37' title="bbox 189 1888 899 1933; baseline -0.01 -6"><span class='ocrx_word' id='word_1_174' title='bbox 189 1898 264 1927; x_wconf 70' lang='lat' dir='ltr'>tum</span> <span class='ocrx_word' id='word_1_175' title='bbox 273 1891 407 1932; x_wconf 75' lang='lat' dir='ltr'>tulisse,</span> <span class='ocrx_word' id='word_1_176' title='bbox 415 1890 636 1933; x_wconf 84' lang='lat' dir='ltr'>expeditum:</span> <span class='ocrx_word' id='word_1_177' title='bbox 651 1899 754 1931; x_wconf 87' lang='lat' dir='ltr'>poena</span> <span class='ocrx_word' id='word_1_178' title='bbox 763 1899 840 1932; x_wconf 87' lang='lat' dir='ltr'>quae</span> <span class='ocrx_word' id='word_1_179' title='bbox 849 1888 899 1921; x_wconf 88' lang='lat' dir='ltr'>fu·</span> 
     </span>
     <span class='ocr_line' id='line_1_38' title="bbox 187 1940 897 1983; baseline -0.006 -6"><span class='ocrx_word' id='word_1_180' title='bbox 187 1944 270 1981; x_wconf 77' lang='lat' dir='ltr'>erit,</span> <span class='ocrx_word' id='word_1_181' title='bbox 280 1942 392 1975; x_wconf 81' lang='lat' dir='ltr'>adhuc</span> <span class='ocrx_word' id='word_1_182' title='bbox 402 1941 506 1974; x_wconf 81' lang='lat' dir='ltr'>hodie</span> <span class='ocrx_word' id='word_1_183' title='bbox 521 1944 682 1983; x_wconf 83' lang='lat' dir='ltr'>quaerunt</span> <span class='ocrx_word' id='word_1_184' title='bbox 703 1940 768 1972; x_wconf 87' lang='lat' dir='ltr'>viri</span> <span class='ocrx_word' id='word_1_185' title='bbox 780 1940 873 1972; x_wconf 87' lang='lat' dir='ltr'>docti</span> <span class='ocrx_word' id='word_1_186' title='bbox 888 1951 897 1974; x_wconf 74' lang='lat' dir='ltr'><strong><em>z</em></strong></span> 
     </span>
     <span class='ocr_line' id='line_1_39' title="bbox 188 1990 897 2036; baseline -0.007 -9"><span class='ocrx_word' id='word_1_187' title='bbox 188 1993 373 2036; x_wconf 69' lang='lat' dir='ltr'>mpualem</span> <span class='ocrx_word' id='word_1_188' title='bbox 398 1991 508 2024; x_wconf 79' lang='lat' dir='ltr'>fnisse</span> <span class='ocrx_word' id='word_1_189' title='bbox 547 1990 704 2033; x_wconf 83' lang='lat' dir='ltr'>plerique</span> <span class='ocrx_word' id='word_1_190' title='bbox 737 1990 897 2031; x_wconf 87' lang='lat' dir='ltr'>credunt,</span> 
     </span>
     <span class='ocr_line' id='line_1_40' title="bbox 189 2041 898 2086; baseline -0.007 -8"><span class='ocrx_word' id='word_1_191' title='bbox 189 2044 451 2086; x_wconf 77' lang='lat' dir='ltr'>Relegationem</span> <span class='ocrx_word' id='word_1_192' title='bbox 465 2046 599 2075; x_wconf 83' lang='lat' dir='ltr'>tantum</span> <span class='ocrx_word' id='word_1_193' title='bbox 614 2041 781 2074; x_wconf 86' lang='lat' dir='ltr'>nonnulli.</span> <span class='ocrx_word' id='word_1_194' title='bbox 826 2041 898 2073; x_wconf 86' lang='lat' dir='ltr'>Adi</span> 
     </span>
     <span class='ocr_line' id='line_1_41' title="bbox 189 2091 899 2138; baseline -0.004 -10"><span class='ocrx_word' id='word_1_195' title='bbox 189 2095 346 2138; x_wconf 75' lang='lat' dir='ltr'>Lipsium</span> <span class='ocrx_word' id='word_1_196' title='bbox 375 2098 529 2127; x_wconf 83' lang='lat' dir='ltr'>nostrum</span> <span class='ocrx_word' id='word_1_197' title='bbox 553 2092 598 2125; x_wconf 80' lang='lat' dir='ltr'>ad</span> <span class='ocrx_word' id='word_1_198' title='bbox 624 2092 744 2125; x_wconf 80' lang='lat' dir='ltr'>Taciti</span> <span class='ocrx_word' id='word_1_199' title='bbox 773 2091 899 2125; x_wconf 83' lang='lat' dir='ltr'>Annal.</span> 
     </span>
     <span class='ocr_line' id='line_1_42' title="bbox 189 2142 900 2187; baseline -0.007 -8"><span class='ocrx_word' id='word_1_200' title='bbox 189 2153 242 2179; x_wconf 57' lang='lat' dir='ltr'>ur.</span> <span class='ocrx_word' id='word_1_201' title='bbox 257 2145 358 2187; x_wconf 83' lang='lat' dir='ltr'>cnjus</span> <span class='ocrx_word' id='word_1_202' title='bbox 374 2144 502 2176; x_wconf 82' lang='lat' dir='ltr'>scrinia</span> <span class='ocrx_word' id='word_1_203' title='bbox 522 2152 591 2175; x_wconf 90' lang='lat' dir='ltr'>non</span> <span class='ocrx_word' id='word_1_204' title='bbox 606 2142 766 2184; x_wconf 85' lang='lat' dir='ltr'>compilo.</span> <span class='ocrx_word' id='word_1_205' title='bbox 812 2143 900 2175; x_wconf 91' lang='lat' dir='ltr'>Con·</span> 
     </span>
     <span class='ocr_line' id='line_1_43' title="bbox 191 2193 899 2229; baseline -0.007 0"><span class='ocrx_word' id='word_1_206' title='bbox 191 2196 264 2229; x_wconf 77' lang='lat' dir='ltr'>sule</span> <span class='ocrx_word' id='word_1_207' title='bbox 287 2199 327 2228; x_wconf 81' lang='lat' dir='ltr'>et</span> <span class='ocrx_word' id='word_1_208' title='bbox 355 2194 560 2227; x_wconf 73' lang='lat' dir='ltr'>Raevardum</span> <span class='ocrx_word' id='word_1_209' title='bbox 584 2198 740 2226; x_wconf 82' lang='lat' dir='ltr'>nostrum</span> <span class='ocrx_word' id='word_1_210' title='bbox 766 2193 828 2226; x_wconf 86' lang='lat' dir='ltr'>lib.</span> <span class='ocrx_word' id='word_1_211' title='bbox 844 2202 899 2225; x_wconf 80' lang='grc' dir='ltr'>ιν.</span> 
     </span>
     <span class='ocr_line' id='line_1_44' title="bbox 190 2243 900 2288; baseline -0.006 -9"><span class='ocrx_word' id='word_1_212' title='bbox 190 2255 269 2288; x_wconf 77' lang='lat' dir='ltr'>cap.</span> <span class='ocrx_word' id='word_1_213' title='bbox 297 2248 330 2278; x_wconf 79' lang='lat'>6.</span> <span class='ocrx_word' id='word_1_214' title='bbox 375 2244 551 2277; x_wconf 79' lang='lat' dir='ltr'>Caeterum</span> <span class='ocrx_word' id='word_1_215' title='bbox 582 2248 621 2275; x_wconf 88' lang='lat' dir='ltr'>ut</span> <span class='ocrx_word' id='word_1_216' title='bbox 644 2243 688 2276; x_wconf 84' lang='lat' dir='ltr'>ad</span> <span class='ocrx_word' id='word_1_217' title='bbox 714 2243 900 2284; x_wconf 86' lang='lat' dir='ltr'>Papininm</span> 
     </span>
     <span class='ocr_line' id='line_1_45' title="bbox 189 2294 900 2336; baseline -0.004 -8"><span class='ocrx_word' id='word_1_218' title='bbox 189 2301 418 2335; x_wconf 75' lang='lat' dir='ltr'>revertamur,</span> <span class='ocrx_word' id='word_1_219' title='bbox 433 2294 544 2336; x_wconf 82' lang='lat' dir='ltr'>legem</span> <span class='ocrx_word' id='word_1_220' title='bbox 558 2294 581 2328; x_wconf 86' lang='lat' dir='ltr'>J</span> <span class='ocrx_word' id='word_1_221' title='bbox 585 2294 701 2330; x_wconf 84' lang='lat' dir='ltr'>uliam,</span> <span class='ocrx_word' id='word_1_222' title='bbox 717 2294 808 2336; x_wconf 88' lang='lat' dir='ltr'>quod</span> <span class='ocrx_word' id='word_1_223' title='bbox 825 2303 900 2326; x_wconf 85' lang='lat' dir='ltr'>nos·</span> 
     </span>
     <span class='ocr_line' id='line_1_46' title="bbox 190 2344 900 2387; baseline -0.007 -5"><span class='ocrx_word' id='word_1_224' title='bbox 190 2352 246 2382; x_wconf 75' lang='lat' dir='ltr'>ter</span> <span class='ocrx_word' id='word_1_225' title='bbox 270 2348 326 2381; x_wconf 84' lang='lat' dir='ltr'>hic</span> <span class='ocrx_word' id='word_1_226' title='bbox 351 2350 460 2387; x_wconf 82' lang='lat' dir='ltr'>notat,</span> <span class='ocrx_word' id='word_1_227' title='bbox 490 2345 604 2387; x_wconf 85' lang='lat' dir='ltr'>pravis</span> <span class='ocrx_word' id='word_1_228' title='bbox 634 2344 787 2377; x_wconf 84' lang='lat' dir='ltr'>moribus</span> <span class='ocrx_word' id='word_1_229' title='bbox 810 2353 900 2386; x_wconf 87' lang='lat' dir='ltr'>pene</span> 
     </span>
     <span class='ocr_line' id='line_1_47' title="bbox 190 2394 899 2439; baseline -0.006 -8"><span class='ocrx_word' id='word_1_230' title='bbox 190 2398 366 2439; x_wconf 74' lang='lat' dir='ltr'>abolitam,</span> <span class='ocrx_word' id='word_1_231' title='bbox 379 2397 478 2430; x_wconf 88' lang='lat' dir='ltr'>initio</span> <span class='ocrx_word' id='word_1_232' title='bbox 499 2395 712 2437; x_wconf 76' lang='lat' dir='ltr'>principatus</span> <span class='ocrx_word' id='word_1_233' title='bbox 728 2394 899 2428; x_wconf 88' lang='lat' dir='ltr'>Domitia-</span> 
     </span>
     <span class='ocr_line' id='line_1_48' title="bbox 190 2446 616 2481; baseline -0.009 0"><span class='ocrx_word' id='word_1_234' title='bbox 190 2457 255 2481; x_wconf 76' lang='lat' dir='ltr'>nus</span> <span class='ocrx_word' id='word_1_235' title='bbox 271 2447 438 2480; x_wconf 83' lang='lat' dir='ltr'>restituit.</span> <span class='ocrx_word' id='word_1_236' title='bbox 461 2446 616 2479; x_wconf 74' lang='lat' dir='ltr'>Ber-nort.</span> 
     </span>
    </p>

    <p class='ocr_par' dir='ltr' id='par_1_11' title="bbox 189 2495 902 2846">
     <span class='ocr_line' id='line_1_49' title="bbox 235 2495 899 2540; baseline -0.006 -8"><span class='ocrx_word' id='word_1_237' title='bbox 235 2502 298 2532; x_wconf 74' lang='grc'>108</span> <span class='ocrx_word' id='word_1_238' title='bbox 323 2499 372 2533; x_wconf 75' lang='lat' dir='ltr'>Tu</span> <span class='ocrx_word' id='word_1_239' title='bbox 386 2506 563 2540; x_wconf 72' lang='lat' dir='ltr'>quenquam</span> <span class='ocrx_word' id='word_1_240' title='bbox 573 2506 634 2529; x_wconf 77' lang='lat' dir='ltr'>non</span> <span class='ocrx_word' id='word_1_241' title='bbox 645 2495 733 2538; x_wconf 78' lang='lat' dir='ltr'>ante]</span> <span class='ocrx_word' id='word_1_242' title='bbox 758 2495 827 2530; x_wconf 81' lang='lat' dir='ltr'>Qui</span> <span class='ocrx_word' id='word_1_243' title='bbox 841 2506 899 2528; x_wconf 88' lang='lat' dir='ltr'>ne-</span> 
     </span>
     <span class='ocr_line' id='line_1_50' title="bbox 191 2546 899 2594; baseline -0.007 -11"><span class='ocrx_word' id='word_1_244' title='bbox 191 2559 260 2594; x_wconf 72' lang='lat' dir='ltr'>que</span> <span class='ocrx_word' id='word_1_245' title='bbox 275 2558 339 2583; x_wconf 81' lang='lat' dir='ltr'>usn</span> <span class='ocrx_word' id='word_1_246' title='bbox 355 2549 440 2582; x_wconf 81' lang='lat' dir='ltr'>satis</span> <span class='ocrx_word' id='word_1_247' title='bbox 453 2553 603 2590; x_wconf 80' lang='lat' dir='ltr'>poteras,</span> <span class='ocrx_word' id='word_1_248' title='bbox 612 2551 647 2579; x_wconf 82' lang='lat' dir='ltr'>et</span> <span class='ocrx_word' id='word_1_249' title='bbox 658 2547 691 2580; x_wconf 90' lang='lat' dir='ltr'>in</span> <span class='ocrx_word' id='word_1_250' title='bbox 706 2546 798 2588; x_wconf 85' lang='lat' dir='ltr'>foro,</span> <span class='ocrx_word' id='word_1_251' title='bbox 806 2547 899 2589; x_wconf 88' lang='lat' dir='ltr'>judi-</span> 
     </span>
     <span class='ocr_line' id='line_1_51' title="bbox 190 2598 897 2642; baseline -0.004 -9"><span class='ocrx_word' id='word_1_252' title='bbox 190 2601 303 2634; x_wconf 77' lang='lat' dir='ltr'>eiisnc</span> <span class='ocrx_word' id='word_1_253' title='bbox 310 2599 444 2642; x_wconf 74' lang='lat' dir='ltr'>legibus</span> <span class='ocrx_word' id='word_1_254' title='bbox 457 2609 576 2642; x_wconf 82' lang='lat' dir='ltr'>parum</span> <span class='ocrx_word' id='word_1_255' title='bbox 589 2598 798 2631; x_wconf 81' lang='lat' dir='ltr'>exercitatus</span> <span class='ocrx_word' id='word_1_256' title='bbox 806 2607 897 2640; x_wconf 84' lang='lat' dir='ltr'>eras,</span> 
     </span>
     <span class='ocr_line' id='line_1_52' title="bbox 191 2648 899 2692; baseline -0.01 -6"><span class='ocrx_word' id='word_1_257' title='bbox 191 2661 257 2686; x_wconf 83' lang='lat' dir='ltr'>nec</span> <span class='ocrx_word' id='word_1_258' title='bbox 273 2651 354 2684; x_wconf 86' lang='lat' dir='ltr'>dnm</span> <span class='ocrx_word' id='word_1_259' title='bbox 376 2659 557 2692; x_wconf 74' lang='lat' dir='ltr'>aggressus</span> <span class='ocrx_word' id='word_1_260' title='bbox 571 2648 823 2682; x_wconf 79' lang='lat' dir='ltr'>controversias</span> <span class='ocrx_word' id='word_1_261' title='bbox 839 2658 899 2680; x_wconf 87' lang='lat' dir='ltr'>ex-</span> 
     </span>
     <span class='ocr_line' id='line_1_53' title="bbox 189 2698 901 2745; baseline -0.007 -9"><span class='ocrx_word' id='word_1_262' title='bbox 189 2703 322 2745; x_wconf 72' lang='lat' dir='ltr'>plicare</span> <span class='ocrx_word' id='word_1_263' title='bbox 334 2700 502 2734; x_wconf 77' lang='lat' dir='ltr'>forenses.</span> <span class='ocrx_word' id='word_1_264' title='bbox 546 2699 641 2733; x_wconf 75' lang='grc' dir='ltr'><strong>Οὔπω</strong></span> <span class='ocrx_word' id='word_1_265' title='bbox 654 2698 739 2732; x_wconf 75' lang='grc' dir='ltr'><strong><em>εἰδὼς</em></strong></span> <span class='ocrx_word' id='word_1_266' title='bbox 752 2698 901 2741; x_wconf 70' lang='grc' dir='ltr'>ἀγορέων,</span> 
     </span>
     <span class='ocr_line' id='line_1_54' title="bbox 191 2750 900 2786; baseline -0.006 0"><span class='ocrx_word' id='word_1_267' title='bbox 191 2757 233 2786; x_wconf 79' lang='lat' dir='ltr'>ut</span> <span class='ocrx_word' id='word_1_268' title='bbox 247 2752 396 2786; x_wconf 79' lang='lat' dir='ltr'>Phoenix</span> <span class='ocrx_word' id='word_1_269' title='bbox 412 2751 456 2784; x_wconf 85' lang='lat' dir='ltr'>dc</span> <span class='ocrx_word' id='word_1_270' title='bbox 476 2751 614 2784; x_wconf 84' lang='lat' dir='ltr'>alumno</span> <span class='ocrx_word' id='word_1_271' title='bbox 628 2760 689 2783; x_wconf 75' lang='lat' dir='ltr'>suo</span> <span class='ocrx_word' id='word_1_272' title='bbox 705 2750 824 2783; x_wconf 69' lang='lat' dir='ltr'>Hei-oe</span> <span class='ocrx_word' id='word_1_273' title='bbox 851 2751 900 2783; x_wconf 90' lang='lat' dir='ltr'>lo·</span> 
     </span>
     <span class='ocr_line' id='line_1_55' title="bbox 193 2800 902 2846; baseline -0.004 -10"><span class='ocrx_word' id='word_1_274' title='bbox 193 2803 321 2846; x_wconf 81' lang='lat' dir='ltr'>quitur.</span> <span class='ocrx_word' id='word_1_275' title='bbox 350 2803 472 2836; x_wconf 82' lang='lat' dir='ltr'>Cicero</span> <span class='ocrx_word' id='word_1_276' title='bbox 488 2803 548 2845; x_wconf 82' lang='lat' dir='ltr'>p&#39;ro</span> <span class='ocrx_word' id='word_1_277' title='bbox 563 2802 607 2835; x_wconf 89' lang='lat' dir='ltr'>P.</span> <span class='ocrx_word' id='word_1_278' title='bbox 624 2800 767 2843; x_wconf 84' lang='lat' dir='ltr'>Quinto,</span> <span class='ocrx_word' id='word_1_279' title='bbox 783 2802 818 2833; x_wconf 92' lang='lat' dir='ltr'>in</span> <span class='ocrx_word' id='word_1_280' title='bbox 834 2802 902 2834; x_wconf 83' lang='lat' dir='ltr'>Ex·</span> 
     </span>
    </p>
   </div>
   <div class='ocr_carea' id='block_1_7' title="bbox 1539 227 1654 269">
    <p class='ocr_par' dir='ltr' id='par_1_12' title="bbox 1539 227 1654 269">
     <span class='ocr_line' id='line_1_56' title="bbox 1539 227 1654 269; baseline 0 -1"><span class='ocrx_word' id='word_1_281' title='bbox 1539 227 1559 268; x_wconf 88' lang='lat'>1</span> <span class='ocrx_word' id='word_1_282' title='bbox 1567 227 1654 269; x_wconf 83' lang='lat'>75⁵</span> 
     </span>
    </p>
   </div>
   <div class='ocr_carea' id='block_1_8' title="bbox 944 329 1704 2844">
    <p class='ocr_par' dir='ltr' id='par_1_13' title="bbox 944 329 1167 362">
     <span class='ocr_line' id='line_1_57' title="bbox 944 329 1167 362; baseline -0.004 0"><span class='ocrx_word' id='word_1_283' title='bbox 944 329 1021 362; x_wconf 88' lang='lat' dir='ltr'>ord.</span> <span class='ocrx_word' id='word_1_284' title='bbox 1039 329 1167 362; x_wconf 67' lang='grc' dir='ltr'><strong>Μυκη.</strong></span> 
     </span>
    </p>

    <p class='ocr_par' dir='ltr' id='par_1_14' title="bbox 944 379 1657 714">
     <span class='ocr_line' id='line_1_58' title="bbox 987 379 1654 421; baseline 0 -9"><span class='ocrx_word' id='word_1_285' title='bbox 987 382 1052 412; x_wconf 89' lang='grc'>108</span> <span class='ocrx_word' id='word_1_286' title='bbox 1066 379 1300 421; x_wconf 71' lang='lat' dir='ltr'>Dardanium,</span> <span class='ocrx_word' id='word_1_287' title='bbox 1312 379 1415 421; x_wconf 70' lang='lat' dir='ltr'>mes]</span> <span class='ocrx_word' id='word_1_288' title='bbox 1425 379 1484 412; x_wconf 89' lang='lat' dir='ltr'>Sic</span> <span class='ocrx_word' id='word_1_289' title='bbox 1500 380 1654 412; x_wconf 83' lang='lat' dir='ltr'>scriben-</span> 
     </span>
     <span class='ocr_line' id='line_1_59' title="bbox 945 429 1654 468; baseline 0.001 -6"><span class='ocrx_word' id='word_1_290' title='bbox 945 429 1038 468; x_wconf 77' lang='lat' dir='ltr'>dum,</span> <span class='ocrx_word' id='word_1_291' title='bbox 1064 435 1101 462; x_wconf 91' lang='lat' dir='ltr'>et</span> <span class='ocrx_word' id='word_1_292' title='bbox 1122 430 1254 463; x_wconf 74' lang='lat' dir='ltr'>habent</span> <span class='ocrx_word' id='word_1_293' title='bbox 1276 431 1380 463; x_wconf 84' lang='lat' dir='ltr'>etiam</span> <span class='ocrx_word' id='word_1_294' title='bbox 1396 431 1533 464; x_wconf 85' lang='lat' dir='ltr'>codices</span> <span class='ocrx_word' id='word_1_295' title='bbox 1555 430 1654 463; x_wconf 85' lang='lat' dir='ltr'>Aldi-</span> 
     </span>
     <span class='ocr_line' id='line_1_60' title="bbox 944 480 1653 514; baseline 0.001 -1"><span class='ocrx_word' id='word_1_296' title='bbox 944 480 990 513; x_wconf 89' lang='lat' dir='ltr'>ni.</span> <span class='ocrx_word' id='word_1_297' title='bbox 1033 481 1106 513; x_wconf 88' lang='lat' dir='ltr'>Per</span> <span class='ocrx_word' id='word_1_298' title='bbox 1122 481 1132 499; x_wconf 91' lang='lat'>‘</span> <span class='ocrx_word' id='word_1_299' title='bbox 1149 480 1366 513; x_wconf 80' lang='lat' dir='ltr'>Dardanium</span> <span class='ocrx_word' id='word_1_300' title='bbox 1383 490 1499 514; x_wconf 87' lang='lat' dir='ltr'>senem</span> <span class='ocrx_word' id='word_1_301' title='bbox 1512 481 1523 496; x_wconf 87' lang='lat'><em>&#39;</em></span> <span class='ocrx_word' id='word_1_302' title='bbox 1552 480 1653 514; x_wconf 78' lang='lat' dir='ltr'>Albae</span> 
     </span>
     <span class='ocr_line' id='line_1_61' title="bbox 947 530 1655 574; baseline 0.004 -12"><span class='ocrx_word' id='word_1_303' title='bbox 947 531 1058 572; x_wconf 80' lang='lat' dir='ltr'>Reges</span> <span class='ocrx_word' id='word_1_304' title='bbox 1081 530 1127 563; x_wconf 88' lang='lat' dir='ltr'>ab</span> <span class='ocrx_word' id='word_1_305' title='bbox 1149 530 1257 563; x_wconf 84' lang='lat' dir='ltr'>AEnea</span> <span class='ocrx_word' id='word_1_306' title='bbox 1279 531 1442 564; x_wconf 89' lang='lat' dir='ltr'>oriundos</span> <span class='ocrx_word' id='word_1_307' title='bbox 1478 533 1655 574; x_wconf 79' lang='lat' dir='ltr'>intelligit.</span> 
     </span>
     <span class='ocr_line' id='line_1_62' title="bbox 945 581 1657 615; baseline 0.003 -3"><span class='ocrx_word' id='word_1_308' title='bbox 945 581 994 613; x_wconf 90' lang='lat' dir='ltr'>Ut</span> <span class='ocrx_word' id='word_1_309' title='bbox 1008 581 1123 613; x_wconf 87' lang='lat' dir='ltr'>multis</span> <span class='ocrx_word' id='word_1_310' title='bbox 1139 585 1233 613; x_wconf 86' lang='lat' dir='ltr'>retro</span> <span class='ocrx_word' id='word_1_311' title='bbox 1256 582 1381 613; x_wconf 85' lang='lat' dir='ltr'>seculis</span> <span class='ocrx_word' id='word_1_312' title='bbox 1395 582 1477 614; x_wconf 84' lang='lat' dir='ltr'>nihil</span> <span class='ocrx_word' id='word_1_313' title='bbox 1491 582 1561 614; x_wconf 85' lang='lat' dir='ltr'>tale</span> <span class='ocrx_word' id='word_1_314' title='bbox 1577 592 1657 615; x_wconf 89' lang='lat' dir='ltr'>con·</span> 
     </span>
     <span class='ocr_line' id='line_1_63' title="bbox 945 630 1655 674; baseline 0.004 -12"><span class='ocrx_word' id='word_1_315' title='bbox 945 630 1064 672; x_wconf 85' lang='lat' dir='ltr'>tigisse</span> <span class='ocrx_word' id='word_1_316' title='bbox 1075 631 1248 663; x_wconf 81' lang='lat' dir='ltr'>sententia</span> <span class='ocrx_word' id='word_1_317' title='bbox 1262 631 1316 664; x_wconf 85' lang='lat' dir='ltr'>sit.</span> <span class='ocrx_word' id='word_1_318' title='bbox 1347 632 1463 672; x_wconf 76' lang='lat' dir='ltr'>Strage</span> <span class='ocrx_word' id='word_1_319' title='bbox 1469 632 1557 674; x_wconf 83' lang='lat' dir='ltr'>fori]</span> <span class='ocrx_word' id='word_1_320' title='bbox 1573 633 1655 665; x_wconf 79' lang='lat' dir='ltr'>Reis</span> 
     </span>
     <span class='ocr_line' id='line_1_64' title="bbox 945 680 1544 714; baseline 0.002 -1"><span class='ocrx_word' id='word_1_321' title='bbox 945 680 1026 713; x_wconf 86' lang='lat' dir='ltr'>hinc</span> <span class='ocrx_word' id='word_1_322' title='bbox 1040 680 1121 713; x_wconf 87' lang='lat' dir='ltr'>inde</span> <span class='ocrx_word' id='word_1_323' title='bbox 1137 681 1394 714; x_wconf 80' lang='lat' dir='ltr'>corruentibus.</span> <span class='ocrx_word' id='word_1_324' title='bbox 1421 682 1544 714; x_wconf 76' lang='lat' dir='ltr'>Barth.</span> 
     </span>
    </p>

    <p class='ocr_par' dir='ltr' id='par_1_15' title="bbox 944 731 1662 1677">
     <span class='ocr_line' id='line_1_65' title="bbox 990 731 1656 772; baseline 0.002 -9"><span class='ocrx_word' id='word_1_325' title='bbox 990 733 1052 763; x_wconf 85' lang='lat'>11⁵</span> <span class='ocrx_word' id='word_1_326' title='bbox 1088 731 1279 763; x_wconf 67' lang='lat' dir='ltr'>Ten-dentem</span> <span class='ocrx_word' id='word_1_327' title='bbox 1302 731 1426 772; x_wconf 73' lang='lat' dir='ltr'>curm]</span> <span class='ocrx_word' id='word_1_328' title='bbox 1466 731 1546 764; x_wconf 89' lang='lat' dir='ltr'>Scio</span> <span class='ocrx_word' id='word_1_329' title='bbox 1574 731 1656 764; x_wconf 86' lang='lat' dir='ltr'>alibi</span> 
     </span>
     <span class='ocr_line' id='line_1_66' title="bbox 944 780 1657 824; baseline 0 -10"><span class='ocrx_word' id='word_1_330' title='bbox 944 781 1093 814; x_wconf 84' lang='lat' dir='ltr'>Statium</span> <span class='ocrx_word' id='word_1_331' title='bbox 1118 780 1295 813; x_wconf 86' lang='lat' dir='ltr'>scribere:</span> <span class='ocrx_word' id='word_1_332' title='bbox 1335 781 1551 824; x_wconf 85' lang='lat' dir='ltr'>‘obliquant</span> <span class='ocrx_word' id='word_1_333' title='bbox 1581 784 1657 814; x_wconf 80' lang='lat' dir='ltr'>ten·</span> 
     </span>
     <span class='ocr_line' id='line_1_67' title="bbox 947 830 1656 873; baseline 0.001 -10"><span class='ocrx_word' id='word_1_334' title='bbox 947 831 1101 873; x_wconf 88' lang='lat' dir='ltr'>duntque</span> <span class='ocrx_word' id='word_1_335' title='bbox 1130 830 1229 863; x_wconf 59' lang='lat' dir='ltr'>vias)</span> <span class='ocrx_word' id='word_1_336' title='bbox 1270 831 1340 863; x_wconf 85' lang='lat' dir='ltr'>Sed</span> <span class='ocrx_word' id='word_1_337' title='bbox 1369 831 1451 863; x_wconf 83' lang='lat' dir='ltr'>mihi</span> <span class='ocrx_word' id='word_1_338' title='bbox 1481 831 1656 864; x_wconf 74' lang='lat' dir='ltr'>milvinum</span> 
     </span>
     <span class='ocr_line' id='line_1_68' title="bbox 945 880 1654 922; baseline 0.003 -10"><span class='ocrx_word' id='word_1_339' title='bbox 945 881 1111 922; x_wconf 71' lang='lat' dir='ltr'>oggessit,</span> <span class='ocrx_word' id='word_1_340' title='bbox 1126 880 1217 922; x_wconf 84' lang='lat' dir='ltr'>quod</span> <span class='ocrx_word' id='word_1_341' title='bbox 1233 880 1363 913; x_wconf 81' lang='lat' dir='ltr'>habent</span> <span class='ocrx_word' id='word_1_342' title='bbox 1375 881 1472 913; x_wconf 89' lang='lat' dir='ltr'>Rom.</span> <span class='ocrx_word' id='word_1_343' title='bbox 1487 886 1524 914; x_wconf 87' lang='lat' dir='ltr'>et</span> <span class='ocrx_word' id='word_1_344' title='bbox 1542 882 1654 914; x_wconf 88' lang='lat' dir='ltr'>Vene-</span> 
     </span>
     <span class='ocr_line' id='line_1_69' title="bbox 946 930 1656 966; baseline 0.003 -3"><span class='ocrx_word' id='word_1_345' title='bbox 946 934 984 963; x_wconf 89' lang='lat' dir='ltr'>ta</span> <span class='ocrx_word' id='word_1_346' title='bbox 999 930 1188 966; x_wconf 76' lang='lat' dir='ltr'>editiones:</span> <span class='ocrx_word' id='word_1_347' title='bbox 1219 930 1412 963; x_wconf 70' lang='lat' dir='ltr'>Pendentem</span> <span class='ocrx_word' id='word_1_348' title='bbox 1428 940 1546 963; x_wconf 74' lang='lat' dir='ltr'>cursus.</span> <span class='ocrx_word' id='word_1_349' title='bbox 1577 931 1656 965; x_wconf 84' lang='lat' dir='ltr'>Quo</span> 
     </span>
     <span class='ocr_line' id='line_1_70' title="bbox 946 980 1657 1023; baseline 0 -11"><span class='ocrx_word' id='word_1_350' title='bbox 946 980 1124 1022; x_wconf 78' lang='lat' dir='ltr'>aurigatur</span> <span class='ocrx_word' id='word_1_351' title='bbox 1163 984 1200 1012; x_wconf 84' lang='lat' dir='ltr'>et</span> <span class='ocrx_word' id='word_1_352' title='bbox 1244 980 1314 1012; x_wconf 89' lang='lat' dir='ltr'>Ms.</span> <span class='ocrx_word' id='word_1_353' title='bbox 1347 980 1557 1018; x_wconf 81' lang='lat' dir='ltr'>Medicaeus,</span> <span class='ocrx_word' id='word_1_354' title='bbox 1598 981 1657 1023; x_wconf 86' lang='lat' dir='ltr'>qui</span> 
     </span>
     <span class='ocr_line' id='line_1_71' title="bbox 945 1030 1658 1073; baseline 0 -10"><span class='ocrx_word' id='word_1_355' title='bbox 945 1031 1159 1064; x_wconf 77' lang='lat' dir='ltr'>Prendeutem</span> <span class='ocrx_word' id='word_1_356' title='bbox 1174 1030 1303 1071; x_wconf 82' lang='lat' dir='ltr'>habet;</span> <span class='ocrx_word' id='word_1_357' title='bbox 1333 1031 1424 1073; x_wconf 87' lang='lat' dir='ltr'>quod</span> <span class='ocrx_word' id='word_1_358' title='bbox 1437 1031 1550 1073; x_wconf 82' lang='lat' dir='ltr'>possit</span> <span class='ocrx_word' id='word_1_359' title='bbox 1565 1031 1658 1064; x_wconf 87' lang='lat' dir='ltr'>vide-</span> 
     </span>
     <span class='ocr_line' id='line_1_72' title="bbox 946 1082 1659 1124; baseline 0.001 -10"><span class='ocrx_word' id='word_1_360' title='bbox 946 1082 977 1114; x_wconf 90' lang='lat' dir='ltr'>ri</span> <span class='ocrx_word' id='word_1_361' title='bbox 991 1082 1136 1122; x_wconf 82' lang='lat' dir='ltr'>dictum,</span> <span class='ocrx_word' id='word_1_362' title='bbox 1151 1087 1191 1114; x_wconf 89' lang='lat' dir='ltr'>ut</span> <span class='ocrx_word' id='word_1_363' title='bbox 1220 1082 1230 1099; x_wconf 92' lang='lat'>‘</span> <span class='ocrx_word' id='word_1_364' title='bbox 1247 1091 1396 1124; x_wconf 83' lang='lat' dir='ltr'>carpere</span> <span class='ocrx_word' id='word_1_365' title='bbox 1418 1083 1533 1123; x_wconf 83' lang='lat' dir='ltr'>viam‚’</span> <span class='ocrx_word' id='word_1_366' title='bbox 1556 1082 1566 1101; x_wconf 88' lang='lat'>‘</span> <span class='ocrx_word' id='word_1_367' title='bbox 1583 1092 1659 1115; x_wconf 87' lang='lat' dir='ltr'>car-</span> 
     </span>
     <span class='ocr_line' id='line_1_73' title="bbox 947 1130 1658 1174; baseline 0.004 -11"><span class='ocrx_word' id='word_1_368' title='bbox 947 1141 1030 1174; x_wconf 87' lang='lat' dir='ltr'>pere</span> <span class='ocrx_word' id='word_1_369' title='bbox 1047 1141 1166 1174; x_wconf 81' lang='lat' dir='ltr'>gyrum</span> <span class='ocrx_word' id='word_1_370' title='bbox 1179 1130 1189 1146; x_wconf 91' lang='lat'>&#39;</span> <span class='ocrx_word' id='word_1_371' title='bbox 1218 1132 1368 1165; x_wconf 81' lang='lat' dir='ltr'>Maroni.</span> <span class='ocrx_word' id='word_1_372' title='bbox 1410 1132 1479 1165; x_wconf 87' lang='lat' dir='ltr'>Sed</span> <span class='ocrx_word' id='word_1_373' title='bbox 1502 1133 1570 1166; x_wconf 88' lang='lat' dir='ltr'>isto</span> <span class='ocrx_word' id='word_1_374' title='bbox 1585 1142 1658 1166; x_wconf 89' lang='lat' dir='ltr'>mo-</span> 
     </span>
     <span class='ocr_line' id='line_1_74' title="bbox 946 1181 1658 1225; baseline 0.001 -11"><span class='ocrx_word' id='word_1_375' title='bbox 946 1181 991 1214; x_wconf 87' lang='lat' dir='ltr'>do</span> <span class='ocrx_word' id='word_1_376' title='bbox 1010 1182 1143 1214; x_wconf 79' lang='lat' dir='ltr'>Statius</span> <span class='ocrx_word' id='word_1_377' title='bbox 1171 1181 1325 1224; x_wconf 82' lang='lat' dir='ltr'>reliquit.</span> <span class='ocrx_word' id='word_1_378' title='bbox 1369 1182 1427 1214; x_wconf 78' lang='lat' dir='ltr'>Ita</span> <span class='ocrx_word' id='word_1_379' title='bbox 1442 1183 1517 1224; x_wconf 81' lang='lat' dir='ltr'>egit</span> <span class='ocrx_word' id='word_1_380' title='bbox 1531 1192 1658 1225; x_wconf 86' lang='lat' dir='ltr'>equum</span> 
     </span>
     <span class='ocr_line' id='line_1_75' title="bbox 947 1232 1659 1274; baseline 0.006 -11"><span class='ocrx_word' id='word_1_381' title='bbox 947 1232 1140 1274; x_wconf 83' lang='lat' dir='ltr'>Crispinus,</span> <span class='ocrx_word' id='word_1_382' title='bbox 1165 1237 1204 1264; x_wconf 88' lang='lat' dir='ltr'>ut</span> <span class='ocrx_word' id='word_1_383' title='bbox 1227 1241 1294 1264; x_wconf 89' lang='lat' dir='ltr'>non</span> <span class='ocrx_word' id='word_1_384' title='bbox 1321 1232 1492 1274; x_wconf 84' lang='lat' dir='ltr'>equitare,</span> <span class='ocrx_word' id='word_1_385' title='bbox 1511 1233 1572 1266; x_wconf 83' lang='lat' dir='ltr'>sed</span> <span class='ocrx_word' id='word_1_386' title='bbox 1600 1243 1659 1267; x_wconf 83' lang='lat' dir='ltr'>vo·</span> 
     </span>
     <span class='ocr_line' id='line_1_76' title="bbox 946 1282 1659 1325; baseline 0.003 -11"><span class='ocrx_word' id='word_1_387' title='bbox 946 1282 1031 1322; x_wconf 87' lang='lat' dir='ltr'>lare,</span> <span class='ocrx_word' id='word_1_388' title='bbox 1047 1291 1115 1314; x_wconf 92' lang='lat' dir='ltr'>non</span> <span class='ocrx_word' id='word_1_389' title='bbox 1131 1291 1255 1323; x_wconf 82' lang='lat' dir='ltr'>campo</span> <span class='ocrx_word' id='word_1_390' title='bbox 1271 1283 1361 1323; x_wconf 86' lang='lat' dir='ltr'>vehi,</span> <span class='ocrx_word' id='word_1_391' title='bbox 1376 1282 1437 1314; x_wconf 84' lang='lat' dir='ltr'>sed</span> <span class='ocrx_word' id='word_1_392' title='bbox 1454 1292 1559 1324; x_wconf 85' lang='lat' dir='ltr'>supra</span> <span class='ocrx_word' id='word_1_393' title='bbox 1574 1293 1659 1325; x_wconf 83' lang='lat' dir='ltr'>pen·</span> 
     </span>
     <span class='ocr_line' id='line_1_77' title="bbox 947 1331 1658 1375; baseline 0.004 -12"><span class='ocrx_word' id='word_1_394' title='bbox 947 1331 1031 1364; x_wconf 88' lang='lat' dir='ltr'>dere</span> <span class='ocrx_word' id='word_1_395' title='bbox 1057 1331 1244 1364; x_wconf 84' lang='lat' dir='ltr'>videretur.</span> <span class='ocrx_word' id='word_1_396' title='bbox 1289 1332 1499 1364; x_wconf 80' lang='lat' dir='ltr'>Claudianus</span> <span class='ocrx_word' id='word_1_397' title='bbox 1524 1332 1658 1375; x_wconf 85' lang='lat' dir='ltr'>Paneg.</span> 
     </span>
     <span class='ocr_line' id='line_1_78' title="bbox 946 1381 1659 1416; baseline 0.001 -2"><span class='ocrx_word' id='word_1_398' title='bbox 946 1382 981 1414; x_wconf 89' lang='lat' dir='ltr'>in</span> <span class='ocrx_word' id='word_1_399' title='bbox 997 1391 1048 1414; x_wconf 79' lang='lat' dir='ltr'>xv.</span> <span class='ocrx_word' id='word_1_400' title='bbox 1073 1382 1178 1414; x_wconf 83' lang='lat' dir='ltr'>cons.</span> <span class='ocrx_word' id='word_1_401' title='bbox 1206 1381 1376 1415; x_wconf 83' lang='lat' dir='ltr'>Honorii:</span> <span class='ocrx_word' id='word_1_402' title='bbox 1399 1385 1410 1401; x_wconf 81' lang='lat'><strong><em>⁴</em></strong></span> <span class='ocrx_word' id='word_1_403' title='bbox 1428 1383 1498 1414; x_wconf 88' lang='lat' dir='ltr'>Vix</span> <span class='ocrx_word' id='word_1_404' title='bbox 1513 1383 1659 1416; x_wconf 85' lang='lat' dir='ltr'>comites</span> 
     </span>
     <span class='ocr_line' id='line_1_79' title="bbox 949 1433 1661 1475; baseline 0.001 -10"><span class='ocrx_word' id='word_1_405' title='bbox 949 1434 1025 1474; x_wconf 85' lang='lat' dir='ltr'>alae,</span> <span class='ocrx_word' id='word_1_406' title='bbox 1040 1433 1098 1465; x_wconf 83' lang='lat' dir='ltr'>vix</span> <span class='ocrx_word' id='word_1_407' title='bbox 1125 1437 1162 1464; x_wconf 89' lang='lat' dir='ltr'>te</span> <span class='ocrx_word' id='word_1_408' title='bbox 1185 1442 1352 1474; x_wconf 85' lang='lat' dir='ltr'>suspensa</span> <span class='ocrx_word' id='word_1_409' title='bbox 1377 1439 1566 1475; x_wconf 87' lang='lat' dir='ltr'>sequantur</span> <span class='ocrx_word' id='word_1_410' title='bbox 1588 1433 1661 1475; x_wconf 82' lang='lat' dir='ltr'>Ag-</span> 
     </span>
     <span class='ocr_line' id='line_1_80' title="bbox 948 1483 1660 1525; baseline 0.001 -11"><span class='ocrx_word' id='word_1_411' title='bbox 948 1483 1066 1515; x_wconf 66' lang='lat' dir='ltr'>mina!</span> <span class='ocrx_word' id='word_1_412' title='bbox 1108 1484 1119 1502; x_wconf 90' lang='lat'>‘</span> <span class='ocrx_word' id='word_1_413' title='bbox 1132 1483 1293 1514; x_wconf 82' lang='lat' dir='ltr'>Pendere</span> <span class='ocrx_word' id='word_1_414' title='bbox 1309 1492 1430 1515; x_wconf 88' lang='lat' dir='ltr'>cursus</span> <span class='ocrx_word' id='word_1_415' title='bbox 1444 1483 1453 1498; x_wconf 86' lang='lat'>&#39;</span> <span class='ocrx_word' id='word_1_416' title='bbox 1475 1492 1582 1525; x_wconf 83' lang='lat' dir='ltr'>genus</span> <span class='ocrx_word' id='word_1_417' title='bbox 1609 1484 1660 1516; x_wconf 90' lang='lat' dir='ltr'>lo-</span> 
     </span>
     <span class='ocr_line' id='line_1_81' title="bbox 950 1533 1662 1576; baseline 0.001 -11"><span class='ocrx_word' id='word_1_418' title='bbox 950 1533 1078 1576; x_wconf 86' lang='lat' dir='ltr'>quendi</span> <span class='ocrx_word' id='word_1_419' title='bbox 1103 1533 1237 1566; x_wconf 82' lang='lat' dir='ltr'>Graecis</span> <span class='ocrx_word' id='word_1_420' title='bbox 1259 1537 1296 1565; x_wconf 90' lang='lat' dir='ltr'>et</span> <span class='ocrx_word' id='word_1_421' title='bbox 1320 1533 1451 1566; x_wconf 82' lang='lat' dir='ltr'>Latinis</span> <span class='ocrx_word' id='word_1_422' title='bbox 1479 1533 1662 1566; x_wconf 83' lang='lat' dir='ltr'>usitatissi-</span> 
     </span>
     <span class='ocr_line' id='line_1_82' title="bbox 948 1582 1659 1628; baseline -0.001 -12"><span class='ocrx_word' id='word_1_423' title='bbox 948 1594 1054 1626; x_wconf 89' lang='lat' dir='ltr'>mum,</span> <span class='ocrx_word' id='word_1_424' title='bbox 1083 1592 1146 1626; x_wconf 86' lang='lat' dir='ltr'>pro</span> <span class='ocrx_word' id='word_1_425' title='bbox 1169 1582 1322 1625; x_wconf 87' lang='lat' dir='ltr'>pendere</span> <span class='ocrx_word' id='word_1_426' title='bbox 1351 1583 1400 1628; x_wconf 33' lang='lat' dir='ltr'>in*</span> <span class='ocrx_word' id='word_1_427' title='bbox 1411 1583 1585 1625; x_wconf 85' lang='lat' dir='ltr'>cursibus,</span> <span class='ocrx_word' id='word_1_428' title='bbox 1603 1584 1659 1616; x_wconf 88' lang='lat' dir='ltr'>vel</span> 
     </span>
     <span class='ocr_line' id='line_1_83' title="bbox 948 1633 1662 1677; baseline 0 -10"><span class='ocrx_word' id='word_1_429' title='bbox 948 1635 1159 1677; x_wconf 86' lang='lat' dir='ltr'>pendentem</span> <span class='ocrx_word' id='word_1_430' title='bbox 1167 1633 1284 1667; x_wconf 85' lang='lat' dir='ltr'>facere</span> <span class='ocrx_word' id='word_1_431' title='bbox 1294 1644 1426 1667; x_wconf 84' lang='lat' dir='ltr'>cursus.</span> <span class='ocrx_word' id='word_1_432' title='bbox 1439 1635 1662 1668; x_wconf 75' lang='lat' dir='ltr'>Gran-Diatr.</span> 
     </span>
    </p>

    <p class='ocr_par' dir='ltr' id='par_1_16' title="bbox 948 1678 1664 2022">
     <span class='ocr_line' id='line_1_84' title="bbox 994 1678 1661 1726; baseline 0 -8"><span class='ocrx_word' id='word_1_433' title='bbox 994 1688 1058 1718; x_wconf 87' lang='lat'>120</span> <span class='ocrx_word' id='word_1_434' title='bbox 1085 1685 1264 1726; x_wconf 69' lang='lat' dir='ltr'>Flagrobat</span> <span class='ocrx_word' id='word_1_435' title='bbox 1283 1684 1422 1726; x_wconf 80' lang='lat' dir='ltr'>Elisam]</span> <span class='ocrx_word' id='word_1_436' title='bbox 1442 1678 1543 1718; x_wconf 80' lang='lat' dir='ltr'>Dura</span> <span class='ocrx_word' id='word_1_437' title='bbox 1566 1685 1661 1718; x_wconf 86' lang='lat' dir='ltr'>locu-</span> 
     </span>
     <span class='ocr_line' id='line_1_85' title="bbox 948 1734 1661 1769; baseline -0.001 0"><span class='ocrx_word' id='word_1_438' title='bbox 948 1736 1021 1769; x_wconf 84' lang='lat' dir='ltr'>tio:</span> <span class='ocrx_word' id='word_1_439' title='bbox 1050 1735 1257 1768; x_wconf 84' lang='lat' dir='ltr'>sententiam</span> <span class='ocrx_word' id='word_1_440' title='bbox 1274 1734 1429 1767; x_wconf 83' lang='lat' dir='ltr'>videmus</span> <span class='ocrx_word' id='word_1_441' title='bbox 1453 1744 1530 1767; x_wconf 87' lang='lat' dir='ltr'>esse</span> <span class='ocrx_word' id='word_1_442' title='bbox 1551 1735 1661 1768; x_wconf 77' lang='lat' dir='ltr'>lianc:</span> 
     </span>
     <span class='ocr_line' id='line_1_86' title="bbox 948 1786 1663 1828; baseline 0 -9"><span class='ocrx_word' id='word_1_443' title='bbox 948 1786 1167 1819; x_wconf 84' lang='lat' dir='ltr'>Incendebat</span> <span class='ocrx_word' id='word_1_444' title='bbox 1192 1786 1320 1818; x_wconf 84' lang='lat' dir='ltr'>Elisam</span> <span class='ocrx_word' id='word_1_445' title='bbox 1343 1791 1383 1818; x_wconf 91' lang='lat' dir='ltr'>ut</span> <span class='ocrx_word' id='word_1_446' title='bbox 1405 1786 1549 1818; x_wconf 79' lang='lat' dir='ltr'>similem</span> <span class='ocrx_word' id='word_1_447' title='bbox 1579 1795 1663 1828; x_wconf 86' lang='lat' dir='ltr'>pue-</span> 
     </span>
     <span class='ocr_line' id='line_1_87' title="bbox 949 1837 1664 1879; baseline -0.001 -9"><span class='ocrx_word' id='word_1_448' title='bbox 949 1847 1024 1870; x_wconf 87' lang='lat' dir='ltr'>rum</span> <span class='ocrx_word' id='word_1_449' title='bbox 1041 1847 1085 1870; x_wconf 88' lang='lat' dir='ltr'>ex</span> <span class='ocrx_word' id='word_1_450' title='bbox 1101 1837 1211 1869; x_wconf 82' lang='lat' dir='ltr'>AEnea</span> <span class='ocrx_word' id='word_1_451' title='bbox 1226 1837 1370 1878; x_wconf 80' lang='lat' dir='ltr'>gignere</span> <span class='ocrx_word' id='word_1_452' title='bbox 1386 1841 1546 1879; x_wconf 88' lang='lat' dir='ltr'>cuperet.</span> <span class='ocrx_word' id='word_1_453' title='bbox 1579 1837 1664 1879; x_wconf 78' lang='lat' dir='ltr'>Ipsa</span> 
     </span>
     <span class='ocr_line' id='line_1_88' title="bbox 950 1887 1664 1929; baseline -0.001 -9"><span class='ocrx_word' id='word_1_454' title='bbox 950 1892 1030 1920; x_wconf 85' lang='lat' dir='ltr'>ante</span> <span class='ocrx_word' id='word_1_455' title='bbox 1056 1892 1202 1920; x_wconf 82' lang='lat' dir='ltr'>mortem</span> <span class='ocrx_word' id='word_1_456' title='bbox 1224 1888 1370 1919; x_wconf 78' lang='lat' dir='ltr'>clamat:</span> <span class='ocrx_word' id='word_1_457' title='bbox 1400 1888 1410 1905; x_wconf 90' lang='lat'>‘</span> <span class='ocrx_word' id='word_1_458' title='bbox 1427 1888 1455 1918; x_wconf 87' lang='lat' dir='ltr'>si</span> <span class='ocrx_word' id='word_1_459' title='bbox 1479 1887 1556 1929; x_wconf 91' lang='lat' dir='ltr'>quis</span> <span class='ocrx_word' id='word_1_460' title='bbox 1579 1887 1664 1919; x_wconf 86' lang='lat' dir='ltr'>mihi</span> 
     </span>
     <span class='ocr_line' id='line_1_89' title="bbox 951 1937 1664 1980; baseline 0.001 -11"><span class='ocrx_word' id='word_1_461' title='bbox 951 1939 1115 1980; x_wconf 85' lang='lat' dir='ltr'>parvulus</span> <span class='ocrx_word' id='word_1_462' title='bbox 1140 1938 1218 1970; x_wconf 83' lang='lat' dir='ltr'>aula</span> <span class='ocrx_word' id='word_1_463' title='bbox 1233 1938 1387 1970; x_wconf 83' lang='lat' dir='ltr'>Luderet</span> <span class='ocrx_word' id='word_1_464' title='bbox 1403 1937 1540 1979; x_wconf 81' lang='lat' dir='ltr'>AEneas,</span> <span class='ocrx_word' id='word_1_465' title='bbox 1555 1938 1664 1980; x_wconf 82' lang='lat' dir='ltr'>quite</span> 
     </span>
     <span class='ocr_line' id='line_1_90' title="bbox 952 1987 1494 2022; baseline -0.002 -1"><span class='ocrx_word' id='word_1_466' title='bbox 952 1994 1086 2021; x_wconf 81' lang='lat' dir='ltr'>tantum</span> <span class='ocrx_word' id='word_1_467' title='bbox 1102 1998 1162 2021; x_wconf 89' lang='lat' dir='ltr'>ore</span> <span class='ocrx_word' id='word_1_468' title='bbox 1179 1987 1353 2022; x_wconf 65' lang='lat' dir='ltr'>referret!</span> <span class='ocrx_word' id='word_1_469' title='bbox 1374 1988 1494 2021; x_wconf 81' lang='lat' dir='ltr'>Barth.</span> 
     </span>
    </p>

    <p class='ocr_par' dir='ltr' id='par_1_17' title="bbox 951 2039 1704 2588">
     <span class='ocr_line' id='line_1_91' title="bbox 995 2039 1664 2082; baseline -0.001 -10"><span class='ocrx_word' id='word_1_470' title='bbox 995 2042 1057 2072; x_wconf 81' lang='lat'>121</span> <span class='ocrx_word' id='word_1_471' title='bbox 1090 2040 1179 2082; x_wconf 80' lang='lat' dir='ltr'>Gyro</span> <span class='ocrx_word' id='word_1_472' title='bbox 1206 2040 1337 2081; x_wconf 78' lang='lat' dir='ltr'>leviore]</span> <span class='ocrx_word' id='word_1_473' title='bbox 1366 2039 1458 2072; x_wconf 91' lang='lat' dir='ltr'>Vide</span> <span class='ocrx_word' id='word_1_474' title='bbox 1474 2049 1518 2071; x_wconf 85' lang='lat' dir='ltr'>an</span> <span class='ocrx_word' id='word_1_475' title='bbox 1542 2039 1588 2072; x_wconf 89' lang='lat' dir='ltr'>sit</span> <span class='ocrx_word' id='word_1_476' title='bbox 1603 2049 1664 2082; x_wconf 89' lang='lat' dir='ltr'>po-</span> 
     </span>
     <span class='ocr_line' id='line_1_92' title="bbox 952 2089 1664 2131; baseline 0.001 -9"><span class='ocrx_word' id='word_1_477' title='bbox 952 2090 1034 2131; x_wconf 85' lang='lat' dir='ltr'>tius,</span> <span class='ocrx_word' id='word_1_478' title='bbox 1048 2090 1199 2122; x_wconf 84' lang='lat' dir='ltr'>breviore.</span> <span class='ocrx_word' id='word_1_479' title='bbox 1246 2091 1364 2123; x_wconf 82' lang='lat' dir='ltr'>Caesar</span> <span class='ocrx_word' id='word_1_480' title='bbox 1385 2089 1431 2122; x_wconf 86' lang='lat' dir='ltr'>de</span> <span class='ocrx_word' id='word_1_481' title='bbox 1454 2090 1553 2122; x_wconf 84' lang='lat' dir='ltr'>Bello</span> <span class='ocrx_word' id='word_1_482' title='bbox 1569 2089 1664 2123; x_wconf 83' lang='lat' dir='ltr'>Gan.</span> 
     </span>
     <span class='ocr_line' id='line_1_93' title="bbox 951 2141 1665 2182; baseline -0.001 -9"><span class='ocrx_word' id='word_1_483' title='bbox 951 2141 1013 2174; x_wconf 87' lang='lat' dir='ltr'>lib.</span> <span class='ocrx_word' id='word_1_484' title='bbox 1043 2150 1096 2173; x_wconf 83' lang='grc' dir='ltr'>ιν.</span> <span class='ocrx_word' id='word_1_485' title='bbox 1140 2142 1150 2158; x_wconf 91' lang='lat'>‘</span> <span class='ocrx_word' id='word_1_486' title='bbox 1169 2142 1210 2173; x_wconf 86' lang='lat' dir='ltr'>In</span> <span class='ocrx_word' id='word_1_487' title='bbox 1252 2141 1379 2173; x_wconf 85' lang='lat' dir='ltr'>declivi</span> <span class='ocrx_word' id='word_1_488' title='bbox 1411 2151 1452 2173; x_wconf 79' lang='lat' dir='ltr'>ac</span> <span class='ocrx_word' id='word_1_489' title='bbox 1489 2141 1665 2182; x_wconf 83' lang='lat' dir='ltr'>praecipiti</span> 
     </span>
     <span class='ocr_line' id='line_1_94' title="bbox 952 2192 1660 2235; baseline 0.001 -10"><span class='ocrx_word' id='word_1_490' title='bbox 952 2193 1027 2225; x_wconf 91' lang='lat' dir='ltr'>loco</span> <span class='ocrx_word' id='word_1_491' title='bbox 1040 2193 1204 2225; x_wconf 87' lang='lat' dir='ltr'>incitatos</span> <span class='ocrx_word' id='word_1_492' title='bbox 1217 2202 1323 2235; x_wconf 86' lang='lat' dir='ltr'>equos</span> <span class='ocrx_word' id='word_1_493' title='bbox 1336 2193 1523 2234; x_wconf 78' lang='lat' dir='ltr'>sustinere,</span> <span class='ocrx_word' id='word_1_494' title='bbox 1532 2202 1576 2224; x_wconf 84' lang='lat' dir='ltr'>ex</span> <span class='ocrx_word' id='word_1_495' title='bbox 1588 2192 1660 2227; x_wconf 79' lang='lat' dir='ltr'>bre·</span> 
     </span>
     <span class='ocr_line' id='line_1_95' title="bbox 953 2242 1665 2276; baseline 0 -1"><span class='ocrx_word' id='word_1_496' title='bbox 953 2243 987 2275; x_wconf 88' lang='lat' dir='ltr'>vi</span> <span class='ocrx_word' id='word_1_497' title='bbox 1017 2243 1190 2275; x_wconf 80' lang='lat' dir='ltr'>moderari</span> <span class='ocrx_word' id='word_1_498' title='bbox 1220 2253 1262 2275; x_wconf 87' lang='lat' dir='ltr'>ac</span> <span class='ocrx_word' id='word_1_499' title='bbox 1293 2242 1457 2276; x_wconf 71' lang='lat' dir='ltr'>flectere:</span> <span class='ocrx_word' id='word_1_500' title='bbox 1510 2243 1665 2275; x_wconf 88' lang='lat' dir='ltr'>Tibullus</span> 
     </span>
     <span class='ocr_line' id='line_1_96' title="bbox 953 2293 1666 2336; baseline 0 -10"><span class='ocrx_word' id='word_1_501' title='bbox 953 2293 1012 2326; x_wconf 86' lang='lat' dir='ltr'>lib.</span> <span class='ocrx_word' id='word_1_502' title='bbox 1029 2302 1055 2325; x_wconf 78' lang='grc' dir='ltr'>ι.</span> <span class='ocrx_word' id='word_1_503' title='bbox 1072 2294 1082 2311; x_wconf 91' lang='lat'>‘</span> <span class='ocrx_word' id='word_1_504' title='bbox 1100 2298 1137 2326; x_wconf 88' lang='lat' dir='ltr'>et</span> <span class='ocrx_word' id='word_1_505' title='bbox 1154 2293 1309 2335; x_wconf 77' lang='lat' dir='ltr'>angustis</span> <span class='ocrx_word' id='word_1_506' title='bbox 1324 2293 1415 2336; x_wconf 87' lang='lat' dir='ltr'>quod</span> <span class='ocrx_word' id='word_1_507' title='bbox 1432 2303 1557 2336; x_wconf 89' lang='lat' dir='ltr'>equum</span> <span class='ocrx_word' id='word_1_508' title='bbox 1574 2303 1666 2327; x_wconf 89' lang='lat' dir='ltr'>com-</span> 
     </span>
     <span class='ocr_line' id='line_1_97' title="bbox 953 2343 1666 2387; baseline 0 -11"><span class='ocrx_word' id='word_1_509' title='bbox 953 2345 1067 2387; x_wconf 88' lang='lat' dir='ltr'>pescit</span> <span class='ocrx_word' id='word_1_510' title='bbox 1079 2344 1246 2376; x_wconf 69' lang='lat' dir='ltr'>habenis!</span> <span class='ocrx_word' id='word_1_511' title='bbox 1261 2343 1316 2376; x_wconf 86' lang='lat' dir='ltr'>Ad</span> <span class='ocrx_word' id='word_1_512' title='bbox 1329 2344 1528 2377; x_wconf 79' lang='lat' dir='ltr'>Messallam</span> <span class='ocrx_word' id='word_1_513' title='bbox 1542 2355 1551 2376; x_wconf 90' lang='lat'>:</span> <span class='ocrx_word' id='word_1_514' title='bbox 1567 2346 1577 2363; x_wconf 87' lang='lat'>‘</span> <span class='ocrx_word' id='word_1_515' title='bbox 1588 2354 1666 2377; x_wconf 88' lang='lat' dir='ltr'>cur-</span> 
     </span>
     <span class='ocr_line' id='line_1_98' title="bbox 953 2394 1666 2436; baseline -0.003 -8"><span class='ocrx_word' id='word_1_516' title='bbox 953 2406 997 2428; x_wconf 88' lang='lat' dir='ltr'>vo</span> <span class='ocrx_word' id='word_1_517' title='bbox 1014 2395 1152 2428; x_wconf 87' lang='lat' dir='ltr'>brevius</span> <span class='ocrx_word' id='word_1_518' title='bbox 1164 2394 1375 2427; x_wconf 85' lang='lat' dir='ltr'>contendere</span> <span class='ocrx_word' id='word_1_519' title='bbox 1391 2394 1498 2436; x_wconf 60' lang='lat' dir='ltr'>gyro?</span> <span class='ocrx_word' id='word_1_520' title='bbox 1542 2394 1666 2427; x_wconf 89' lang='lat' dir='ltr'>Ovidi-</span> 
     </span>
     <span class='ocr_line' id='line_1_99' title="bbox 953 2445 1704 2489; baseline -0.004 -9"><span class='ocrx_word' id='word_1_521' title='bbox 953 2447 1044 2480; x_wconf 88' lang='lat' dir='ltr'>usin</span> <span class='ocrx_word' id='word_1_522' title='bbox 1071 2447 1184 2489; x_wconf 81' lang='lat' dir='ltr'>Epist.</span> <span class='ocrx_word' id='word_1_523' title='bbox 1205 2446 1386 2478; x_wconf 79' lang='lat' dir='ltr'>Phaedrae:</span> <span class='ocrx_word' id='word_1_524' title='bbox 1412 2447 1514 2479; x_wconf 82' lang='lat' dir='ltr'>‘Sive</span> <span class='ocrx_word' id='word_1_525' title='bbox 1541 2445 1667 2478; x_wconf 85' lang='lat' dir='ltr'>ferocis</span> <span class='ocrx_word' id='word_1_526' title='bbox 1690 2463 1704 2472; x_wconf 89' lang='lat'><strong>·</strong></span> 
     </span>
     <span class='ocr_line' id='line_1_100' title="bbox 954 2497 1665 2540; baseline 0 -12"><span class='ocrx_word' id='word_1_527' title='bbox 954 2497 1033 2540; x_wconf 90' lang='lat' dir='ltr'>equi</span> <span class='ocrx_word' id='word_1_528' title='bbox 1049 2497 1220 2529; x_wconf 87' lang='lat' dir='ltr'>luctantia</span> <span class='ocrx_word' id='word_1_529' title='bbox 1235 2497 1324 2529; x_wconf 84' lang='lat' dir='ltr'>colla</span> <span class='ocrx_word' id='word_1_530' title='bbox 1337 2506 1514 2536; x_wconf 85' lang='lat' dir='ltr'>recurvas,</span> <span class='ocrx_word' id='word_1_531' title='bbox 1529 2497 1665 2538; x_wconf 80' lang='lat' dir='ltr'>Exiguo</span> 
     </span>
     <span class='ocr_line' id='line_1_101' title="bbox 953 2546 1644 2588; baseline -0.003 -8"><span class='ocrx_word' id='word_1_532' title='bbox 953 2546 1063 2580; x_wconf 76' lang='lat' dir='ltr'>flexos</span> <span class='ocrx_word' id='word_1_533' title='bbox 1075 2549 1182 2580; x_wconf 89' lang='lat' dir='ltr'>miror</span> <span class='ocrx_word' id='word_1_534' title='bbox 1197 2548 1232 2580; x_wconf 89' lang='lat' dir='ltr'>in</span> <span class='ocrx_word' id='word_1_535' title='bbox 1246 2547 1331 2580; x_wconf 86' lang='lat' dir='ltr'>orbe</span> <span class='ocrx_word' id='word_1_536' title='bbox 1347 2546 1479 2588; x_wconf 67' lang='lat' dir='ltr'>pedes!</span> <span class='ocrx_word' id='word_1_537' title='bbox 1503 2548 1644 2579; x_wconf 78' lang='lat' dir='ltr'>Gronov.</span> 
     </span>
    </p>

    <p class='ocr_par' dir='ltr' id='par_1_18' title="bbox 953 2597 1667 2844">
     <span class='ocr_line' id='line_1_102' title="bbox 997 2597 1667 2641; baseline -0.001 -11"><span class='ocrx_word' id='word_1_538' title='bbox 997 2600 1060 2631; x_wconf 76' lang='lat'>123</span> <span class='ocrx_word' id='word_1_539' title='bbox 1079 2598 1223 2641; x_wconf 74' lang='lat' dir='ltr'>Ogygio]</span> <span class='ocrx_word' id='word_1_540' title='bbox 1235 2597 1412 2631; x_wconf 85' lang='lat' dir='ltr'>Thebano.</span> <span class='ocrx_word' id='word_1_541' title='bbox 1455 2599 1567 2630; x_wconf 85' lang='lat' dir='ltr'>Varro</span> <span class='ocrx_word' id='word_1_542' title='bbox 1582 2598 1616 2630; x_wconf 90' lang='lat' dir='ltr'>in</span> <span class='ocrx_word' id='word_1_543' title='bbox 1629 2608 1667 2630; x_wconf 90' lang='lat' dir='ltr'>re</span> 
     </span>
     <span class='ocr_line' id='line_1_103' title="bbox 954 2648 1666 2690; baseline -0.001 -9"><span class='ocrx_word' id='word_1_544' title='bbox 954 2648 1103 2682; x_wconf 83' lang='lat' dir='ltr'>rustica:</span> <span class='ocrx_word' id='word_1_545' title='bbox 1128 2649 1253 2680; x_wconf 81' lang='lat' dir='ltr'>Thebae</span> <span class='ocrx_word' id='word_1_546' title='bbox 1267 2653 1348 2680; x_wconf 80' lang='lat' dir='ltr'>ante</span> <span class='ocrx_word' id='word_1_547' title='bbox 1362 2648 1598 2690; x_wconf 81' lang='lat' dir='ltr'>cataclysmon</span> <span class='ocrx_word' id='word_1_548' title='bbox 1614 2648 1666 2680; x_wconf 86' lang='lat'>0-</span> 
     </span>
     <span class='ocr_line' id='line_1_104' title="bbox 954 2698 1667 2741; baseline 0.003 -10"><span class='ocrx_word' id='word_1_549' title='bbox 954 2699 1053 2741; x_wconf 78' lang='lat' dir='ltr'>gygis</span> <span class='ocrx_word' id='word_1_550' title='bbox 1065 2698 1226 2732; x_wconf 84' lang='lat' dir='ltr'>conditae.</span> <span class='ocrx_word' id='word_1_551' title='bbox 1241 2698 1380 2740; x_wconf 81' lang='lat' dir='ltr'>Ogygia</span> <span class='ocrx_word' id='word_1_552' title='bbox 1394 2708 1475 2730; x_wconf 85' lang='lat' dir='ltr'>vero</span> <span class='ocrx_word' id='word_1_553' title='bbox 1491 2699 1602 2731; x_wconf 82' lang='lat' dir='ltr'>insula</span> <span class='ocrx_word' id='word_1_554' title='bbox 1612 2703 1667 2733; x_wconf 88' lang='lat' dir='ltr'>est</span> 
     </span>
     <span class='ocr_line' id='line_1_105' title="bbox 953 2749 1665 2792; baseline 0.001 -10"><span class='ocrx_word' id='word_1_555' title='bbox 953 2760 1055 2792; x_wconf 85' lang='lat' dir='ltr'>quam</span> <span class='ocrx_word' id='word_1_556' title='bbox 1073 2750 1187 2782; x_wconf 88' lang='lat' dir='ltr'>tenuit</span> <span class='ocrx_word' id='word_1_557' title='bbox 1212 2750 1364 2792; x_wconf 79' lang='lat' dir='ltr'>Calypso</span> <span class='ocrx_word' id='word_1_558' title='bbox 1387 2749 1422 2781; x_wconf 93' lang='lat' dir='ltr'>in</span> <span class='ocrx_word' id='word_1_559' title='bbox 1444 2750 1531 2782; x_wconf 87' lang='lat' dir='ltr'>mari</span> <span class='ocrx_word' id='word_1_560' title='bbox 1550 2750 1665 2792; x_wconf 84' lang='lat' dir='ltr'>Ionio,</span> 
     </span>
     <span class='ocr_line' id='line_1_106' title="bbox 955 2799 1664 2844; baseline 0 -10"><span class='ocrx_word' id='word_1_561' title='bbox 955 2800 1099 2834; x_wconf 84' lang='lat' dir='ltr'>Lacinio</span> <span class='ocrx_word' id='word_1_562' title='bbox 1108 2799 1345 2843; x_wconf 85' lang='lat' dir='ltr'>promontorio</span> <span class='ocrx_word' id='word_1_563' title='bbox 1356 2800 1561 2844; x_wconf 84' lang='lat' dir='ltr'>propinqua.</span> <span class='ocrx_word' id='word_1_564' title='bbox 1578 2802 1664 2834; x_wconf 84' lang='lat' dir='ltr'>Par-</span> 
     </span>
    </p>
   </div>
  </div>
 </body>
</html>
