1878 3164
463 218 507 250 Ρ.
540 215 731 249 ΡΑΡΙΝΙῙ
762 214 931 247 STA'I'n
963 215 1112 265 Tulin.
1144 215 1241 249 Lm.
1266 218 1331 248 Vl·

206 316 273 348 ⁶8³
296 312 405 356 Nice]
428 313 656 348 Inscitissima
669 316 706 347 et
719 313 874 346 insulsis·

161 364 250 398 aima
264 365 399 407 Lectio,
413 374 514 408 quam
528 365 654 398 merito
664 364 768 407 eiecit
779 365 874 398 Doc-

160 415 342 449 tisaimuse
353 420 452 449 textu
464 424 525 448 nuo
535 415 734 448 Gevartius.
759 415 873 448 Stulte

161 470 346 500 servarunt
372 467 503 500 caeteri.
546 466 674 499 Mirum
703 476 784 498 vero
813 475 872 499 ne·

162 519 232 560 q'ue
267 517 552 559 Undebwgium,
594 527 705 560 neque
742 517 871 550 Behot-

161 568 250 602 tium
265 568 414 612 aliquam
429 568 642 601 Varietatem
666 577 807 601 suorum
832 568 871 600 li-

161 618 302 652 brorum
318 618 515 662 adnotasse,
530 627 607 652 cum
621 623 767 663 quatuor
779 630 799 652 a
811 630 872 653 no·

129 678 142 685 ·
160 668 216 703 bit
231 669 367 702 eolhtae
383 669 591 703 membrana».
605 681 685 703 cum
702 671 871 714 Principe

161 718 285 753 eodiee
316 718 447 753 diserte
482 721 519 753 ni
546 731 581 754 se
610 721 811 764 praeferant,
834 727 873 755 et

161 779 280 805 veram
296 779 372 803 eam
388 770 597 813 scripturam
613 771 753 805 citando
768 782 872 814 agno-

161 820 256 854 verit
268 820 486 863 pridemJul.
509 823 628 855 caessr
648 822 778 865 scalig.
822 823 873 856 Ut

160 871 299 905 notavit
325 876 364 905 et
389 871 485 911 doct.
512 873 756 919 Sinserlingius
785 874 871 907 Pro-

161 922 264 956 muls.
279 931 359 965 cap.
370 925 426 955 ⁴8.
449 923 569 957 Barth.

215 976 260 1007 σε
282 973 389 1007 cauea
414 974 613 1018 manee]
637 975 872 1009 Hortantibus

161 1024 278 1063 sociis,
294 1025 353 1068 qui
380 1033 491 1068 prope
514 1026 627 1069 ipsum
654 1026 871 1070 spectabant.

159 1075 313 1109 Ladm-

156 1135 173 1159 .“
202 1129 270 1159 666
294 1126 429 1170 Orbm]
450 1127 611 1161 Discum.
633 1127 734 1160 Idem.

203 1181 270 1212 668
293 1179 391 1213 Nunc
409 1179 530 1222 rapite]
562 1180 706 1222 Raptim
730 1179 873 1215 mittite.

165 1229 231 1263 cxi
242 1229 497 1274 nonjmtabilae]
519 1230 779 1274 Interrogative
794 1242 873 1266 eum

161 1278 344 1322 despectu.
368 1281 468 1314 Idm.

184 1326 188 1330 ’
205 1332 274 1364 659
294 1330 394 1364 Nullo
407 1329 582 1372 comme]
602 1330 734 1374 Facile,
749 1334 786 1365 et
799 1332 874 1366 sine

161 1380 294 1415 labore.
318 1381 419 1415 Idem.

204 1433 270 1465 661
298 1431 366 1465 Vix
388 1433 486 1476 unas]
509 1431 631 1466 Ordo:
654 1433 726 1465 Vix
749 1432 874 1475 permi-

163 1479 258 1516 sere*
279 1491 422 1515 manua:
467 1487 504 1515 et
541 1482 731 1515 notandum
769 1492 877 1526 quare

162 1542 271 1566 unum
286 1532 390 1574 dixit,
411 1542 490 1566 cum
516 1533 660 1566 alterius
685 1533 791 1566 etiam
817 1543 878 1565 no-

162 1578 244 1617 men
259 1583 402 1626 adjecit.
445 1582 517 1616 Sed
541 1583 607 1616 hoc
633 1588 773 1616 secutus
799 1583 879 1617 Vir.

163 1633 284 1676 gilium
317 1632 427 1667 fecit:
461 1634 520 1666 ille
553 1634 646 1666 enim
680 1634 754 1667 ait:
787 1633 878 1666 ‘Vix

163 1681 408 1725 ann-'menon
419 1688 456 1716 et
471 1684 587 1726 Lycus
602 1684 734 1726 elapsi!
755 1684 855 1717 Idem.

205 1737 272 1769 ⁶⁶6
292 1735 380 1768 Luce
392 1735 741 1777 malaPangaeafen't]
764 1735 877 1767 Terri-

158 1785 245 1821 ,bitis
267 1786 462 1829 splendoris
492 1786 564 1819 ictu
594 1785 690 1819 ferit.
732 1786 878 1827 Pungaea

160 1846 261 1871 mons
285 1842 342 1871 est
363 1837 541 1870 'l'hraciaet
569 1837 663 1870 uude
688 1837 848 1870 Lucanus
867 1848 876 1870 ε

162 1892 175 1909 a
187 1887 303 1921 Video
318 1887 475 1930 Pangaea
495 1887 627 1921 nivosis
643 1887 739 1921 Cana
755 1888 878 1931 jugis?

161 1937 259 1974 tanet.

172 2000 176 2006 ·
195 1991 272 2024 667
294 1988 428 2032 Mag-it]
443 1989 596 2031 Clypeus
612 1988 760 2022 scilicet.
775 1989 876 2024 Idem.

168 2054 174 2063 ι
205 2043 273 2074 669
294 2040 336 2073 I·
354 2051 388 2074 ne
411 2040 532 2082 oculos]
556 2039 685 2083 Populi
699 2039 875 2074 videlicet.

165 2088 269 2125 Idm

172 2146 178 2151 '
198 2144 264 2174 671
276 2141 431 2184 Asperat]
446 2140 616 2184 Asperum
630 2141 728 2183 facit,
737 2152 781 2175 ne
794 2142 875 2176 dum

158 2190 299 2234 jaceret
319 2190 508 2224 laberetur.
558 2191 688 2233 Versat]
711 2192 875 2225 Conside-

162 2246 232 2276 rat.
276 2241 584 2276 Circumversabat
607 2242 698 2274 enim
714 2242 876 2284 Pblegias

162 2291 309 2334 discum,
337 2295 378 2324 ut
402 2292 582 2334 colligeret
609 2303 712 2335 quam
742 2297 874 2335 partem

161 2339 283 2376 lateris
298 2341 375 2385 ejus
389 2342 536 2376 haberet
562 2343 597 2376 in
619 2343 751 2385 digitis,
772 2354 876 2387 quam

162 2392 306 2427 brachio
317 2397 496 2426 retentans
512 2394 576 2427 alae
593 2393 771 2427 subderet.
795 2394 847 2427 Id.

179 2449 182 2452 ⁴
205 2446 270 2477 676
294 2443 412 2486 Sacra]
438 2444 482 2477 Id
511 2449 578 2486 est,
605 2454 749 2486 agonem
778 2445 877 2478 Jovis

164 2494 356 2538 Olympici,
370 2494 430 2537 qui
439 2495 534 2528 circa
548 2494 719 2538 Alpheum
735 2494 877 2529 fluvium

136 2572 143 2576 .
162 2545 326 2578 Pinarum
347 2545 568 2579 celebratur:
595 2546 691 2588 cnjus
714 2546 807 2587 ripas
823 2556 877 2579 so-

164 2594 251 2628 litus
263 2599 341 2628 erat
350 2595 514 2636 Phlegias
526 2595 622 2628 disco
634 2595 794 2628 transire.
816 2595 876 2628 Se·

165 2644 318 2678 cundum
332 2648 450 2678 autem
465 2644 640 2688 Alpheum
656 2646 877 2688 Olympicum

167 2688 323 2729 exerceri
339 2700 515 2730 certamen
529 2696 677 2739 Virgilio
689 2701 779 2730 teste
796 2707 877 2739 cog-

165 2746 341 2788 novimus;
375 2748 425 2781 ait
454 2747 543 2781 enim
561 2757 570 2779 z
609 2751 619 2766 ·
631 2747 766 2781 Cuncta
795 2748 877 2780 mihi

167 2797 341 2841 Alpheum
365 2799 524 2842 linquens
550 2800 717 2843 lucosque
745 2800 877 2833 Molor-

250 2852 369 2895 Detpk.
380 2855 412 2886 et
424 2852 505 2887 γαν.
519 2853 606 2887 σιω.

1520 211 1634 255 1905

923 312 1005 346 clii!
1024 313 1124 346 Idem.

967 367 1034 397 679
1055 364 1118 397 Sed
1131 366 1240 398 coelnm
1252 365 1369 398 dextra
1381 364 1527 408 meam]
1541 366 1633 399 Mul-

925 417 968 446 to·
987 415 1180 455 elegantius
1211 414 1282 447 duo
1309 414 1452 456 optimi:
1475 417 1531 448 sed
1559 418 1634 449 coelo

921 465 1067 497 dextram
1079 466 1223 499 metitur.
1267 465 1311 498 Id
1327 470 1395 507 eat,
1411 466 1494 508 quid
1510 466 1635 500 dextra

922 516 1049 558 valeat,
1073 516 1108 548 in
1137 517 1261 549 coelum
1285 517 1388 549 misso
1416 517 1512 550 disco
1527 527 1633 560 expe·

922 565 1021 598 ritur.
1047 565 1198 599 Accedit
1209 567 1333 600 tertius
1343 567 1501 600 Behottii
1512 568 1635 601 codex.

924 616 1064 649 Gronov.

965 672 1030 702 680
1049 671 1184 702 collecto
1197 669 1367 712 sanguine]
1386 670 1544 703 collecta
1559 670 1629 704 vir·

923 723 1014 753 tute.
1035 720 1186 754 Laetant.

966 773 1030 803 683
1057 772 1181 804 Crescit
1195 772 1230 804 in
1245 771 1426 814 adversum]
1450 771 1492 804 Id
1508 773 1633 814 estrin

922 821 1154 865 altitudinem,
1168 833 1247 866 quae
1263 823 1467 856 ascendenti
1488 823 1634 857 adversa

923 876 979 905 est
993 872 1111 906 disco:
1136 873 1216 916 quia
1233 883 1378 906 necesse
1394 878 1448 907 est
1462 878 1502 907 ut
1515 884 1633 909 omnes

924 932 979 955 res
994 923 1222 957 ascendentes
1242 923 1438 957 altitudinis
1454 925 1636 959 nimietate

922 974 1131 1007 lentescant.
1169 975 1351 1008 Exhaustus
1365 975 1404 1007 ab
1415 976 1497 1018 alto]
1512 976 1555 1008 ld
1567 980 1635 1017 est,

923 1030 1130 1067 consumpto
1142 1025 1275 1068 impetu
1286 1035 1356 1068 quo
1366 1025 1490 1058 missus
1505 1025 1638 1060 fuerat.

858 1108 866 1118 Ι
923 1074 1024 1107 Idem.

966 1128 1033 1158 684
1064 1125 1271 1167 Immergitur
1298 1127 1401 1167 urvis]
1433 1128 1492 1160 De
1522 1128 1634 1170 gravi-

924 1179 999 1209 tate
1025 1186 1127 1209 casus
1149 1177 1341 1210 altitudinis
1362 1188 1524 1211 mensura
1539 1188 1635 1212 mon·

923 1233 1064 1261 stratur.
1088 1230 1190 1262 Idem.

966 1282 1032 1312 686
1054 1279 1140 1312 Solis
1162 1290 1258 1322 opaca
1278 1281 1385 1323 soror]
1406 1281 1465 1314 Sic
1493 1281 1558 1314 sibi
1585 1283 1636 1314 in·

924 1340 1010 1363 sana
1022 1331 1194 1364 hominum
1207 1335 1244 1364 et
1254 1333 1362 1364 stulta
1376 1332 1553 1374 persuasio
1564 1333 1636 1365 vin-

924 1381 1033 1422 dieat,
1055 1382 1145 1424 quod
1172 1383 1381 1415 carminibus
1408 1383 1524 1416 lunam
1549 1385 1635 1416 caelo

925 1431 1101 1473 eripiant:
1125 1442 1226 1474 qnam
1251 1433 1447 1475 opinionem
1464 1439 1634 1466 executus

924 1481 1022 1521 virg.
1033 1481 1104 1514 ait:
1121 1483 1132 1500 ‘
1147 1482 1310 1515 Carmina
1325 1484 1379 1516 vel
1392 1485 1478 1517 coelo
1490 1489 1636 1526 possunt

926 1530 1101 1564 deducere
1116 1532 1256 1567 lunam.’
1302 1534 1349 1565 Et
1365 1534 1445 1566 alibi
1461 1534 1637 1576 significat

927 1591 1003 1617 eam
1017 1582 1195 1616 inductam
1211 1593 1287 1616 esse
1302 1585 1502 1627 velleribus,
1518 1585 1637 1618 dicen-

927 1632 972 1665 do
983 1643 994 1665 ε
1020 1633 1030 1651 ‘
1044 1632 1193 1666 Munere
1208 1634 1258 1666 sic
1276 1634 1377 1667 niveo
1392 1636 1499 1674 lanae,
1516 1636 1545 1668 si
1562 1646 1636 1669 cre-

928 1683 1011 1716 dere
1027 1684 1168 1726 dignnm
1183 1689 1251 1726 est,
1273 1686 1347 1718 Pau
1363 1688 1460 1719 Deus
1475 1687 1636 1721 Arcadiae

926 1741 1064 1776 captam
1082 1740 1117 1768 te
1132 1736 1228 1768 Luna
1242 1735 1395 1770 fefellit!
1427 1737 1469 1769 Si
1478 1738 1572 1770 credi
1584 1737 1637 1771 fas

926 1790 981 1817 est
1006 1785 1051 1817 de
1078 1786 1166 1818 tanti
1194 1786 1343 1819 numinis
1370 1787 1567 1829 majestate,
1592 1788 1636 1821 ad

926 1844 1077 1868 amorem
1123 1836 1347 1879 Endimyonis
1401 1837 1636 1881 descendisse,

927 1886 1020 1928 quod
1047 1887 1104 1918 lex
1125 1887 1282 1930 sphaerae,
1305 1892 1343 1921 et
1366 1898 1487 1922 cursus
1507 1894 1638 1922 motus-

925 1948 993 1981 que
1023 1943 1196 1971 astrorum
1214 1949 1288 1972 non
1317 1941 1463 1983 patitur.
1518 1942 1639 1974 Procul

925 1988 1133 2031 auxiliantia]
1157 1988 1214 2022 Ad
1237 1991 1435 2032 opinionem
1461 1993 1636 2026 hominum

929 2039 1064 2081 retulit,
1094 2039 1186 2082 quod
1217 2040 1433 2075 arbitrentur
1459 2042 1637 2076 deficienti

926 2090 1018 2122 lunae
1051 2091 1226 2134 auxiliari,
1262 2092 1292 2126 si
1326 2102 1398 2126 εει-ι
1428 2094 1638 2136 percutiant.

925 2140 1026 2173 Idm.

967 2193 1034 2223 689
1049 2192 1149 2224 Molle
1164 2192 1284 2234 tuenti]
1307 2193 1541 2235 Despicienti‚
1557 2204 1653 2227 con-1

926 2242 1109 2283 temnenti‚
1123 2241 1157 2274 id
1174 2246 1242 2283 est,
1255 2243 1354 2284 quasi
1369 2253 1446 2276 cum
1463 2243 1570 2276 facile
1584 2253 1638 2277 es-

926 2296 979 2326 set
994 2293 1152 2336 Phlegea
1170 2294 1270 2335 jactu
1290 2305 1470 2337 superare.
1495 2295 1594 2328 Idem.

965 2347 1030 2376 690
1041 2345 1208 2387 qu'orque
1216 2356 1328 2378 manus
1338 2349 1486 2387 speratur
1493 2347 1527 2379 in
1536 2347 1641 2390 aequo]

925 2393 969 2426 Id
998 2398 1054 2426 cst
1079 2395 1210 2437 majore
1237 2395 1368 2428 virtute
1391 2406 1480 2438 opus
1501 2407 1578 2429 esse
1602 2397 1637 2429 in

925 2445 1190 2487 longitudinem,
1223 2456 1325 2489 quam
1354 2446 1390 2479 in
1418 2446 1638 2480 altitudinem

918 2496 1129 2538 jaculatum.
1153 2497 1255 2530 Idem.

969 2550 1033 2579 691
1055 2546 1161 2588 Atque
1176 2547 1225 2579 illi
1239 2547 1409 2590 etz-templo]
1431 2548 1473 2581 Id
1491 2552 1545 2581 est
1560 2548 1639 2581 sub-

927 2598 977 2631 ito
1018 2597 1159 2631 fortuna
1194 2600 1303 2641 venit,
1347 2600 1403 2631 cui
1441 2600 1541 2632 dulce
1584 2603 1640 2632 est

927 2647 1088 2681 fiduciam
1105 2649 1301 2683 immodicae
1329 2650 1467 2683 virtutis
1489 2650 1639 2684 auferre.

930 2699 1032 2732 Idem.

973 2753 1038 2782 692
1062 2749 1250 2783 Immodicas
1274 2750 1421 2784 Fur-tuna
1445 2750 1547 2792 venit]
1570 2751 1638 2783 Ex-

931 2801 1062 2844 pressit
1090 2801 1236 2835 eandem
1260 2802 1468 2835 sententiam
1495 2802 1585 2834 libro
1602 2810 1640 2834 x.

853 2853 938 2887 Stat.
1478 2857 1500 2886 6
1523 2856 1551 2886 Ε
