1878 3164
458 217 500 249 Ρ.
534 215 727 247 immun
758 214 925 247 s'rA'rn
957 217 1105 251 THEB.
1138 216 1235 250 LIB.
1259 219 1326 250 Vl.

199 315 266 347 1⁸9
287 313 333 346 Β
353 315 441 345 uros
463 310 609 353 naun]
638 301 720 344 Hoc
746 309 862 345 decla·

155 363 316 396 nutionis
331 371 440 406 gentis
455 366 493 395 et
517 361 598 394 alibi
619 360 733 393 Poeta
748 370 866 392 serva·

155 414 223 455 vit,-
243 412 416 448 hunaudo
440 412 576 451 scilicet
602 411 745 444 Adrasti
768 417 866 454 pate-

156 474 242 506 ram,
256 473 326 507 qna
345 462 432 496 (licit
447 471 645 505 expressum
659 461 766 495 fuisse
780 463 866 494 Per·

155 525 251 550 seen
270 515 453 556 Gorgona
473 519 582 555 caput
611 517 802 553 tenentem.
829 519 867 546 et

154 566 381 600 annunti·
397 565 572 608 Gorgonae
591 565 791 607 expressius
807 564 867 597 de-

155 617 328 652 *tecm
354 618 500 659 vultum,
526 617 599 651 ait:
628 618 717 653 ‘Illa
745 627 866 660 graves

154 669 274 702 oculos
289 669 559 712 languentiaque
589 679 651 701 ora
666 669 764 701 Pene
793 678 866 701 mo·

152 723 225 759 nt,
240 718 388 762 vivoque
400 719 507 752 etiarn
523 719 685 762 pallescit
702 720 736 751 in
757 719 867 753 sum!

196 825 262 856 m
302 820 501 862 imaum]
544 822 640 855 Bene
659 844 661 847 ι
678 824 865 864 translucet,

153 875 267 920 quie·
281 876 450 920 perfectis
464 876 516 909 ita
537 876 727 919 pinguntur
744 882 865 909 natan-

154 931 285 970 tcssut
307 927 399 960 inter
423 927 532 959 undas
562 935 681 959 eorum
711 928 866 960 membra

155 979 372 1022 perluceant.
428 977 577 1011 Leandri
600 983 717 1010 eutem
748 977 866 1010 fabula

153 1029 352 1064 estovtdto
363 1028 542 1063 referente
552 1029 743 1063 notissima.
766 1030 865 1062 Idem.

197 1083 262 1114 547
284 1076 414 1114 &aaa
427 1080 462 1112 in
474 1079 624 1122 speculis]
648 1079 690 1112 Id
706 1085 775 1121 est,
794 1080 865 1112 He-

153 1141 204 1171 ro,
228 1132 325 1174 cuius
339 1131 446 1174 poeta
468 1140 513 1162 ex
536 1131 605 1163 loci
622 1131 789 1163 vocabulo
805 1141 865 1163 noa

153 1191 232 1216 nien
251 1182 394 1224 adjecit.
437 1181 562 1214 Seston
588 1181 624 1212 in
647 1181 864 1222 Propontide

152 1234 273 1267 littore
285 1233 382 1266 locus
394 1231 515 1274 est,de
523 1241 592 1274 quo
605 1232 736 1264 Lucan.
753 1234 763 1250 ⁸
775 1232 864 1265 Con-

148 1285 301 1328 jungere
329 1285 455 1317 Seston
491 1282 643 1325 Abydo:
701 1284 864 1327 Moritur]

153 1335 393 1377 Extinguitur.
439 1334 590 1366 Conscius
607 1333 710 1375 ignis]
732 1335 864 1367 Lumen

154 1385 293 1426 morte,
307 1384 399 1428 qnod
424 1384 523 1417 Hero
549 1384 726 1417 solabatur
748 1385 864 1417 lucen-

154 1435 211 1478 do,
233 1436 290 1469 vel
315 1435 408 1479 quod
430 1435 574 1468 tenebat
600 1436 674 1478 ipsa
702 1436 738 1468 in
766 1435 864 1470 turri.

196 1541 263 1572 us
285 1538 330 1571 At
339 1537 454 1579 gener]
477 1537 626 1570 Secutus
640 1536 764 1578 Virgil.
777 1547 866 1579 prae-

155 1589 339 1622 teritorum
357 1589 498 1631 proemia
514 1587 620 1631 poeta
635 1589 800 1628 servavit,
821 1589 865 1621 sd

154 1639 399 1673 consolandum
423 1639 515 1672 enim
541 1647 706 1681 generum
726 1639 866 1681 Polyni-

154 1700 219 1724 ce
233 1690 267 1723 ei
282 1689 633 1725 Adrastusfamulam
646 1689 759 1730 dedit,
774 1690 866 1722 sicut

153 1743 212 1776 ille
231 1742 398 1784 Sergesto
412 1750 547 1774 servam
563 1752 574 1782 ς
596 1745 648 1782 ut,
668 1742 679 1760 ⁸
691 1741 750 1773 olli
765 1751 866 1774 serva

153 1792 282 1826 datur:
317 1791 419 1826 Idem.
463 1792 596 1826 Solatur
622 1791 758 1834 Achoea]
794 1793 864 1825 Ex-

152 1845 273 1888 primit
308 1849 517 1888 perpetuum
548 1854 646 1877 suum
685 1850 865 1877 auctorem

153 1895 340 1938 Virgilium
355 1895 441 1929 AEn.¹
451 1905 488 1928 v.
533 1899 544 1914 ‘
559 1895 620 1927 Sic
634 1895 696 1935 ait,
709 1899 746 1926 et
759 1895 866 1937 gemi-

154 1954 235 1980 num
253 1955 376 1989 pugnat
406 1945 572 1988 proponit
598 1945 761 1977 honorem
783 1946 866 1978 Vic-

154 1997 237 2039 tori,
265 1997 415 2029 velatum
446 2005 530 2030 auro
554 1996 718 2038 vittisque
739 1996 866 2038 juven-

154 2057 247 2088 cum,
262 2049 406 2089 Ensem,
417 2051 522 2090 atque
536 2046 706 2088 insignem
723 2048 868 2088 galeam,

155 2097 279 2131 solatia
303 2097 420 2132 victo-¹
465 2098 544 2130 Mos
567 2103 682 2130 sutem
705 2098 866 2130 certami-

156 2149 224 2190 nis,
261 2153 478 2190 postremum
518 2149 591 2180 sive
622 2148 666 2180 ab
706 2149 865 2181 omuibus

156 2203 372 2241 superatum,
414 2208 484 2231 non
522 2198 725 2231 indonatum
760 2199 867 2231 abire·

197 2302 265 2334 549
287 2299 466 2342 Sollicitat]
510 2300 707 2333 Trausacto
754 2300 867 2333 curuli

157 2351 347 2384 certamine
373 2360 430 2384 eos
453 2351 569 2384 Poeta
593 2351 773 2392 describit,
793 2352 867 2394 qui-

157 2401 222 2435 bus
236 2411 339 2435 cursu
361 2402 565 2435 certandum
581 2406 645 2435 est.
669 2402 818 2435 Luceant.

199 2456 266 2486 550
304 2454 500 2486 Tenuisrima
542 2452 663 2494 virtus]
703 2452 869 2486 Definitio

157 2504 240 2548 quid
262 2505 307 2538 sit
329 2514 472 2544 cursus3
494 2504 529 2536 id
555 2508 622 2541 est,
637 2513 718 2545 pars
734 2513 800 2535 non
815 2513 869 2536 sa-

159 2559 207 2591 tis
217 2557 420 2594 admiranda
435 2556 586 2597 virtutis,
597 2561 634 2589 et
649 2567 726 2590 cum
744 2557 868 2599 plenis-

158 2610 243 2642 sime
254 2619 342 2648 rem,
351 2619 452 2651 quam
463 2613 617 2650 coeperat
625 2607 799 2648 definiret,
809 2608 871 2640 ada

156 2660 266 2703 jecit:
292 2661 392 2693 Pacis
406 2670 494 2702 opus.
529 2659 620 2692 Sunt
640 2659 746 2692 etiam
760 2668 872 2700 sacra,

162 2720 240 2754 quae
265 2720 370 2744 cursu
393 2710 626 2743 celebrantur.
672 2709 719 2741 Et
739 2715 775 2741 ut
790 2718 870 2751 ago-

163 2770 224 2794 nes
240 2760 437 2794 declararet
450 2759 562 2794 Po'e'ta
589 2770 659 2792 non
682 2760 768 2792 satis
793 2769 871 2792 esse

160 2810 298 2854 virtuti,
332 2812 483 2854 adJecit:
519 2812 589 2845 Neo
616 2811 728 2844 innatae
753 2811 870 2844 Beuis.

159 2862 206 2896 ld
235 2866 290 2896 est
316 2861 410 2905 fugae
440 2863 684 2905 necessarium,
707 2872 784 2895 cum
801 2862 875 2894 vin-

1512 210 1626 254 1903

916 322 997 345 cere
1012 323 1080 346 non
1094 314 1209 346 datur.
1231 314 1333 348 lam.

961 367 1024 396 554
1045 365 1217 398 Umbram
1224 370 1363 408 tempora
1375 366 1488 409 ramis]
1502 367 1544 400 Id
1558 373 1627 410 est,

916 415 1074 448 umbrata
1090 416 1219 448 habens
1233 421 1392 459 tempora
1406 417 1518 451 civica
1526 428 1623 452 coro-

917 475 983 506 ηις
998 467 1226 508 sicutVirgil.
1241 472 1252 486 ‘
1264 467 1381 511 Atque
1397 469 1554 502 umbrata
1566 478 1627 514 ge-

917 526 997 550 rens
1012 518 1105 550 civili
1121 523 1276 559 tempora
1292 519 1447 561 quercu?
1469 520 1569 552 Idem.

970 573 1035 602 556
1065 570 1235 612 Sicyonius
1273 570 1391 612 Alcon]
1429 570 1598 612 Virgilius
1616 582 1627 604 ι

917 622 1083 654 ‘Tei-itur
1119 621 1284 663 Sicyonia
1311 621 1421 654 bacca
1455 622 1627 665 trapetis!

917 671 1021 705 Idem.

959 726 1024 757 557
1047 724 1088 757 In
1103 725 1290 767 Isthmiaca]
1311 725 1353 758 Id
1372 730 1438 763 est,
1453 725 1490 758 in
1506 736 1628 769 agone,

916 775 974 818 qui
990 776 1128 808 Isthmia
1144 782 1300 814 vocatur,
1317 777 1523 809 inhonorem
1538 777 1626 810 Leu-

916 827 1051 858 cothoae
1081 831 1118 859 et
1146 827 1366 868 Palaemonis,
1389 828 1481 870 apud
1507 828 1628 861 (Σιπίιιὀ

916 878 1010 909 thum
1024 882 1256 910 consecratus.
1281 878 1381 912 Idem.

958 932 1022 961 568
1045 929 1213 970 Menalioe]
1237 929 1414 962 Atalantae
1445 929 1630 963 confundit

915 979 1106 1012 historiam.
1158 980 1260 1012 Hanc
1296 981 1387 1012 enim
1425 979 1630 1013 Atalantam

915 1030 1145 1071 Hippomenis
1174 1040 1316 1063 uxorem
1343 1030 1493 1063 diximus
1522 1030 1628 1063 filiam

914 1081 1049 1114 Scoenei
1060 1081 1181 1115 fuisse.
1214 1082 1314 1114 Illam
1329 1086 1445 1114 autem
1457 1091 1534 1123 quae
1547 1090 1627 1114 cum

916 1134 1029 1176 procis
1051 1144 1152 1167 cursu
1177 1134 1358 1167 contendit
1380 1134 1540 1166 OEnomai
1563 1132 1629 1166 fili-

917 1194 985 1225 um,
1000 1194 1141 1217 uxorem
1154 1184 1308 1226 Pelopis.
1348 1185 1415 1217 Sed
1432 1194 1550 1227 parem
1561 1184 1629 1216 his-

916 1235 1039 1267 toriam
1063 1236 1181 1277 posuit
1195 1235 1319 1277 virgil.
1344 1236 1404 1267 ille
1430 1236 1521 1267 enim
1552 1234 1628 1274 ait3

918 1286 928 1303 ‘
941 1286 987 1318 Et
1014 1286 1170 1319 manibus
1197 1287 1337 1328 Progne
1352 1291 1476 1328 pectus
1491 1286 1629 1327 signata

917 1337 1110 1369 cruentist’
1139 1347 1218 1370 cum
1244 1338 1311 1370 hoc
1342 1342 1480 1370 constet
1509 1337 1628 1370 Philo-

915 1389 1040 1420 melam
1052 1388 1175 1421 fecisse
1188 1400 1197 1429 ;
1210 1388 1269 1421 sed
1282 1389 1431 1421 mutavit
1443 1388 1632 1421 historiam.

916 1439 1015 1472 Idem.
1061 1440 1226 1481 Menalioe]
1249 1440 1430 1472 Hactenus
1447 1449 1540 1472 vere.
1566 1439 1630 1472 Se-

915 1489 1060 1530 quentia
1082 1490 1259 1531 pertinent
1286 1489 1328 1521 ad
1356 1489 1456 1522 aliam
1483 1489 1630 1522 Atalan-

915 1543 986 1572 tam
1002 1549 1119 1572 errore
1136 1540 1287 1582 Papinii,
1310 1540 1394 1572 duas
1414 1539 1629 1572 confunden-

915 1590 974 1623 tis.
1019 1590 1100 1623 Non
1123 1597 1235 1623 tamen
1247 1592 1338 1623 solus
1354 1591 1403 1623 sic
1418 1596 1550 1632 noster,
1567 1590 1629 1623 sed

915 1651 993 1673 cum
1009 1641 1158 1682 Musaeo,
1173 1642 1338 1679 Diodoro,
1353 1642 1510 1682 Sidonio,
1531 1645 1571 1674 nt
1585 1640 1629 1674 ad

914 1692 1017 1724 istum
1030 1693 1172 1725 novavit
1186 1693 1355 1726 Sirmond.
1369 1693 1500 1734 Paneg.
1515 1692 1631 1734 Majo-

916 1742 1004 1776 rian.
1019 1753 1050 1775 v.
1063 1746 1140 1776 166.
1186 1743 1431 1777 Confusionem
1460 1743 1550 1775 hanc
1583 1751 1628 1775 ex

919 1794 1059 1826 Lutatio
1097 1795 1234 1827 notavit
1265 1795 1342 1836 jam*
1371 1794 1505 1836 pridem
1537 1793 1629 1826 Phil.

916 1845 1110 1878 Beroaldus
1123 1846 1316 1879 Comment.
1330 1845 1373 1878 ad
1388 1846 1552 1887 Propert.
1568 1844 1631 1878 lib.

916 1904 941 1927 1.
958 1897 1057 1937 Eleg.
1068 1900 1099 1929 1.
1144 1896 1340 1938 Exegitque
1357 1896 1505 1937 amplius
1521 1894 1631 1927 diser-

917 1945 990 1978 tiss.
1015 1947 1174 1979 Muretus
1203 1947 1247 1979 ad
1270 1946 1417 1978 eundem
1450 1946 1629 1989 Propertii

915 1995 1040 2029 locum.
1063 1997 1181 2029 Barth.
1586 2008 1587 2011 ’

958 2049 1023 2079 570
1045 2047 1228 2089 Βξῇἰῠιιιαε]
1253 2048 1355 2081 Nove
1376 2047 1488 2080 dixit:
1511 2048 1630 2090 proje-

918 2097 967 2129 cit
983 2107 1003 2129 a
1019 2107 1067 2130 se.
1090 2098 1240 2132 Lactont.

960 2151 1024 2180 572
1056 2148 1206 2190 Laetitr‘a]
1237 2148 1279 2180 Id
1309 2152 1377 2190 est,
1407 2147 1630 2190 pulchritudo

918 2207 978 2231 seu
994 2204 1169 2232 venustas.
1194 2200 1293 2231 Idem.

967 2253 1030 2282 573
1057 2251 1228 2282 Deterior-a
1240 2249 1364 2291 gentis]
1379 2249 1539 2282 Vestitus
1556 2251 1632 2292 pul-

917 2302 998 2334 cher
1014 2301 1207 2342 videbatur‚
1234 2300 1294 2333 sed
1324 2300 1498 2342 pulchrior
1517 2299 1631 2332 factus

918 2359 972 2385 est
998 2352 1128 2384 nudus:
1153 2352 1256 2384 latuit
1272 2352 1384 2383 vultus
1400 2350 1631 2383 membrorum

918 2404 1189 2446 comparatione.
1221 2402 1363 2435 Nudato
1380 2402 1469 2434 enirn
1486 2411 1632 2443 corpore

919 2454 1150 2487 membrorum
1166 2453 1387 2495 pulchritudo
1414 2457 1631 2485 venustatem

920 2506 1035 2537 vultus
1052 2505 1241 2537 obnubilat.
1270 2505 1371 2537 Idem.

963 2559 1026 2588 575
1051 2556 1228 2597 Palladios]
1253 2555 1294 2587 1⁶
1318 2559 1386 2592 est,
1401 2555 1526 2587 oleum.
1553 2555 1609 2587 la.

963 2610 1027 2639 58³
1053 2606 1207 2647 Segnior]
1236 2606 1394 2638 Tardior.
1430 2606 1502 2638 Vet.
1525 2605 1631 2637 Schol.

919 2658 978 2690 Sic
1000 2658 1211 2690 Philoxenus
1235 2656 1495 2690 translationem
1510 2665 1633 2699 agnos-

921 2709 969 2741 cit
985 2709 1020 2740 in
1043 2708 1237 2741 Glossario:
1262 2707 1393 2748 Segnis,
1421 2706 1546 2749 βραδύς.
1570 2710 1633 2738 Ku-

921 2759 990 2801 ρίως
1012 2757 1047 2790 δὲ
1073 2758 1091 2789 ὀ
1116 2757 1248 2800 &pavus
1281 2756 1334 2790 καὶ
1360 2757 1466 2799 ἀργός.
1511 2757 1635 2799 Cyrill.

921 2809 1048 2852 βραδὺς,
1100 2808 1209 2847 Serus,
1253 2809 1375 2841 tardus.
1440 2808 1631 2850 Virgilius:

920 2863 931 2880 ‘
949 2861 1054 2894 Haud
1082 2860 1139 2893 illo
1173 2860 1368 2904 (Apolline)
1391 2859 1529 2901 segnior
1558 2858 1632 2891 ibat
