1878 3164
427 230 468 262 P.
500 228 696 262 PAPINII
728 226 895 260 STATH
927 227 1077 260 THEB.
1110 228 1207 260 Lm.
1241 229 1296 259 11.

137 324 221 368 quia
238 323 360 359 (Euius
377 324 504 357 Martis
534 329 590 356 est
616 323 718 356 filins.
763 322 840 355 Pri·

136 385 230 408 muru
252 374 336 418 quia
360 374 474 418 vicina
497 379 551 407 est
564 374 713 407 AEtholia
732 374 841 406 Thra-

137 425 218 467 cioe‚
229 430 291 459 ant
312 425 394 469 quia
414 427 511 458 Mars
533 426 624 468 apud
646 426 841 467 Bysthouas

137 477 272 511 colitur.
329 478 456 510 Eusem
489 487 570 510 vero
616 477 841 520 Bystlmnium

135 528 356 561 Thraciarum
364 527 466 570 dixit,
478 529 559 571 quia
572 529 748 572 Bysthona
759 537 842 570 gens

135 578 359 612 Thraciarum
375 583 440 612 est.
465 579 562 612 Idem.

177 628 414 670 moveam]
437 628 493 661 Ab
507 630 580 661 ictu
597 629 745 671 depellit
764 638 840 661 scu-

135 681 178 713 ti.
198 681 302 713 Iden.

175 733 239 764 691
263 730 327 764 Sed
340 731 409 773 ipsu
423 732 465 764 In
478 732 578 764 socios
601 731 723 773 errare]
745 732 839 764 Scri-

134 781 257 815 bcham
271 781 316 814 de
330 781 556 824 conjectura:
574 782 653 823 r‘psoe
664 782 704 813 In
719 782 817 813 socios
827 793 839 814 .-

133 835 173 864 et
200 841 299 864 mox:
329 841 461 874 corpora
498 832 591 864 turba
617 832 751 872 Involri,
777 842 838 873 pro

132 881 294 915 Insanit.-
330 887 387 914 est
408 882 512 923 enim,
546 882 710 914 errabant
725 887 761 914 et
787 883 837 914 in-

133 932 372 966 volvebantur.
401 932 531 966 Postea
545 938 728 975 utrumque
745 934 838 974 prius

133 981 250 1015 inveni
265 990 466 1024 expressum
482 983 517 1015 in
533 983 682 1024 scriptis.
725 983 836 1015 Iidem

132 1035 277 1067 atatim:
301 1038 407 1068 manet
428 1035 483 1067 ille
496 1038 653 1074 ruentum,
670 1035 723 1066 vel
747 1045 838 1066 ruen-

131 1084 199 1123 fiu
220 1093 288 1117 non
299 1086 451 1118 eruentis.
488 1086 616 1117 Verum
634 1089 711 1117 est:
733 1089 837 1117 manet

129 1135 185 1168 iae
197 1139 323 1168 nentes
342 1135 504 1176 Anguem
530 1136 604 1167 telis
610 1146 624 1173 ;
648 1134 683 1167 id
699 1141 764 1176 est,
780 1145 838 1167 ex-

131 1189 283 1228 spectat,
298 1186 457 1218 sustinet.
483 1186 623 1218 Gronov.

156 1236 240 1268 ”⁸05
264 1236 338 1268 Non
349 1235 464 1277 aliter]
481 1236 660 1268 Briareum
678 1237 769 1268 bello
785 1237 836 1278 gi-

131 1289 273 1327 gentum
298 1291 436 1319 constat
462 1291 583 1318 contra
611 1287 733 1320 Jovem
762 1296 838 1319 sen-

129 1335 214 1368 sisse
223 1346 234 1368 ε
256 1335 317 1368 sed
329 1336 386 1369 hic
398 1340 507 1369 coum
518 1337 569 1369 sic
584 1337 711 1378 posuit,
721 1348 838 1380 quem-

130 1386 314 1420 admodum
329 1387 513 1430 Virgilius:
539 1391 549 1407 ‘
562 1389 659 1423 Jovis
683 1400 758 1422 cum
775 1390 838 1422 fnl-

128 1437 219 1470 mim
229 1445 350 1470 contra
364 1448 421 1471 me
433 1438 606 1472 habeat.'*
628 1441 839 1482 Contempta

129 1486 174 1520 ab
189 1488 256 1520 hoc
280 1488 386 1521 etiam
411 1488 574 1523 fulmina:
599 1490 781 1522 videbatur
804 1501 837 1523 e-

128 1537 283 1584 lii-leuis
297 1538 364 1572 sibi
378 1543 513 1572 tantum
528 1540 683 1572 manibus
698 1540 839 1573 fortiter

129 1588 308 1628 dimicare.
338 1590 489 1623 Fabula:
513 1592 623 1624 Terra
638 1594 837 1634 procreavit

129 1639 332 1682 Typhonem
361 1640 456 1672 mirae
486 1642 748 1683 magnitudinis,
780 1643 835 1675 cni

127 1694 268 1724 centnm
283 1692 403 1733 capita
415 1691 600 1724 draconum
619 1703 662 1724 ex
687 1693 834 1726 humeris

125 1745 208 1774 nata
219 1746 332 1775 erant.
375 1741 446 1775 Hic
465 1742 589 1776 Jovem
618 1745 832 1785 provocavit,

126 1797 167 1826 ut
181 1794 210 1826 si
224 1793 332 1826 vellet
347 1802 464 1826 secum
481 1794 525 1827 de
546 1804 651 1836 regno
668 1800 831 1828 certaret.

125 1843 243 1878 Quare
264 1844 433 1886 Juppiter
448 1848 568 1886 pectus
593 1846 665 1887 ejus
687 1846 831 1879 fulmine

125 1895 318 1936 percussit:
341 1895 401 1938 qui
429 1905 507 1928 cum
533 1894 708 1938 flagraret,
733 1898 831 1930 AEtll-

124 1953 202 1978 uam
217 1946 251 1977 ei
262 1946 546 1988 superimposuit,
569 1953 605 1979 et
628 1957 673 1979 ex
689 1957 730 1980 eo
744 1948 831 1980 dici-

125 1999 184 2029 tur
212 1994 334 2028 ardere
360 1995 485 2030 adhuc.
529 1997 612 2039 Ipse
634 1998 738 2030 etiam
764 1999 832 2030 alio

123 2045 262 2079 nomine
276 2047 451 2089 Bryareus
466 2052 505 2081 et
516 2049 658 2090 AEgeon.
697 2051 752 2081 De
765 2061 831 2092 quo

123 2096 252 2140 Vlrgil.
286 2098 443 2141 ‘AEgeon
469 2099 580 2142 qualis
609 2106 748 2132 centum
776 2102 831 2133 cui

122 2147 266 2181 brachia
275 2148 419 2182 dicunt.'
430 2150 577 2183 Loctant.
603 2150 725 2182 Geticoe
734 2151 831 2183 Phle-

118 2197 206 2240 gra]
227 2198 379 2240 Phlegra
401 2200 523 2233 civitas
543 2200 715 2242 Thraciae,
730 2211 830 2244 quam

124 2248 340 2281 ‘Pallenen’
377 2254 500 2292 postea
523 2251 732 2283 nominatam
762 2253 830 2284 Eu-

121 2299 233 2332 doxus
271 2300 429 2342 scripsit,
465 2306 609 2334 auctore
638 2302 827 2343 Stephano.

123 2349 246 2392 Campi
261 2350 310 2384 illi
326 2350 515 2392 Gigantum
534 2352 656 2394 pugnis
672 2353 829 2384 celebres

121 2410 191 2434 non
205 2401 272 2434 alia
287 2410 389 2434 causa
406 2401 440 2433 in
465 2400 618 2434 fabulam
647 2407 829 2441 venerunt,

121 2461 222 2496 quam
238 2452 330 2495 quod
342 2451 387 2484 ob
402 2450 618 2484 fertilitatem
643 2462 743 2484 nemo
759 2462 827 2484 non

121 2506 321 2544 prepotens
333 2502 470 2534 caeteris
485 2502 531 2534 ibi
547 2503 651 2535 vellet
659 2503 827 2535 habitare.

119 2552 212 2593 Vide
239 2551 355 2585 Strab.
377 2552 434 2584 lib.
450 2561 484 2584 v.
513 2552 637 2585 Claud.
663 2552 697 2583 in
721 2553 826 2594 Frag-

119 2607 240 2636 -cnto
282 2603 578 2644 Gigautomachiae
607 2603 668 2636 de.
692 2603 824 2636 Terra:

119 2653 130 2670 ‘
142 2651 269 2685 Omnia
294 2652 510 2685 monstrifero
526 2654 724 2696 complebat
746 2656 826 2687 Tar·

120 2707 198 2736 tara
218 2708 326 2745 coetu,
348 2704 501 2736 Invisum
530 2707 690 2746 genitura
706 2705 823 2745 nefas;

120 2753 375 2798 Phlegramque
417 2755 545 2788 retexit
582 2755 692 2787 Tanta
726 2756 822 2797 prole

1483 218 1597 261 1815

892 326 1040 364 tumens,
1053 326 1090 355 et
1105 322 1139 354 iu
1153 322 1283 355 oethera
1295 321 1442 364 protulit
1455 322 1598 355 hostes!

890 373 1009 406 Barth.

935 427 1000 456 598
1021 423 1274 465 Pelethroniam]
1308 423 1492 456 Thraciam
1523 423 1595 456 sive

891 475 1113 516 Thessaliam,
1142 480 1181 507 nt
1220 475 1417 516 Virgiliusx
1457 474 1598 506 ‘Frena

892 525 1105 558 Pelethronii
1140 524 1329 567 Lapythae.’
1373 525 1466 566 Ipsae
1503 525 1595 556 enim

892 576 1050 617 regiones
1067 576 1194 607 dicatae
1211 580 1290 607 sunt
1304 575 1424 607 Marti.
1446 574 1596 607 Lactant.

935 629 1000 658 599
1020 626 1069 658 At
1096 626 1170 658 hinc
1205 627 1288 667 lapso
1313 624 1449 666 mutata]
1483 625 1598 657 Mani-

892 676 1018 708 festum
1035 677 1194 709 mendum
1209 686 1218 707 t
1235 675 1449 718 nequeenim
1459 673 1498 706 τὸ
1512 675 1597 716 lapso

891 729 1046 761 idoneam
1060 729 1161 760 ullam
1186 728 1242 760 hic
1259 727 1465 760 sententiam
1479 726 1596 760 efficit.

891 780 946 811 Tu
969 780 1045 820 lege
1070 779 1307 811 indubitanter
1323 788 1367 810 ex
1383 776 1595 819 manuscrip-

892 830 962 862 tis:
987 830 1085 862 Lusso
1116 832 1238 861 mutata
1277 829 1486 871 Pyracmone.
1531 828 1596 860 Est

890 880 946 912 hic
970 880 1175 921 Pyracmon,
1190 890 1275 911 unus
1303 890 1346 911 ex
1371 879 1597 921 Cyclopibus,

890 931 1055 970 fulminis,
1068 936 1106 962 ut
1126 930 1238 972 poetae
1250 930 1396 971 fingunt,
1411 928 1597 962 fabricato-

890 981 996 1013 ribus.
1038 981 1222 1022 Virgilius:
1260 980 1428 1012 ‘Ferrum
1455 989 1596 1012 exerce-

889 1030 973 1062 bant
991 1035 1086 1063 vasto
1110 1031 1278 1072 Cyclopes
1301 1031 1335 1062 in
1359 1035 1472 1070 antro,
1487 1031 1596 1062 Bron-

890 1087 1023 1123 tesque,
1038 1081 1283 1122 Steropesque,
1299 1085 1335 1113 et
1357 1080 1469 1112 nudus
1493 1090 1596 1112 mem-

888 1132 951 1164 bra
979 1131 1195 1172 Pyracmon!
1216 1130 1394 1163 Sidonius:
1419 1132 1430 1150 ‘
1445 1131 1593 1172 spatium

888 1193 954 1214 non
971 1183 1131 1215 Lemnius
1145 1182 1217 1214 illic
1241 1183 1315 1214 Ceu
1331 1183 1497 1223 templum
1512 1183 1597 1214 lusit

888 1233 1030 1274 Veneri,
1057 1232 1257 1275 fulmenque
1285 1233 1497 1274 relinquens,
1524 1232 1594 1264 Hic

888 1283 1107 1325 ferrugineus
1151 1282 1296 1315 fumavit
1336 1292 1431 1325 saepe
1468 1283 1599 1325 Pyrac-

892 1334 996 1366 mon.’
1019 1334 1176 1366 Bernart.

923 1388 988 1417 600
1001 1384 1166 1426 Obsessus]
1178 1383 1413 1417 ‘Immensum'
1425 1383 1516 1416 enim
1523 1393 1594 1417 mo-

889 1436 933 1468 do
950 1436 1050 1469 dixit.
1080 1437 1138 1468 De
1149 1436 1405 1477 oppugnatione
1416 1435 1480 1468 hac
1492 1435 1593 1469 Jovis

890 1492 926 1519 et
949 1487 1089 1518 tandem
1105 1486 1244 1519 devicto
1265 1487 1417 1528 Typhoeo
1438 1487 1506 1519 isto
1521 1487 1595 1519 sive

888 1537 1045 1577 Briareo,
1075 1536 1212 1568 nomina
1240 1537 1332 1568 enim
1361 1537 1405 1568 ad
1436 1547 1594 1569 versuum

888 1588 1097 1618 voluntatem
1139 1591 1276 1618 mutant
1312 1587 1447 1630 Poetae,
1485 1589 1595 1621 multa

887 1639 1068 1670 verborum
1094 1638 1302 1680 pinguedine
1318 1639 1462 1671 Nonnus
1475 1639 1594 1681 primis

886 1689 1018 1722 duobus
1032 1690 1319 1730 Dionysiacorum
1334 1689 1444 1722 libris.
1490 1690 1526 1722 Is
1543 1695 1593 1722 ta-

885 1750 961 1772 men
978 1740 1021 1772 ab
1038 1740 1096 1772 illo
1112 1746 1266 1773 monstro
1281 1745 1470 1772 monstrum
1487 1741 1593 1782 aliud,

884 1791 1063 1833 Neptuno,
1090 1799 1128 1823 ut
1143 1791 1246 1823 solita
1261 1791 1294 1823 ei
1311 1791 1461 1823 adscribi
1486 1792 1595 1824 tradit

885 1842 1031 1880 Gellius,
1042 1841 1183 1874 conficit
1193 1842 1314 1883 filium,
1324 1843 1520 1885 Briareum,
1531 1842 1592 1876 lib.

883 1903 1020 1927 xxxix.
1044 1898 1082 1926 et
1109 1902 1216 1926 xun-
1261 1894 1414 1927 Quorum
1443 1898 1592 1935 utroque

883 1945 959 1976 loco
976 1944 1172 1985 AEgaeonem
1187 1943 1267 1977 Jovi
1290 1943 1325 1975 in
1344 1944 1444 1975 Bello
1463 1943 1595 1986 Gigan-

884 2000 951 2027 taeo
968 1994 1170 2027 auxiliatum
1193 1994 1301 2026 cauit.
1323 1995 1440 2027 Barth.

926 2049 990 2078 602
1029 2046 1106 2077 Huc
1133 2045 1208 2077 illuc
1244 2046 1403 2087 clypeum]
1435 2045 1590 2077 Circum-

884 2100 1020 2138 spectat
1035 2105 1151 2128 omnes
1167 2099 1297 2137 partes,
1312 2105 1356 2127 ne
1371 2095 1414 2127 ab
1435 2095 1591 2128 hostibus

883 2147 1138 2179 circumventus
1155 2145 1350 2178 occumbat.
1372 2145 1522 2178 Laetam.

926 2200 989 2230 605
1015 2197 1209 2238 Armantque
1233 2195 1352 2237 virum]
1387 2196 1480 2228 Nam
1515 2196 1591 2237 ipsa
1636 2201 1638 2203 ’

884 2247 956 2280 tela
972 2247 1005 2279 iu
1022 2248 1137 2279 hostes
1161 2250 1354 2288 retorquet,
1372 2246 1431 2288 qui
1447 2247 1590 2279 aliorum

884 2299 1029 2330 telorum
1045 2298 1194 2338 impetus
1206 2295 1414 2335 retunditur,
1427 2305 1504 2328 cum
1520 2297 1591 2328 tela

883 2349 1054 2391 impingit.
1087 2348 1217 2379 Lucan.
1230 2350 1240 2364 ‘
1255 2350 1406 2388 totaeque
1419 2346 1491 2378 viro
1508 2346 1589 2378 dum

881 2400 951 2432 tela
979 2399 1113 2430 ruinae.’
1136 2398 1234 2429 Idm.
1277 2397 1371 2438 Saepe
1384 2407 1495 2439 aspera
1516 2408 1589 2439 pas-

879 2449 963 2490 sum]
985 2449 1164 2481 Subolevit
1180 2452 1216 2480 et
1243 2447 1300 2479 hic
1315 2448 1507 2488 glossema:
1532 2457 1588 2480 ve-

881 2505 972 2532 teres
997 2502 1207 2541 agnoscunt:
1236 2498 1434 2540 Armantque
1462 2499 1592 2530 virum.-

878 2561 959 2592 saepe
986 2560 1097 2591 aspera
1117 2558 1240 2590 passus.
1293 2549 1380 2582 Quae
1411 2557 1589 2591 germana,

879 2612 932 2633 me
939 2601 1072 2642 judice,
1093 2600 1208 2632 lectio.
1223 2599 1380 2631 Bernart-

920 2656 983 2685 607
1002 2653 1071 2685 Nec
1085 2650 1231 2692 mrtem]
1257 2651 1314 2683 Ita
1332 2649 1448 2683 fuerat
1469 2651 1588 2683 vulne·

879 2709 985 2743 ratus,
1007 2708 1046 2736 ut
1061 2707 1205 2735 mortem
1222 2701 1345 2734 timere
1369 2710 1435 2733 non
1458 2707 1586 2743 posset.

877 2755 978 2788 Idem.
