1878 3164
302 202 420 263 2014

307 311 376 347 est,
390 307 498 340 voluit
514 306 642 340 dicere.
679 307 772 347 Figie
782 307 922 348 gelidum
934 307 1000 339 Ne-

303 358 390 389 reida
402 357 517 399 pallor]
535 358 641 391 Quasi
656 358 824 391 vulnerat.
859 359 890 390 Τ
893 368 998 390 remo-

300 407 352 439 Jris
367 412 404 440 et
417 407 612 448 frigiditatis
635 417 738 440 causa
758 413 811 440 est
833 410 934 441 timor
948 410 998 441 ni-

300 458 403 489 mius.
426 458 605 490 Moturum.

347 510 412 539 159
435 508 494 539 Ille
517 509 626 539 aderat
646 508 741 539 mrito
761 508 887 548 sudore]
908 509 998 540 Dum

304 556 353 589 sic
366 557 483 589 Thetis
504 560 542 588 et
563 557 686 588 Chiron
710 558 997 598 colloquerentur,

305 615 389 638 ecce
404 615 446 637 ex
463 605 640 637 venatione
655 606 805 638 Achilles
826 607 928 639 rediit
944 617 998 638 sn-

304 655 387 687 dore
410 660 447 686 et
470 656 612 696 pulvere
637 654 691 697 (ut
714 655 911 698 videbatur)
932 667 998 688 am·

298 706 402 746 plior,
422 704 533 736 factus
558 705 667 746 major
687 715 786 746 quam
806 710 997 738 anteaesse

304 754 490 786 videretur.
515 755 616 787 Idem.

347 807 407 838 161
431 804 545 836 Dulcis
566 804 682 845 adhuc]
716 804 810 836 Nihil
835 805 997 836 naturalis

302 858 339 887 et
354 855 461 886 solitae
474 854 735 895 pulchritudinis
748 855 823 895 ipsa
835 853 998 895 defatiga-

301 904 395 936 tione
410 904 562 935 amisisse
579 903 770 935 videbatur.
793 904 891 936 Idem.

343 956 406 985 163
435 952 596 993 Vertitur]
615 953 795 993 Decurrit,
819 953 862 985 ad
893 953 996 985 solem

301 1006 417 1036 autem
443 1002 609 1043 respexit,
637 1002 693 1043 qui
725 1011 784 1043 per
810 1002 996 1035 Zodiacum

299 1052 457 1084 vertitur.
481 1052 578 1083 Idem.

343 1103 404 1132 165
441 1100 553 1136 Qualis
582 1099 696 1141 Lycia]
727 1099 912 1141 Virgiliana
941 1104 996 1132 est

299 1150 523 1190 comparatio.
555 1149 646 1180 Talis
661 1154 734 1181 erat
744 1150 896 1181 Achilles
906 1160 927 1182 a
936 1160 995 1182 ‘ve-

298 1199 437 1231 natione
466 1199 614 1237 rediens,
652 1199 759 1240 qualis
788 1199 914 1239 Apollo
942 1204 995 1232 est

299 1257 377 1280 cum
392 1248 497 1290 Lycia
520 1249 653 1288 relicta,
674 1248 733 1280 ubi
754 1249 886 1289 hyemis
909 1254 993 1281 tem-

297 1308 383 1339 pore
399 1298 567 1330 venationi
591 1307 730 1338 operam
753 1298 833 1329 dare
853 1308 994 1330 consue-

297 1347 370 1388 vit3
391 1357 466 1379 sese
482 1347 516 1378 in
529 1347 643 1378 Delon
659 1346 795 1388 recipit,
809 1351 845 1378 et
859 1347 993 1388 deposi-

298 1397 343 1428 tis
366 1397 498 1438 sagittis
524 1397 630 1438 lyram
655 1396 807 1427 assumit.
852 1397 994 1428 Constat

296 1446 489 1488 Apollinem
515 1445 686 1477 mensibus
715 1445 872 1486 hybernis
901 1445 993 1486 apud

296 1495 482 1528 Patharam
512 1495 625 1537 Lyciae
655 1495 839 1527 Civitatem
867 1495 905 1537 (a
927 1505 994 1537 qua

298 1547 501 1580 Patharaeus
546 1544 689 1586 dicitur)
735 1546 861 1577 aestivis
911 1555 992 1578 vero

297 1596 387 1638 apud
410 1597 533 1628 Delum
559 1604 719 1636 responsa
743 1595 826 1627 dare
852 1605 990 1627 consue-

294 1647 394 1679 visse.
417 1646 516 1678 Idem.

338 1698 400 1727 168
424 1693 572 1734 Phalaris]
594 1694 685 1726 Hinc
699 1694 844 1726 Achillis
860 1694 989 1726 animus

288 1746 501 1786 ostenditur,
520 1745 578 1786 qui
599 1744 699 1785 longe
717 1745 856 1785 lateque
878 1754 897 1775 a
916 1743 989 1775 fini-

289 1796 359 1828 ,bns
386 1796 458 1827 suis
486 1799 632 1836 vagetur
660 1804 736 1826 cum
769 1803 788 1826 e
817 1795 989 1826 Thessalia

292 1845 329 1877 in
356 1846 608 1886 Peloponesum
637 1848 797 1884 transeat,
824 1847 862 1874 ut
886 1853 988 1884 supra

290 1896 302 1914 ‘
319 1905 408 1927 nunc
426 1895 518 1926 illum
535 1904 601 1925 non
616 1894 705 1926 Ossa
721 1893 829 1934 capit,
841 1901 908 1924 non
920 1893 987 1924 Pe-

292 1944 362 1976 lion
374 1943 758 1985 ingens,Thessalicaeve
769 1943 862 1974 nives
872 1942 894 1973 ι’
909 1951 987 1973 narn

292 1994 422 2026 Pholoe
456 2003 550 2025 mons
576 1998 629 2024 est
657 1992 815 2024 Arcadiae
843 1991 986 2031 regionis

290 2043 565 2084 Peloponesicae‚
581 2042 674 2074 dicta
689 2052 707 2073 a
720 2042 830 2073 Pholo
841 2042 987 2073 Centau-

291 2101 330 2123 ro
359 2093 417 2134 qui
442 2092 500 2132 ibi,
525 2096 565 2123 ut
590 2092 713 2123 scribit
742 2090 923 2129 Diodorus,
944 2090 986 2121 ab

290 2141 444 2173 Hercule
460 2141 614 2181 sepultus
628 2139 706 2172 fuit.
728 2139 909 2171 Britanna.

337 2194 399 2223 170
436 2190 556 2222 Incitat
580 2190 713 2230 ungnes]
749 2190 798 2221 Ut
829 2188 986 2220 ludentes

291 2240 390 2281 pueri
414 2239 528 2272 facere
553 2240 673 2280 solent,
698 2249 826 2280 ungues
842 2240 986 2271 incitant

291 2290 495 2328 catulorum,
509 2289 543 2320 id
560 2293 626 2329 est,
644 2299 773 2330 ungues
796 2290 984 2329 apprehen-

291 2339 402 2370 dendo
417 2339 547 2370 catulos
563 2339 686 2370 incitat
708 2343 744 2370 et
763 2338 887 2371 irritat.
911 2339 984 2370 Ma-

287 2392 408 2421 turant.

331 2440 394 2470 176
417 2437 598 2478 Patroclus]
621 2438 705 2470 Cum
723 2438 872 2470 Achilles
892 2437 982 2470 fure·

286 2491 344 2519 ret
357 2487 519 2519 adversus
535 2483 823 2528 Agamemnonem
842 2493 983 2529 propter

288 2537 479 2569 Briseidem
501 2538 610 2569 noluit
631 2538 751 2579 egredi
770 2537 812 2569 ad
835 2547 980 2578 pugnam

288 2586 447 2618 adversus
469 2587 651 2627 Trojanos,
677 2592 759 2619 tunc
783 2594 921 2629 rogatus
943 2591 982 2619 ut

287 2636 344 2667 vel
374 2646 466 2667 arma
491 2646 550 2668 sua
577 2637 740 2668 Patroclo
767 2636 881 2676 daret,
906 2646 980 2677 quas

286 2694 387 2716 manu
412 2691 510 2717 erant
532 2685 700 2718 fabricata
723 2686 881 2724 Vulcani,
902 2695 980 2726 per-

282 2734 452 2766 suadente
481 2734 605 2774 Ulysse
634 2735 814 2766 concessit.
858 2734 980 2774 Egres-

767 214 908 246 NOTAE
941 213 1204 246 VARiORUM
1236 213 1290 244 ΙΝ

1044 316 1172 348 -susqne
1198 305 1383 339 Patroclus
1422 315 1498 338 cnm
1532 305 1635 339 annis
1663 307 1744 350 ψ

1049 361 1230 398 susceptus
1259 357 1303 389 ab
1335 357 1490 388 Hectore
1519 356 1652 389 occini·
1673 362 1745 391 me.

1049 407 1179 449 illaque
1190 417 1282 439 arma
1294 407 1432 439 abstulit
1440 407 1586 441 Hector.
1598 408 1748 444 Lam.

1092 460 1154 490 177
1177 458 1306 499 AEquali
1317 458 1407 499 fato]
1431 458 1533 491 Nam
1530 463 1681 502 uterque
1704 460 1745 493 li-

1046 511 1107 545 cet
1116 507 1247 549 dispari
1262 510 1414 550 corporis
1435 509 1570 551 robore,
1594 509 1672 551 pari
1692 513 1745 543 to·

1047 567 1125 589 men
1154 564 1265 590 morte
1302 558 1462 590 cecidere
1491 560 1526 591 in
1566 557 1745 592 obsidione

1047 606 1205 647 Trojana‚
1233 607 1417 640 Patroclus
1438 608 1534 640 -enirn
1558 609 1672 651 primo
1700 608 1743 642 ab

1044 656 1231 696 Euphorbo
1254 656 1299 688 ad
1327 657 1504 689 interitum
1533 659 1745 696 vulnerum,

1047 705 1091 736 ab
1115 705 1269 737 Hectore
1294 715 1373 738 mox
1386 706 1506 739 multis
1515 707 1743 749 obscenisque

1046 755 1241 786 vulneribus
1256 755 1483 797 interemptus
1496 760 1561 789 est.
1594 755 1744 788 Achilleo

1047 813 1128 836 vero
1144 805 1279 836 Paridis
1302 806 1428 846 sagitta
1443 806 1478 838 in
1494 806 1622 848 templo
1637 805 1742 848 Aspor-

1042 853 1123 884 -linis
1138 855 1172 885 in
1187 855 1307 894 planta
1329 853 1428 896 pedis
1450 863 1743 896 percussus-oucu-

1046 903 1129 936 buit.
1156 904 1308 935 Britann.

1089 955 1152 983 180
1185 953 1337 984 Fontibus
1373 951 1520 993 Eurota]
1556 952 1742 994 oon-pum

1045 1000 1213 1033 Achillem
1240 1002 1390 1043 Castori,
1411 1011 1488 1040 curn
1514 1005 1554 1033 et
1573 1001 1655 1043 ipse
1685 1010 1743 1034 νο·

1046 1051 1184 1082 natione
1213 1051 1377 1093 fatigatus
1408 1052 1574 1084 Eurotam
1595 1049 1740 1084 flamm

1043 1109 1132 1141 equo
1162 1106 1281 1133 vectus
1310 1101 1492 1134 subintrat.
1551 1101 1676 1134 cmor-
1699 1106 1742 1134 et

1042 1149 1169 1182 Pollux
1199 1151 1340 1183 Helenae
1370 1150 1494 1183 fratres
1520 1149 1628 1183 fuero.
1671 1151 1740 1184 na.-

1044 1208 1145 1240 eques,
1167 1205 1205 1231 nt
1227 1200 1276 1232 ait
1301 1199 1460 1239 Ovidius,
1484 1199 1543 1231 ille
1566 1198 1672 1241 pugn.
1687 1199 1738 1232 de

1042 1249 1165 1290 quibus
1181 1250 1351 1283 Homerus
1365 1249 1466 1282 Iliad.
1479 1252 1516 1280 -Γ,
1544 1246 1696 1291 adorant
1711 1250 1738 1282 Υ

1040 1298 1227 1340 ἱππόδαμον,
1249 1299 1300 1331 καὶ
1316 1299 1374 1340 πὺξ
1394 1295 1737 1340 ἀγαθδνπολυᾶὗκοα,
1765 1312 1770 1337 ζ

1041 1349 1309 1389 Αὐτοκασιγνήτω.
1346 1349 1615 1381 ‚Alluditauten
1628 1348 1673 1381 ad
1685 1358 1741 1391 oy-

1043 1398 1117 1438 dus,
1125 1399 1159 1430 in
1171 1409 1238 1440 quo
1245 1404 1284 1431 et
1297 1398 1422 1440 gemini
1433 1398 1556 1430 mutati
1565 1397 1735 1438 dicamur,

1043 1457 1119 1479 cum
1135 1448 1267 1490 inquit:
1283 1448 1463 1489 sessumque
1475 1448 1524 1480 uui
1541 1447 1737 1488 jul-maei-

1037 1499 1092 1528 ἰαί
1105 1497 1186 1529 astri
1196 1508 1207 1528 .·
1226 1498 1287 1529 sed
1302 1497 1357 1529 hic
1374 1496 1658 1538 pulchritudinem
1670 1505 1738 1538 por

1042 1552 1169 1578 astrum
1186 1548 1381 1588 accipimus,
1402 1557 1501 1588 quam
1517 1546 1737 1579 excitareri-

1041 1596 1142 1627 detur
1166 1596 1245 1628 dum
1271 1605 1308 1627 se
1327 1596 1447 1627 abluit.
1492 1597 1640 1628 Eurota·
1655 1605 1735 1629 vero

1041 1646 1196 1677 Laconiae
1209 1644 1330 1677 fluvius
1342 1649 1410 1683 est,
1426 1644 1737 1688 qui-praeterspu-

1040 1700 1109 1727 tam
1124 1697 1262 1736 labitur,
1273 1700 1310 1727 et
1325 1695 1532 1736 inGythinm
1548 1695 1736 1736 spartano-

1039 1755 1111 1776 rum
1127 1747 1249 1777 navale
1267 1745 1380 1777 nobile
1395 1744 1555 1785 erumpit.
1600 1744 1734 1778 Auctor

1038 1794 1173 1827 Strabo.
1229 1794 1395 1826 Fontibus
1422 1794 1465 1826 ad
1494 1794 1589 1836 ipsos
1617 1793 1732 1828 fonte·

1039 1845 1190 1877 Eurotae.
1215 1843 1394 1876 Moturum.

1081 1896 1142 1925 183
1179 1893 1312 1933 Angunt
1335 1902 1393 1924 sua
1417 1891 1553 1932 gaudio]
1586 1892 1665 1926 Qua
1693 1901 1730 1924 re

1038 1943 1222 1983 gaudebat,
1246 1941 1368 1974 eadem
1384 1941 1575 1982 >angebatur
1587 1945 1632 1973 —et
1651 1949 1732 1973 oru-

1038 1992 1201 2024 ciabatnr.
1226 1991 1395 2032 gaudebat
1421 1994 1519 2023 tanta
1539 1989 1670 2022 virtute
1687 1996 1731 2023 -et

1037 2041 1238 2073 fortitudine
1257 2040 1336 2073 filii:
1359 2040 1560 2081 angebatur,
1575 2039 1668 2087 quod
1684 2040 1733 2071 v’i-

1037 2090 1143 2122 debat
1165 2089 1254 2130 fore,
1277 2093 1316 2122 ut
1338 2090 1460 2121 eadem
1475 2090 1585 2121 virtus
1607 2098 1729 2131 propc-

1037 2139 1127 2171 diem
1143 2139 1288 2180 periret.
1314 2139 1414 2170 Idem·

1079 2192 1142 2221 185
1158 2189 1254 2221 Vario
1265 2187 1624 2229 oblectaminemaoem']
1636 2187 1730 2221 Libri

1036 2240 1190 2281 plerique
1204 2242 1342 2270 nectens.
1387 2239 1432 2270 Et
1446 2247 1540 2274 sane,
1552 2247 1637 2269 -cum
1653 2242 1726 2269 ter—

1035 2290 1084 2321 tio
1099 2294 1180 2320 ante
1195 2298 1294 2320 versu
1305 2297 1369 2320 vox
1382 2288 1491 2320 altera
1503 2287 1729 2329 praeessent,

1034 2339 1091 2370 vix
1105 2339 1198 2370 illam
1209 2338 1264 2370 hic
1275 2337 1438 2378 repetisse
1446 2335 1595 2368 uidetur.
1622 2335 1727 2368 Scho-

1033 2388 1149 2419 liastes
1160 2396 1295 2429 quoque
1307 2387 1356 2418 sic
1369 2386 1512 2425 invenit,
1525 2384 1614 2426 apud
1625 2394 1724 2426 quem

1033 2443 1104 2468 est:
1131 2439 1140 2456 ‘
1158 2438 1292 2478 nectente]
1329 2435 1483 2468 alliciens
1513 2434 1624 2466 iuamzz
1640 2438 1725 2466 m.

1029 2486 1212 2518 sollicitam
1226 2496 1235 2518 ι
1254 2485 1342 2517 vario
1356 2484 1434 2526 obl]
1456 2483 1660 2516 ferculorum
1674 2483 1724 2514 di-

1033 2536 1217 2568 versitate:
1240 2534 1343 2575 elicit]
1360 2544 1379 2566 e
1392 2533 1527 2566 sacculo
1550 2532 1725 2564 extrahit:

1029 2585 1089 2617 Sic
1110 2585 1168 2616 ille
1196 2589 1235 2615 nt
1273 2583 1398 2625 potuit.
1447 2583 1614 2614 Fortasse
1639 2582 1725 2614 ‹scri-

1030 2634 1198 2666 bendum:
1231 2637 1267 2665 ret
1293 2633 1436 2665 αἰιοηᾶω
1455 2632 1553 2664 varia
1592 2631 1723 2663 obleeta-

1028 2685 1114 2716 νάπη
1143 2687 1277 2723 nectens,
1308 2683 1404 2715 Elicit
1433 2685 1570 2714 extremo
1593 2681 1723 2723 chelyn.

1029 2733 1150 2774 Jungit
1165 2733 1254 2763 aliud
1272 2741 1375 2772 super
1390 2731 1480 2765 alind
1496 2731 1722 2764 advocamen-
