1878 3164
485 209 526 243 P.
558 208 752 241 PAPlNu
783 207 950 240 S'PATu
982 207 1130 238 THEB.
1163 206 1257 237 [ΑΒ.
1292 206 1358 237 1v.

193 306 308 342 socru
338 305 455 346 regina
492 302 580 337 chori
595 325 604 336 .
615 323 625 334 .
637 326 646 335 .
658 325 668 335 .
685 301 894 345 Tnjfidamqioe

186 357 254 393 hue
277 356 384 390 tristia
407 358 441 393 et
466 353 542 387 illue
570 353 703 385 Lumine
725 352 895 393 sanguineo

191 407 302 453 pina
321 405 468 446 idom.
490 407 522 437 et
546 406 661 437 ardeas
677 403 825 435 Erectam
844 405 894 435 at-

192 458 305 491 usim
330 447 438 499 inpie&
461 455 646 489 clamoribus
674 454 795 495 urbem]
838 454 894 486 De
915 475 923 485 .

191 506 291 541 fonto
313 506 505 554 virgiliano
537 505 627 538 hunc
661 506 774 537 locum
804 504 895 536 deri-

192 557 300 593 vavit.
342 549 380 590 12'
397 556 489 589 enim
503 555 688 588 Amatam
680 564 715 588 in
730 555 824 587 silvis
841 563 896 588 ea·

192 606 270 640 dem
306 605 429 640 facisse
459 605 637 639 describit.
681 603 814 638 Patbos
842 605 892 646 ip-

190 658 262 692 sius
294 657 404 690 tribus
434 656 546 690 modis
570 656 784 690 ostenditur:
822 655 896 689 fac-

192 715 257 742 to}
287 707 392 751 ‘ipsa
417 706 510 741 inter
536 706 666 740 medias
692 705 895 748 flagrantem

190 756 328 794 fervida
365 758 482 802 pinum
511 756 693 791 Sustinet!
735 756 895 790 Habitu=

189 809 435 855 *sanguineam
451 808 589 841 volvens
604 806 738 840 aciem.’
760 808 893 840 Dicto:

190 861 342 895 tmstrss
379 858 522 892 audite.'
558 859 660 891 Idem.
719 857 894 899 Canistris]

192 909 320 954 Inepta
345 911 462 951 lectio,
475 919 540 943 nec
563 919 641 942 eam
667 909 825 951 agnoscit
840 909 896 941 vel

193 970 281 1001 {³an
301 966 496 995 nostrorum
522 960 700 1002 librorum,
717 960 751 992 in
768 960 894 1002 quibus

193 1020 360 1054 consensu
374 1014 428 1052 est
451 1010 586 1052 capillis.
631 1011 710 1042 Nec
723 1010 814 1042 enim
830 1010 896 1043 Ce-

192 1062 279 1104 reris
293 1061 349 1101 liic
366 1071 422 1094 res
436 1065 596 1102 aguntur,
618 1070 682 1092 uec
705 1060 748 1092 ad
764 1060 896 1093 Bacchi

193 1122 361 1157 ponpam,
377 1111 606 1147 canistrorum
631 1120 710 1143 nsus
733 1110 898 1151 pertinet.

192 1163 329 1206 ‚cap-’115³
351 1163 471 1205 sparsis
496 1163 656 1204 ingruere
680 1160 813 1193 afflatos
836 1161 896 1193 ho-

191 1215 316 1258 miues,
330 1225 450 1248 omnes
465 1214 616 1246 historiae
632 1217 669 1246 et
692 1212 819 1245 fabulae
841 1213 898 1245 do-

193 1270 287 1306 cent.
330 1266 422 1299 Vide
447 1270 485 1298 et
509 1265 632 1307 Virgil.
656 1265 733 1297 AEu.
754 1273 826 1299 ur.
854 1264 897 1296 de

193 1316 331 1350 Amata.
350 1317 468 1350 Barth.

235 1369 301 1401 ⁸⁶1⁹
323 1367 451 1409 Recine
464 1367 567 1409 chon]
591 1366 776 1399 Ut-choros
791 1366 897 1398 duce-

191 1418 256 1458 bat
276 1419 438 1453 sacerdos
467 1428 537 1451 uua
561 1418 786 1450 Baccharum.
829 1416 897 1448 Os-

193 1469 310 1506 tendit
325 1474 443 1505 autem
463 1468 654 1502 antistitem
671 1467 805 1509 Liberi,
819 1477 896 1510 quae

193 1519 417 1560 Citheronem
431 1518 621 1552 incolebat.
642 1518 734 1550 Lact.
837 1550 839 1552 .

236 1573 302 1604 ⁸8⁰
327 1569 536 1617 fflfldamque
549 1568 624 1610 Ιιιισ]
646 1569 776 1601 Pathos
790 1567 897 1600 tribus

193 1621 304 1657 modis
317 1620 370 1654 fit.
390 1620 623 1654 Attendamus
638 1619 756 1661 igitur,
772 1621 810 1650 ut
824 1618 898 1650 haec

194 1671 394 1714 complexus
407 1671 453 1704 sit
467 1669 575 1703 facto.
598 1669 699 1702 laem.

236 1723 301 1755 ⁸8⁸
324 1722 431 1755 Nisae
459 1720 574 1762 Pater]
608 1719 637 1752 A
670 1719 756 1752 Nisa
782 1723 899 1752 moute

193 1773 364 1815 Bacchus.
386 1772 485 1812 virg.
508 1771 777 1812 ‘Bacchumque
801 1779 898 1802 aver·

194 1829 272 1864 tere
286 1823 397 1858 Nisa.’
419 1823 524 1856 schol.
545 1823 585 1855 V.
626 1821 718 1853 Vide
740 1821 838 1853 Serv.
864 1820 899 1851 in

194 1873 280 1915 illud
306 1873 440 1908 AEneid.
459 1882 510 1906 vr.
537 1873 548 1891 ‘
563 1871 762 1914 Pampineis
787 1871 899 1903 victor

188 1925 278 1968 juga
291 1923 405 1961 flectit
419 1922 561 1956 habenis
577 1922 692 1962 Liber,
709 1930 814 1962 agens
830 1922 899 1953 cel-

166 1990 170 1994 ·
194 1985 235 2013 ⁸⁴1
260 1975 356 2009 Nisa
376 1974 420 2007 de
447 1973 579 2007 vertice
604 1971 749 2014 Tigres:
795 1971 899 2004 Mons

193 2033 251 2060 est
266 2026 390 2067 Indiae,
403 2025 447 2058 de
463 2034 530 2068 qno
543 2023 706 2066 loquitur.
753 2021 799 2054 Et
817 2021 901 2054 Nisa

194 2077 331 2118 civitas,
350 2076 407 2109 ubi
426 2076 530 2108 Liber
549 2074 686 2114 colitur,
701 2072 792 2105 unde
815 2074 825 2091 ‘
842 2071 901 2105 Ni-

196 2126 304 2160 saeus’
326 2126 465 2159 dicitur.
487 2125 609 2161 Barth.
653 2123 769 2156 Gentis
787 2122 899 2164 uvitoe]

197 2177 352 2219 Propter
372 2175 542 2215 Semelen,
562 2173 684 2207 Cadmi
697 2173 815 2211 filiam,
829 2183 899 2206 ma-

200 2233 286 2262 trem
304 2227 433 2263 Liberi.
455 2227 604 2260 Melane.

198 2306 199 2309 ,
240 2281 304 2312 887
337 2276 490 2318 Gangen]
520 2276 663 2309 Flavius
685 2275 810 2315 Indiae,
838 2284 901 2317 per

197 2338 298 2372 quem
315 2333 454 2370 gentem
469 2326 571 2369 poeta
585 2325 768 2368 significat.
798 2324 902 2357 Hunc

197 2379 328 2422 primus
340 2379 469 2420 Liber,
496 2376 666 2409 secundus
692 2374 903 2415 Alexander,

198 2431 323 2466 tertius
337 2428 538 2471 Apollonius
550 2427 565 2443 ·
581 2426 730 2462 Ovidius
746 2426 789 2458 de
805 2426 898 2467 ipso:

197 2480 295 2513 §Per
325 2485 460 2521 septem
486 2482 604 2520 portas
631 2477 666 2509 in
695 2476 799 2509 maris
829 2476 903 2508 exit

200 2529 332 2574 aquas!
357 2530 458 2562 Idem.

240 2583 304 2614 ⁸93
342 2579 531 2620 Pes-dieras]
574 2579 768 2611 Invidiosa:
807 2577 904 2620 quasi

198 2641 264 2674 pro
291 2631 460 2664 sacrificio
489 2631 614 2663 bellurn
644 2630 905 2671 lachrymasque

200 2681 265 2715 tibi
281 2681 473 2723 pendimus.
496 2681 595 2714 Idem.

243 2733 308 2765 ⁸0⁴
322 2731 504 2764 Amazoniis
517 2731 671 2763 ululatum
683 2730 843 2762 Caucason
853 2738 905 2760 ur·

201 2780 277 2823 mie]
312 2782 485 2816 Caucasus
521 2791 618 2827 mous
650 2784 706 2814 est
741 2778 907 2821 Scythiae,

1530 194 1646 239 1853

942 300 1024 334 ideo
1050 301 1215 341 ululatum,
1235 299 1327 342 quod
1352 298 1542 332 Amazones
1566 311 1643 334 cum

942 350 1094 384 finitimis
1129 351 1258 384 bellare
1294 349 1468 391 dicuntur,
1502 360 1643 392 quorum

942 402 1090 434 ululatus
1114 404 1123 421 ‘
1137 399 1307 443 barritus,'
1334 400 1370 432 id
1394 405 1460 441 est,
1481 399 1646 433 barbarus

942 452 1042 485 ritus.
1064 452 1166 484 Idem.

985 507 1048 537 897
1070 504 1189 537 Juravi
1203 503 1277 546 tibi]
1304 503 1347 535 In
1366 501 1519 534 furorem
1533 511 1646 535 sacro-

943 565 1034 597 rum,
1046 564 1114 588 non
1129 554 1309 593 bellicum:
1333 554 1398 585 hoc
1426 557 1494 591 est,
1517 562 1586 584 non
1609 557 1648 584 ut

942 607 1035 640 bella
1047 615 1221 646 canerem,
1236 604 1298 637 sed
1320 608 1359 635 ut
1377 612 1552 635 sacrorum
1568 612 1648 634 cau-

942 667 996 690 sas
1018 657 1269 699 intelligerem:
1309 658 1346 687 et
1372 654 1461 686 bene
1485 653 1528 686 dc
1552 662 1647 685 more

943 708 1192 747 militiaejumvi
1214 707 1314 747 dixit,
1337 706 1416 748 quia
1440 704 1570 737 militiae
1597 714 1648 736 sa·

943 763 1159 791 crementum
1196 758 1348 791 dicitur:
1386 760 1422 789 et
1459 754 1650 788 sacerdotio

943 809 1031 843 dixit
1040 810 1191 851 jurasse,
1206 818 1274 841 non
1289 808 1392 840 bello.
1418 807 1518 839 Idem.

985 862 1050 891 402
1088 860 1346 900 Communemque
1373 857 1458 899 petis
1483 857 1648 896 defendere

943 910 1098 952 campum]
1124 910 1284 951 Optimi:
1313 908 1481 948 defendere
1501 911 1648 940 montem.

943 960 1079 1001 Recte3
1099 970 1178 992 nam
1199 959 1247 991 ibi
1273 967 1410 1001 quoque
1436 958 1544 990 saltus
1570 967 1649 998 pas-

944 1012 1011 1045 cui.
1034 1011 1200 1052 Virgilius
1218 1009 1295 1041 AEn.
1311 1018 1354 1042 ιι.
1367 1009 1509 1049 ‘stupet
1522 1007 1651 1044 inscius

944 1063 1015 1095 alto
1032 1061 1218 1102 Accipiens
1245 1059 1392 1092 sonitum
1409 1059 1483 1091 saxi
1509 1057 1553 1090 de
1572 1066 1649 1089 ver-

946 1113 1014 1144 tice
1031 1111 1173 1153 pastor)
1195 1111 1333 1142 Gronov.

988 1165 1053 1194 404
1076 1163 1122 1194 Et
1135 1162 1234 1193 saltus
1254 1162 1321 1192 dux
1340 1160 1423 1191 alter
1439 1157 1546 1198 habet]
1571 1157 1652 1190 Cre-

946 1217 1060 1250 ontem
1085 1210 1265 1254 significat,
1288 1210 1346 1252 qui
1370 1214 1448 1251 post
1475 1208 1651 1240 interitum

946 1263 1092 1296 fratrum
1130 1263 1220 1295 solus
1258 1261 1413 1304 possedit
1456 1260 1652 1302 imperium.

947 1314 1095 1347 Lactant-

989 1367 1054 1398 406
1080 1362 1264 1396 Τεννοηὸιιε
1275 1361 1392 1403 impar]
1405 1361 1563 1403 Urgente
1577 1369 1655 1392 con·

947 1416 1106 1449 scientia.
1152 1415 1253 1448 Solus
1269 1414 1360 1446 enim
1382 1423 1490 1445 causa
1504 1417 1581 1445 erat
1602 1416 1655 1444 tot

947 1467 1124 1506 malorum,
1139 1465 1183 1497 de
1198 1465 1321 1506 quibus
1338 1473 1401 1505 per
1421 1462 1654 1504 pervicaciam

947 1521 1063 1549 tamen
1079 1515 1273 1552 dubitabat.
1302 1514 1372 1546 Vet.
1389 1513 1558 1546 Scholiast-

989 1569 1054 1599 407
1078 1566 1293 1606 Tenebrasque
1306 1563 1451 1605 sagaces]
1466 1563 1574 1597 »Quia
1588 1573 1654 1596 cae-

947 1627 1019 1655 cus,
1047 1615 1108 1649 sed
1140 1615 1276 1648 divinus
1306 1614 1475 1646 Tiresias:
1514 1613 1656 1647 tenebras

947 1668 1034 1701 dicit
1046 1666 1274 1710 ignorantiam
1287 1663 1501 1698 futurorum:
1514 1674 1655 1704 sagaces,

949 1728 1024 1761 quae
1041 1722 1151 1750 totum
1168 1716 1473 1758 investigaverant.
1494 1715 1645 1747 Luctant.
1684 1740 1694 1747 ..

989 1772 1055 1802 409
1082 1768 1226 1801 Consulit
1240 1767 1296 1799 ille
1313 1765 1416 1807 Deos]
1441 1766 1655 1798 Immolatio-

947 1829 1025 1853 nem
1041 1819 1229 1852 hostiarum
1246 1822 1354 1851 totam
1370 1818 1457 1849 lianc
1486 1817 1530 1849 de
1550 1818 1659 1850 Luca-

948 1880 992 1902 no
1030 1873 1207 1902 mutuatus
1245 1871 1317 1899 est:
1357 1867 1367 1885 ‘
1382 1867 1462 1899 Non
1499 1867 1657 1908 tripodas

948 1920 1084 1958 Plioebi,
1109 1929 1177 1951 non
1207 1918 1334 1959 Pythia
1368 1916 1516 1948 consulit
1544 1921 1658 1957 antra,

948 1971 1026 2004 Nec
1041 1970 1205 2013 quaesisse
1226 1968 1311 2000 libet
1338 1967 1455 2008 primis
1481 1967 1562 2008 quid
1586 1966 1657 1998 sru-

949 2023 1048 2065 gibns
1063 2021 1168 2054 altrix
1182 2019 1255 2052 Ore
1263 2018 1362 2052 Jovis
1374 2018 1526 2051 Dodona
1538 2017 1657 2050 sonet!

950 2073 1050 2106 Idem.

991 2126 1055 2156 411
1082 2121 1213 2163 Tripode
1236 2120 1404 2162 implicito]
1425 2119 1585 2152 Obscuro
1610 2118 1657 2150 A-

950 2174 1089 2217 pollinis
1105 2181 1283 2214 responso.
1305 2172 1405 2204 Idem.
1452 2171 1665 2211 Numer-isque,

949 2223 1145 2266 sequentibus
1154 2222 1258 2263 astra]
1273 2222 1324 2253 Ut
1340 2220 1559 2260 arithmetici,
1576 2229 1659 2261 quos

950 2274 1212 2307 mathematicos
1250 2271 1405 2308 dicimus,
1443 2279 1586 2312 quorum
1623 2269 1659 2301 in

951 2326 1101 2359 numeris
1130 2329 1185 2357 est
1215 2327 1289 2356 tota
1318 2321 1488 2354 doctrina.
1540 2321 1603 2352 Est
1624 2329 1659 2352 e-

953 2377 1033 2410 tiam
1050 2385 1105 2407 ars
1121 2373 1291 2416 quaedam,
1318 2381 1363 2404 ex
1387 2370 1481 2405 sumo
1509 2380 1578 2402 arae
1602 2379 1659 2402 ve-

953 2436 1027 2460 rum
1044 2424 1243 2468 providere,
1256 2422 1336 2465 quia
1358 2431 1401 2453 ex
1425 2421 1592 2454 divisione
1608 2420 1660 2462 ip-

954 2477 1024 2514 sius
1053 2475 1139 2508 fumi
1164 2484 1241 2516 quae
1269 2476 1350 2504 sunt
1372 2471 1492 2503 futura
1516 2475 1662 2512 cognos-

953 2530 1038 2560 cunt
1053 2538 1061 2556 :
1079 2534 1162 2567 quos
1177 2522 1293 2556 Graeci
1305 2519 1663 2563 κοι·ιιίωμ.ι“ἱ,ινϊειςῦτις)μει-Α

952 2578 1038 2610 lant.
1062 2576 1161 2608 Idem.

996 2629 1062 2659 414
1097 2625 1232 2656 Elicitos
1255 2623 1396 2665 patuisse
1425 2621 1541 2662 refert]
1570 2621 1661 2653 Nam

955 2677 1028 2709 aliis
1043 2675 1145 2708 rebus
1162 2675 1283 2707 melius
1309 2683 1410 2715 qnam
1429 2671 1584 2704 manibus
1599 2671 1660 2703 eli-

955 2727 1065 2765 citos3
1090 2725 1124 2757 id
1141 2729 1206 2762 est,
1221 2727 1353 2756 tantum
1370 2723 1513 2755 interius
1531 2720 1660 2753 inferos

958 2776 1093 2819 aperire
1107 2773 1227 2816 refert,
1241 2784 1344 2817 quam
1359 2773 1427 2807 siut
1442 2771 1560 2804 mortis
1574 2771 1662 2803 dura
