1878 3164
485 230 529 262 P.
562 229 755 262 PAPan
787 230 956 261 S'I'A'I'll
989 229 1194 262 ACHILL.
1225 232 1323 265 LIB.
1344 233 1378 263 1.

187 320 248 364 rit,
270 321 331 355 cui
357 320 462 354 filiam
487 323 759 356 commendaret.
784 324 894 356 Matu-

185 375 273 405 mt-

184 430 191 445 ³
221 424 287 456 807
330 421 533 466 Scyriadum]
571 423 626 456 Ibi
662 424 892 458 habitantium

184 473 389 515 puell-mm.
432 473 490 507 lta
510 475 520 492 ⁸
531 474 670 517 Scyrias
684 476 872 508 Deidamia
885 476 894 491 ’

184 523 277 565 apud
294 523 398 557 ovid.
411 524 454 557 de
462 524 550 558 Arte
563 525 640 558 Am.
655 525 716 558 lib.
729 535 757 558 1.
771 526 891 559 Barth.

182 573 351 618 Defigere]
379 575 436 608 Sic
461 575 596 609 intente
621 576 760 618 intueri,
782 581 822 609 ut
846 578 889 609 ab

182 623 320 659 Achille
341 625 460 658 oculos
481 635 548 658 non
563 626 791 660 dimoverent.
814 628 891 660 Ma-

182 677 307 709 mi.

181 740 190 746 ·
225 729 292 760 880
311 727 477 769 Eminet]
489 728 765 770 superemineat,
779 732 816 761 et
829 738 900 772 an·-

181 780 280 811 toeat
308 778 404 815 aliua,
434 783 505 810 tum
536 779 695 811 claritate
722 779 890 821 corporis,

181 831 255 859 tum
279 827 550 870 pulchritudine.
572 829 673 861 Idem.
719 829 889 868 Humems,

181 876 235 910 ιε’
243 881 371 919 pectora
390 878 529 922 fundat]
554 879 652 912 Idem
671 880 886 919 Langianus:

179 931 390 971 quantumque
416 930 558 962 humeros
579 940 600 962 a
617 933 743 972 pectore
754 930 888 968 fundat.

181 978 295 1013 Quem
317 989 380 1012 cur
401 989 471 1012 non
491 985 528 1013 et
550 981 605 1013 hic
621 981 781 1013 audiam?
803 981 887 1013 Ber-

178 1026 267 1062 me.
323 1029 469 1072 Fundat]
512 1030 690 1072 Porrigat,
727 1031 888 1064 ostendat

177 1078 269 1121 quod
283 1079 433 1113 virorum
445 1085 512 1114 est.
533 1081 715 1114 Maturant.

180 1146 182 1148 ·
221 1131 288 1163 872
309 1131 437 1174 Idalc'ae]
463 1132 683 1174 Comparatio
699 1136 763 1166 est.
807 1133 886 1166 Ida-

176 1179 234 1212 liae
248 1184 362 1214 autem
378 1183 535 1214 volueres
547 1183 716 1215 columbae
727 1187 808 1216 sunt
817 1184 885 1215 Ve—

176 1229 254 1262 neri
279 1240 386 1264 sacrm
412 1237 558 1274 propter
586 1238 697 1266 satum
721 1233 884 1277 frequen-

140 1280 146 1285 ‘
178 1285 251 1314 tem
279 1284 318 1314 et
339 1281 480 1315 coitum.
522 1283 651 1316 Idalius
679 1294 761 1316 vero
786 1294 883 1317 mons

176 1335 232 1363 est
246 1331 352 1374 Cypri
365 1333 494 1365 Veneri
505 1343 614 1375 sacer,
627 1335 672 1367 de
683 1345 750 1377 quo
759 1337 882 1379 Virgil.

175 1383 186 1401 ‘
204 1381 277 1416 Aut
291 1393 397 1426 super
409 1384 558 1418 Idalium
574 1392 710 1419 sacrata
727 1389 814 1420 valle
831 1399 884 1422 re-

175 1432 348 1467 condam-²
369 1435 554 1468 Matar-ane.
591 1437 723 1480 Idalioe]
745 1439 882 1471 Colum·

175 1483 238 1517 bas
258 1490 375 1518 autem
398 1487 527 1520 Veneri
556 1493 775 1522 consecratas
806 1500 881 1523 esse

173 1541 369 1569 commenta
389 1541 444 1570 est
466 1538 654 1580 antiquitas
679 1540 745 1572 boc
767 1541 881 1581 modo,

172 1587 345 1620 Venerem
360 1593 397 1622 et
408 1589 612 1631 Cupidinem
624 1591 659 1623 in
672 1593 802 1634 campis
816 1594 880 1625 las-

172 1637 339 1671 civientes
360 1639 396 1672 in
415 1641 672 1673 contentionem
688 1641 882 1685 devenisse,

173 1689 392 1731 uteruplures
414 1690 479 1723 sibi
505 1691 686 1732 colligeret
704 1691 822 1734 flores,
845 1699 881 1727 et

171 1748 251 1772 eum
267 1740 403 1782 Cupido
418 1741 549 1774 alarum
574 1742 740 1786 suffragio
762 1746 879 1786 plures

170 1788 348 1822 videretur
401 1791 626 1832 collecturus,
669 1794 879 1827 Peristeram

170 1838 367 1881 Nympham
395 1840 429 1872 in
450 1841 595 1874 Veneris
617 1844 780 1877 auxilium
805 1855 878 1877 sur-

171 1889 314 1931 rexisse,
334 1890 416 1923 inde
444 1892 647 1934 Cupidinem
663 1895 877 1937 indignatum

170 1940 355 1982 nympham
372 1942 466 1975 illico
481 1943 515 1975 in
532 1945 724 1978 columbam
748 1951 877 1980 mutas-

169 1999 222 2032 se,
243 2001 344 2034 quam
369 1992 497 2027 deinde
519 1996 639 2028 Venus
666 1997 701 2029 iu
730 1999 876 2031 tutelam

167 2050 264 2074 suam
283 2044 481 2086 assumpsit.
504 2069 507 2071 >
526 2045 596 2079 Alii
620 2051 735 2080 autem
751 2049 802 2081 rei
818 2059 876 2081 ve-

168 2093 310 2129 ritatem
338 2101 585 2138 persequentes
608 2098 817 2132 Peristeram
841 2111 875 2132 a·

168 2141 239 2184 pud
261 2143 456 2177 Corinthios
471 2146 637 2188 insignem
652 2146 758 2181 fuisse
781 2151 876 2191 puel-

166 2196 249 2238 lam,
276 2206 356 2239 quae
382 2198 419 2231 iu
446 2199 667 2240 plurimorum
696 2204 875 2245 amplexus

167 2248 275 2280 venit·
316 2248 429 2282 Quam
444 2249 488 2282 ob
505 2259 641 2283 causam
657 2252 701 2284 ab
716 2254 791 2295 ipso
808 2255 875 2287 Cu-

167 2297 299 2340 pidine,
312 2299 346 2331 id
361 2303 429 2342 est,
444 2301 597 2334 libidinis
613 2303 751 2336 stimulo
765 2305 798 2337 in
819 2315 875 2338 co-

164 2349 314 2388 lumbam
325 2359 455 2384 versam
467 2352 600 2392 dixere,
610 2355 774 2397 περιστερὰ
783 2357 873 2389 enim

165 2399 304 2438 Groece,
325 2402 466 2434 columba
486 2402 614 2436 dicitur
637 2405 771 2438 Latine.
797 2407 874 2439 Bri-

161 2453 252 2484 tatu.

163 2513 167 2515 ·
207 2504 273 2535 ³⁷9
306 2503 451 2536 Mullum
491 2506 652 2548 cunctata]
691 2506 870 2550 Conjunge

163 2553 307 2586 muttum
320 2564 398 2586 cum
421 2561 599 2596 cunctata,
614 2562 653 2589 ut
669 2557 712 2589 sit
729 2560 868 2592 multum

161 2607 309 2637 mala
331 2605 368 2638 in
389 2606 508 2647 limine,
531 2607 565 2639 id
595 2613 665 2649 est,
689 2616 870 2644 remorata.

165 2653 268 2688 fam.

206 2707 265 2738 881
294 2706 492 2748 Novissima]
516 2707 546 2740 1.
569 2717 600 2740 e.
625 2710 715 2750 vale,
734 2712 825 2753 quod
848 2723 868 2744 a

162 2755 423 2792 discedentibus
438 2763 647 2801 postremum
670 2761 736 2794 dici
765 2763 865 2797 solet.

167 2807 262 2841 laem.

1537 223 1654 289 2023

990 328 1054 358 382
1076 326 1187 366 Longe
1200 327 1336 370 cervice]
1359 327 1439 361 Quo
1462 332 1561 370 gestu
1577 338 1652 362 esse

944 375 1093 407 latentes
1106 377 1229 417 solent,
1242 378 1296 409 vel
1312 378 1363 409 sic
1379 387 1415 409 se
1423 381 1654 412 convertebat

946 429 986 456 ut
1001 426 1113 467 quoad
1124 431 1242 468 posset
1256 426 1364 460 filium
1381 428 1424 460 ad
1439 429 1584 470 Scyrum
1601 430 1651 462 in-

945 480 1113 509 tueretur.
1137 477 1318 510 Matarant.

987 528 1050 558 384
1069 526 1154 559 Cara
1168 528 1261 571 mihi]
1275 528 1400 562 Oratio
1415 532 1471 563 est
1486 540 1553 573 qua
1566 531 1651 574 Scy-

943 585 981 607 ro
994 575 1102 608 filium
1118 579 1350 620 commendat,
1365 584 1402 612 et
1418 581 1562 621 praemia
1577 583 1651 624 pol-

940 626 1068 659 licetur
1083 628 1343 663 taciturnitatis.
1367 631 1469 664 Idem,

985 680 1047 710 385
1072 679 1262 719 Depositum
1282 680 1411 723 ingens]
1432 681 1534 716 Quod
1558 682 1649 715 enim

939 728 1050 770 majus
1079 729 1273 771 depositum
1301 741 1378 764 esse
1413 736 1531 774 potest
1554 732 1650 766 filio?

941 779 1039 811 Idem.

982 831 1046 861 387
1072 830 1169 863 Creta
1198 832 1314 875 Rheae]
1339 833 1428 867 Haec
1448 833 1567 867 fabula
1581 839 1647 868 est.

936 879 1306 924 Saturnus,postq11am
1317 893 1337 916 a
1346 885 1512 917 Themide
1525 895 1647 918 oracu-

939 929 974 960 lo
989 931 1158 971 comperit
1172 942 1192 963 a
1206 932 1279 964 filio
1297 942 1403 975 regno
1419 944 1456 966 se
1470 944 1570 976 posse
1586 935 1647 968 de-

939 980 1035 1020 pelli,
1060 986 1160 1013 natos
1188 992 1232 1014 ex
1259 984 1356 1015 Rhea
1371 994 1478 1017 uxore
1504 985 1654 1028 devora--

937 1029 1010 1069 bat,
1026 1041 1100 1073 quae
1114 1036 1231 1064 natum
1253 1033 1377 1066 Jovem
1393 1032 1648 1076 pulchritudine

936 1080 1111 1115 delectata
1136 1084 1294 1126 nymphis
1323 1085 1581 1118 commendavit
1610 1088 1647 1119 iu

935 1138 1052 1164 monte
1070 1133 1181 1166 Cretae
1205 1134 1355 1175 Dictaeo,
1380 1135 1438 1167 ubi
1454 1145 1532 1168 eum
1555 1137 1647 1169 alue-

934 1186 1015 1214 runt
1030 1192 1126 1224 apes,
1137 1187 1173 1216 et
1189 1184 1333 1217 adhibiti
1346 1192 1428 1218 sunt
1447 1186 1595 1218 Curetes
1610 1191 1646 1219 et

934 1232 1165 1274 Corybantes,
1179 1235 1236 1276 qui
1250 1235 1374 1268 tinnitu
1391 1237 1469 1269 aeris
1485 1237 1646 1278 prohibe-

934 1287 1012 1313 rent
1047 1283 1158 1315 audiri
1187 1285 1287 1326 pueri
1327 1287 1493 1328 vagitum.
1540 1287 1644 1320 Unde

933 1332 999 1373 ipsi
1015 1337 1096 1366 suut
1108 1334 1228 1367 matris
1253 1336 1365 1368 Deum
1387 1337 1547 1370 ministri.
1592 1338 1644 1371 Ut

933 1388 1049 1415 autem
1072 1383 1224 1426 fingatur
1251 1388 1421 1420 Saturnus
1449 1387 1539 1421 filios
1567 1398 1645 1421 suos

933 1442 1088 1467 comesse
1111 1435 1187 1468 haec
1213 1437 1303 1469 ratio
1326 1443 1392 1479 est,
1408 1439 1491 1480 quia
1512 1438 1644 1472 dicitur

932 1484 1027 1516 Deus
1050 1495 1126 1518 esse
1150 1487 1358 1520 aeternitatis
1374 1493 1410 1520 et
1438 1490 1643 1523 seculorum.

931 1534 1057 1567 Secula
1073 1540 1190 1568 autem
1202 1546 1309 1569 annos
1323 1547 1366 1570 ex
1382 1548 1419 1570 se
1436 1543 1536 1572 natos
1552 1539 1588 1572 in
1604 1549 1642 1573 se

932 1587 1127 1627 revolvunt,
1143 1587 1223 1619 inde
1245 1588 1373 1621 Graece
1400 1589 1529 1632 Κρόνιος
1545 1592 1643 1633 quasi

930 1635 1070 1677 Χρόνιος,
1085 1636 1120 1668 id
1134 1642 1202 1681 est,
1216 1642 1350 1681 tempus,
1362 1640 1503 1675 dicitur.
1548 1643 1642 1685 Ergo

929 1699 989 1730 quo
1013 1700 1098 1722 more
1122 1691 1246 1724 tacebat
1269 1693 1367 1726 Creta
1387 1695 1497 1736 theoe,
1521 1695 1555 1727 id
1573 1701 1641 1738 est,

930 1740 1008 1782 quia
1025 1741 1095 1773 illic
1111 1746 1206 1774 certe
1220 1742 1320 1776 Jovis
1343 1746 1495 1778 nutritus
1511 1752 1579 1788 est,
1594 1758 1639 1781 ne

929 1790 1112 1823 aSaturno
1135 1796 1238 1833 patre
1261 1793 1499 1836 occideretur3
1521 1797 1570 1830 sic
1587 1803 1640 1839 tu,

930 1851 950 1873 o
973 1842 1115 1884 Scyros,
1138 1844 1415 1878 commendatum
1440 1847 1504 1879 tibi
1519 1847 1639 1882 Achil·

928 1891 995 1923 lem
1012 1892 1196 1926 absconde.
1217 1894 1367 1928 Lactant.

971 1945 1036 1974 388
1061 1944 1211 1976 Instabili
1225 1944 1319 1983 fama
1333 1948 1521 1988 superabere
1536 1950 1638 1992 Delo]

927 1993 1056 2035 Major,
1084 1995 1207 2037 inquit,
1232 1996 1300 2028 erit
1326 1995 1419 2030 fama
1444 2003 1481 2031 et
1510 2010 1636 2034 nomen

927 2049 1020 2077 tuum
1039 2055 1146 2087 -quam
1161 2046 1239 2078 Deli
1254 2048 1390 2090 insulae,
1407 2059 1484 2091 quae
1500 2050 1636 2093 Apolli-

926 2096 979 2128 nis
1003 2098 1142 2130 oraculo
1162 2098 1228 2131 toti
1257 2098 1334 2131 orbi
1354 2101 1535 2134 notissima
1557 2102 1635 2136 fuit.

925 2146 1084 2189 Instabili,
1098 2157 1170 2180 rem
1191 2147 1383 2183 fabulosam
1401 2153 1634 2194 prosequitur,

925 2209 1001 2240 quae
1021 2200 1070 2231 sic
1093 2210 1130 2231 se
1147 2200 1264 2232 babet.
1307 2201 1462 2244 Jupiter,
1479 2203 1635 2237 simulat-

925 2259 991 2292 que
1009 2251 1176 2283 Latonam
1191 2251 1367 2292 gravidam
1375 2251 1632 2294 fecit‚Asteriae

925 2300 997 2342 eJus
1013 2301 1122 2333 sorori
1150 2301 1218 2333 vim
1242 2301 1374 2335 inferre
1391 2309 1534 2336 conatus
1551 2310 1604 2337 est
1621 2317 1629 2337 :

925 2361 1042 2384 verum
1060 2353 1176 2393 puella
1192 2351 1325 2395 fugiens
1339 2355 1513 2387 numinum
1530 2356 1631 2389 mise-

924 2403 1058 2435 ratione
1085 2404 1120 2435 in
1149 2404 1362 2437 coturnicem
1378 2415 1547 2438 conversa
1562 2412 1631 2449 est,

923 2463 1024 2496 quam
1040 2454 1159 2487 Graeci
1170 2459 1293 2497 ortyga
1308 2461 1444 2490 vocant.
1486 2457 1510 2490 J
1514 2458 1631 2499 upiter

920 2509 1034 2537 autem
1050 2506 1084 2537 in
1107 2505 1267 2549 Aquilam
1290 2512 1443 2540 mutatus
1459 2518 1537 2541 cum
1553 2520 1628 2542 eam

921 2566 1044 2598 rapere
1070 2557 1188 2598 vellet,
1212 2557 1328 2590 divino
1356 2568 1415 2589 usa
1442 2560 1569 2592 auxilio
1592 2561 1628 2592 in

920 2606 1070 2648 lapidem
1107 2606 1354 2648 transformata
1382 2613 1447 2649 est,
1482 2611 1540 2652 qui
1568 2611 1627 2643 diu

919 2658 982 2690 sub
1013 2658 1108 2700 aquis
1134 2659 1256 2698 latuit;
1294 2664 1460 2692 caeterum
1487 2662 1628 2703 Jupiter

918 2708 1078 2750 precibus
1108 2709 1250 2741 Latonae
1276 2714 1389 2742 motus
1414 2720 1492 2743 eum
1522 2721 1627 2754 super

917 2770 1022 2803 aquas
1038 2758 1155 2792 efferri
1175 2759 1272 2793 fecit.
1316 2761 1550 2795 Praesentiens
1566 2764 1626 2795 de-

916 2811 997 2844 iude
1022 2811 1115 2845 Juno
1137 2811 1304 2845 Latonam
1330 2821 1374 2844 ex
1397 2812 1486 2846 Jove
1511 2814 1623 2855 gravi-
