1878 3164
477 225 518 254 Ρ.
549 223 742 255 ΡΑΡΓΝῙΙ
775 223 942 255 STA'rn
977 225 1123 258 THEB.
1157 226 1253 257 mu.
1276 227 1349 258 111.

179 324 236 360 bo.
267 319 360 359 mind
373 319 527 360 breviter
540 331 578 360 et
594 337 662 360 uno
678 319 784 360 verbo
798 328 886 361 sciat

174 369 355 422 juventus,
378 377 563 419 Lycaonia».
588 377 646 411 hie
672 378 884 412 mentionem

179 425 268 468 fleri,
292 428 360 460 tion
381 427 555 469 Arcadiae,
569 429 650 471 qnia
666 429 745 461 olim
763 439 886 471 magna

177 474 340 511 Arctum
352 481 446 520 pnrs,
458 484 532 519 seu,
542 484 580 511 ut
595 479 652 511 alii
664 480 797 521 volunt,
812 483 885 513 tota

177 527 342 570 Amudis,
354 528 528 570 Lycaonia*
541 530 637 562 dicta
652 529 771 565 fuerit.
802 531 884 563 Dia-

176 580 247 622 gon
262 579 354 612 ’νόω
375 577 530 621 fluvium,
545 591 566 612 a
591 581 737 614 meridie
765 582 798 614 in
825 582 884 615 Al-

175 628 301 672 §iteum
326 624 541 669 influentem,
565 636 687 663 contra
714 632 884 673 Lynman-

175 679 250 712 ffiin
265 680 600 720 montem,‘Pisaenm
616 691 734 723 agrum
752 681 797 714 ab
817 682 883 715 Ar·

130 726 132 728 ’
175 729 296 763 eudieo
310 729 476 776 dividere.
521 731 624 763 Unde
648 732 759 765 lucem
782 736 882 775 petes

171 772 383 822 precedenti
399 780 529 813 versui.
552 781 708 815 Rerum.

215 832 281 863 ⁴83
303 830 372 862 Hs«.-
399 830 496 863 houm
518 832 664 874 alitibus]
696 833 879 867 Rationem

173 875 463 922 moimmsen,
489 882 580 914 unde
608 892 807 916 concessum
834 886 881 918 sit

172 926 295 963 nvibus
309 927 646 973 futui-npraedieere.
669 934 770 968 Quod
781 935 879 977 Virg.

167 981 269 1024 ‘quasi
290 981 511 1029 philosophus
535 984 689 1026 explicat
713 985 880 1026 Epicure·

173 1040 229 1072 us,
241 1028 298 1064 nte
312 1031 409 1074 qussi
426 1031 639 1067 Platonicus.
672 1034 791 1067 Prima
806 1037 878 1078 opi-

172 1081 231 1114 nio
253 1084 309 1114 ent
322 1079 371 1114 'u‘b
387 1082 556 1124 Hesiodo,
569 1082 689 1116 futura
708 1085 879 1126 praedice-

171 1126 224 1170 r'ess
238 1132 320 1175 quin
333 1142 500 1176 supernus
516 1135 610 1167 orbis
626 1135 786 1169 conditor
800 1138 878 1170 cba-

172 1186 211 1215 ΰι
223 1180 392 1224 figur-ret
407 1183 441 1215 in
468 1184 610 1222 semina,
625 1185 714 1218 hanc
734 1186 878 1229 illis'po-

171 1228 336 1266 miscens
351 1235 535 1267 concessit.
580 1235 621 1267 In
644 1245 724 1268 nova
747 1237 880 1280 semina]

172 1283 223 1316 ut
257 1284 446 1325 generatim
483 1286 597 1318 omnia
644 1292 880 1329 procrearent,

170 1342 253 1376 «με
269 1343 427 1376 corporo,
443 1339 483 1367 ut
503 1335 668 1378 Epicurei
691 1341 878 1379 testantur,

170 1383 287 1417 innuit
300 1384 388 1418 flunt
403 1389 607 1428 atomorum,
633 1390 670 1419 et
689 1392 879 1430 mutantur,

171 1433 216 1467 nd
235 1435 402 1478 originem
426 1437 531 1468 versis
546 1437 762 1478 corporibus.
799 1438 878 1471 Hoc

171 1485 314 1528 physice
327 1497 338 1519 ι
362 1486 458 1519 siunt
473 1487 562 1519 enim
585 1492 623 1520 et
649 1488 780 1530 apsin*
802 1488 878 1521 fieri

171 1536 360 1570 animarum
394 1537 429 1570 in
466 1547 635 1581 eorpora;
671 1543 711 1571 ut
750 1540 877 1572 lectum

170 1591 228 1620 est
262 1588 298 1622 in
334 1589 503 1623 Horatio:
546 1590 557 1608 ‘
570 1590 646 1623 Nec
679 1595 715 1623 te
747 1592 878 1634 Pytha·

169 1645 265 1680 gorm
301 1638 430 1673 fallunt
462 1650 587 1673 areana
619 1641 760 1674 renuti?
800 1643 878 1675 Pri-

168 1697 266 1723 mum
279 1691 368 1723 enim
384 1691 498 1724 anima
513 1693 586 1735 ejus
602 1692 637 1724 in
653 1693 877 1735 Euphorbum

168 1740 331 1782 migrasse
373 1741 503 1774 dicitur
551 1743 699 1785 Tr⁰juno
746 1745 879 1786 praelio,

169 1789 253 1824 dum
279 1790 326 1824 de
350 1792 477 1835 clypeo
503 1798 666 1835 ageretur
688 1794 806 1826 Danai
833 1794 878 1826 de

169 1846 272 1883 poste
295 1841 454 1877 refixnm.
498 1843 662 1876 Secundo
690 1844 724 1876 in
749 1844 878 1886 Pytha-

169 1900 302 1935 goram.
336 1893 456 1926 Tertio
471 1894 506 1926 in
522 1903 705 1936 pavonem.
744 1895 878 1928 Quarto

167 1943 205 1977 in
222 1943 429 1978 Homerum.
456 1944 587 1980 Quinto
603 1944 637 1977 in
654 1945 878 1986 Enniumrpo·

169 1993 276 2029 etum.
318 1995 414 2037 Ergo
426 1996 556 2028 unimus
573 1995 608 2027 iu
625 2005 693 2038 quo
708 1999 789 2028 sunt
804 2005 877 2027 ror·

169 2051 256 2087 pore
266 2045 409 2079 eundern
422 2046 543 2079 tenere
552 2046 770 2088 sapientium.
787 2047 877 2080 Haec

169 2097 287 2129 nutem
302 2096 456 2129 secundo
468 2097 587 2138 opinio
603 2102 670 2129 est.
693 2097 841 2130 Luctum.

212 2149 279 2180 ⁴86
300 2147 364 2180 seu
377 2148 488 2189 purior
501 2148 588 2190 axis]
617 2148 733 2180 Tertia
760 2148 877 2189 opinio

171 2196 259 2230 dicit
272 2195 354 2229 sves
363 2197 444 2229 ideo
456 2197 574 2230 futuru
587 2197 790 2239 praedicere,
800 2199 879 2240 quia

168 2248 205 2280 in
232 2246 312 2280 nere
337 2254 431 2288 sunt,
459 2253 497 2280 et
525 2248 706 2290 purissime
731 2249 876 2282 vivunt:

170 2297 311 2338 exinde,
324 2298 405 2340 quio
419 2307 498 2330 raro
515 2297 616 2330 terris
631 2297 785 2331 insidunt
799 2309 876 2340 quas

169 2353 254 2381 snut
266 2347 426 2381 nef-stin.
457 2350 550 2390 Ergo
565 2358 647 2381 aves
663 2359 744 2380 vera
759 2349 876 2382 dicere

168 2397 228 2431 illn
242 2406 298 2430 res
310 2397 408 2437 facit,
422 2397 498 2430 axis
514 2398 645 2439 purior.
671 2399 769 2431 Idem.

212 2450 277 2481 498
300 2448 465 2490 Leo-nque
489 2448 591 2490 tanes]
629 2447 685 2481 Ad
713 2451 878 2491 supersti-

170 2498 302 2532 tionem
318 2503 489 2540 veterum,
504 2499 564 2542 qui
579 2500 722 2540 auguria
738 2501 878 2534 sinistra

170 2549 300 2592 optimu
315 2549 499 2596 putabant,
525 2560 547 2582 a
561 2549 730 2583 sinendoz
753 2551 878 2585 dextro

170 2599 332 2633 insnum.
354 2600 479 2642 virgil.
502 2601 580 2633 AEn.
601 2610 643 2633 ιι.
665 2601 675 2620 ‘
690 2601 756 2633 Vix
771 2611 813 2634 en
827 2602 878 2635 fa·

171 2644 228 2683 tus
239 2655 316 2683 erut
328 2650 460 2690 senior;
476 2650 662 2694 subitoque
672 2650 808 2694 fragore
821 2653 879 2685 In-

143 2701 162 2721 ’
172 2699 286 2733 tonuit
299 2699 448 2732 levum.⁹
469 2700 626 2734 Bernart-

215 2753 290 2783 600
303 2751 379 2784 Non
407 2760 507 2783 comes
530 2751 678 2784 obscurus
701 2753 877 2796 tripodum]

173 2800 323 2835 Corvum
336 2799 422 2835 dicit
437 2801 495 2844 qui
518 2802 552 2834 in
569 2804 680 2836 tutelo
700 2811 755 2837 est
769 2803 877 2846 Apol·

1532 219 1644 263 1833

936 318 1028 352 linis.
1048 324 1051 327 '
1073 320 1145 352 Cur
1161 324 1277 353 autem
1293 331 1415 354 corvus
1432 321 1584 364 Apollini
1602 326 1647 358 sit

935 369 1071 402 dicatus
1086 371 1162 404 haec
1179 370 1296 404 fabula
1307 376 1382 405 est:
1407 373 1546 415 Apollo,
1567 385 1644 408 cum

934 421 1140 454 Coronidem
1177 422 1352 464 gravidam
1383 422 1540 464 fecisset,
1569 435 1643 457 cor-

935 481 1012 503 vum
1029 471 1062 503 ei
1077 473 1257 504 custodem
1275 475 1447 516 apposuit,
1462 476 1583 517 nequis
1599 477 1643 508 nd

933 532 1010 556 eam
1041 525 1180 557 occulte
1220 530 1409 558 temerator
1434 528 1645 568 accederet;

933 584 1010 607 cum
1035 575 1099 607 linc
1129 577 1242 618 Lycus
1273 578 1412 608 occulte
1442 578 1644 620 concubuit,

932 635 1033 668 quem
1049 627 1219 668 ,Iuppiter
1235 626 1379 658 fulmine
1395 628 1559 661 extinxit.
1583 629 1644 670 lp-

931 684 1004 708 sam
1019 677 1226 709 Coronidem
1254 676 1379 718 Apollo
1402 678 1536 719 sagittis
1553 680 1644 711 occi-

931 726 1000 768 dit,
1025 728 1125 770 cujus
1141 732 1288 760 mortuae
1306 731 1432 760 ex‘ecto
1450 732 1553 761 'utero
1570 729 1645 761 Es·

931 777 1106 818 culapium
1137 779 1302 820 produxit
1326 779 1359 810 in
1376 780 1500 812 lucem.
1540 780 1643 813 Unde

931 828 1058 870 Virgil.
1103 829 1283 862 ‘Fulmine
1314 832 1529 871 poenigenam
1559 832 1641 874 Sty·

932 878 1006 918 gias
1023 879 1170 911 detrusit
1186 881 1228 912 ad
1245 880 1378 913 undas.’
1425 881 1466 913 Id
1493 886 1561 923 est,
1579 893 1642 924 per

930 934 1066 970 poenum
1089 931 1210 962 matris
1231 936 1365 963 natum.
1408 932 1560 965 Corvum
1578 943 1638 965 au-

930 983 998 1011 tem
1015 990 1060 1012 ex
1086 981 1165 1013 albo
1191 982 1326 1023 nigrum
1350 981 1446 1022 fecit,
1464 984 1557 1016 unde
1585 985 1641 1017 lae

928 1031 1045 1063 ullium
1067 1031 1240 1064 Homerus
1268 1033 1353 1064 dicit
1380 1038 1440 1065 aut
1467 1034 1501 1065 in
1519 1035 1644 1075 calice,

930 1086 991 1113 aut
1019 1082 1053 1113 in
1084 1083 1153 1115 alio
1178 1084 1291 1115 vitreo
1317 1093 1398 1115 vase
1425 1083 1579 1124 missum,
1605 1085 1639 1116 in

930 1133 1001 1164 sole
1017 1132 1172 1165 umbram
1196 1144 1263 1166 non
1286 1133 1414 1166 facere.
1460 1134 1562 1166 Unde
1583 1135 1640 1167 lae

929 1183 1101 1225 digestum
1118 1185 1213 1217 dicit.
1238 1185 1388 1217 Laetam.

973 1236 1036 1266 507
1066 1234 1175 1266 Victor
1189 1234 1294 1275 adest]
1325 1234 1471 1276 Corrige
1487 1245 1530 1266 ex
1546 1235 1641 1268 codi-

929 1283 1026 1315 cibus
1048 1285 1189 1327 scriptis
1209 1290 1246 1317 et
1272 1285 1427 1317 editione
1454 1286 1614 1328 principe
1633 1299 1640 1317 :

934 1333 1045 1366 Vector
1078 1336 1178 1368 adest.
1222 1335 1349 1376 Tangit
1378 1334 1532 1367 fabulam
1571 1330 1642 1378 qua

929 1385 1043 1426 aquila
1058 1384 1187 1418 fulmen
1204 1384 1298 1417 ferre
1313 1385 1469 1427 fingitur.
1506 1386 1637 1419 Statius

927 1435 989 1467 lib.
1006 1444 1060 1468 rx.
1080 1437 1090 1455 ⁸
1103 1436 1219 1478 thue
1235 1429 1301 1467 fer'i
1324 1440 1500 1467 vectorem
1525 1435 1639 1469 fulmi-

928 1486 983 1518 nis
998 1485 1094 1518 slbus
1120 1486 1205 1518 Cum
1229 1496 1335 1527 supra
1359 1487 1515 1526 respexit
1542 1487 1641 1520 olor?

928 1536 1082 1569 Bernart.
1126 1537 1207 1569 Acis
1229 1547 1310 1568 unca
1325 1537 1498 1578 Miner-ree]
1523 1537 1637 1579 Hujus

929 1587 1019 1619 alitis
1043 1587 1120 1619 talis
1145 1592 1200 1620 est
1225 1586 1359 1619 fabula.
1405 1588 1565 1629 Nycteus
1580 1589 1638 1621 ΙΕ-

927 1637 1082 1679 thiopum
1100 1639 1189 1675 Rex,
1202 1637 1288 1669 felix
1301 1637 1329 1669 si
1350 1647 1522 1680 nunquam
1539 1643 1642 1680 pater

927 1686 1062 1724 fuisset,
1077 1687 1182 1720 filiam
1199 1688 1321 1720 habuit
1340 1689 1521 1730 Nyctaeam
1534 1690 1643 1722 nomi·

927 1747 985 1778 ne,
995 1749 1086 1781 quae,
1100 1749 1177 1771 eum
1191 1740 1360 1772 scelerato
1374 1749 1489 1772 amore
1506 1745 1641 1782 putrem

927 1788 1100 1830 diligeret,
1123 1798 1275 1821 amorem
1291 1799 1388 1821 suum
1416 1790 1543 1823 nutrici
1560 1800 1641 1823 con-

927 1838 1018 1872 fessa
1043 1845 1110 1880 est,
1133 1840 1382 1882 infandumque
1399 1841 1526 1881 petivit
1543 1843 1641 1874 ulixi-

928 1890 1024 1922 lium.
1068 1892 1118 1923 Ea
1134 1901 1213 1923 cum
1230 1892 1378 1923 mentita
1393 1897 1483 1923 esset
1501 1891 1639 1925 domino

928 1950 989 1973 suo
1006 1941 1144 1983 Nycteo
1160 1952 1180 1973 a
1195 1941 1343 1983 quadam
1360 1941 1455 1973 illum
1472 1947 1640 1975 extranea

929 1990 1023 2031 diligi
1040 1991 1182 2031 virgine,
1198 1991 1398 2032 impetravit
1414 1996 1454 2023 ut
1469 1991 1550 2024 filiae
1567 2003 1638 2026 ⁸1¹ae

927 2041 1128 2082 imprudens
1145 2046 1305 2074 uteretur
1322 2042 1553 2083 amplexibus.
1578 2044 1640 2076 Se·

928 2101 966 2123 ro
982 2091 1030 2123 illi
1047 2091 1221 2133 cognitum
1237 2090 1372 2123 facinus
1389 2093 1512 2124 statuit
1529 2093 1640 2126 vindi·

927 2152 1022 2174 care.
1067 2142 1294 2184 Quapropter
1309 2142 1459 2183 agnitam
1481 2143 1572 2175 inter
1587 2144 1640 2186 ip-

927 2202 983 2224 sos
1015 2193 1196 2234 amplexus
1224 2192 1331 2225 filiam
1363 2202 1440 2224 cum
1473 2194 1646 2227 voluisset

927 2244 1143 2284 extinguere,
1158 2243 1217 2275 illu
1243 2244 1414 2275 Minervae
1442 2244 1642 2286 imploravit

928 2294 1104 2334 auxilium,
1120 2293 1219 2335 cujus
1246 2294 1469 2335 protectione
1486 2295 1640 2336 periculo

927 2350 981 2376 est
997 2349 1132 2385 erepta,
1146 2352 1312 2384 versaque
1327 2343 1360 2375 in
1376 2353 1487 2385 avem,
1501 2355 1577 2387 quae
1595 2356 1639 2378 ex

927 2395 1064 2428 conscia
1080 2394 1252 2427 commissi
1268 2392 1434 2427 facinoris
1459 2395 1528 2427 diei
1547 2395 1639 2438 sugit

928 2451 1120 2487 aspectum,
1134 2450 1171 2477 et
1191 2445 1361 2478 Minervae
1382 2446 1503 2478 tutelae
1521 2446 1637 2480 dicata

927 2501 995 2529 est.
1041 2495 1111 2528 Alii
1132 2495 1253 2527 dicunt
1269 2494 1373 2527 filiam
1390 2496 1503 2528 Proeti
1518 2496 1639 2539 fuisse,

928 2547 1108 2589 patrisque
1138 2546 1206 2577 vim
1237 2545 1418 2577 timentem
1449 2546 1638 2589 aufugisse,

929 2606 1029 2638 quam
1055 2596 1215 2628 Minerva
1236 2595 1384 2628 mutavit
1407 2596 1442 2628 in
1463 2603 1640 2633 noctuam.

931 2648 1076 2680 Lactuut.

971 2700 1034 2729 511
1060 2697 1189 2729 Feralia
1204 2696 1297 2739 bubo]
1322 2696 1407 2728 Cum
1419 2696 1525 2730 filiam
1541 2709 1637 2733 suum

929 2750 1035 2782 Ceres
1065 2754 1198 2792 raptam
1229 2759 1250 2781 a
1282 2749 1369 2781 Dite
1400 2751 1641 2792 comperisset,

929 2801 1117 2844 conquesta
1145 2809 1166 2833 s
1189 2799 1279 2835 Jove
1304 2799 1518 2845 impetravit,
1543 2806 1583 2835 ut
1606 2803 1640 2838 ei
