1878 3164
298 228 412 272 1788

301 332 436 374 qualem
449 329 586 363 colebat
601 329 798 373 antiquitas.
837 331 995 364 Quatuor

301 390 447 422 namque
463 381 685 412 amicitiarum
709 380 867 421 exempla
890 378 996 411 fuisse

303 431 527 463 certissimum
551 435 615 471 est,
638 430 758 462 Thesei
780 434 816 461 et
839 428 998 468 Pirithoi,

303 481 437 514 Orestis
455 485 489 512 et
506 480 661 521 Pyladea,
673 479 815 512 Achillis
829 484 864 511 et
877 480 999 511 Patro-

301 531 358 569 cli,
379 530 488 571 Tydei
503 534 539 561 et
554 530 740 571 Polynicis.
786 529 938 561 Theseus
963 533 1000 560 et

302 580 474 611 Pirithous
490 579 774 620 conspiraverunt
799 578 883 610 filias
905 578 999 611 Jovis

303 639 426 661 uxores
442 629 580 669 ducere,
595 630 747 660 Theseus
764 629 878 670 rapuit
897 629 1000 660 Hele-

303 688 379 710 nam
392 678 501 711 adhuc
515 687 673 719 parvam:
693 678 865 710 Pirithous
878 688 954 709 cum
964 677 1001 708 fl-

302 729 381 759 liam
391 728 488 760 Jovis
498 738 570 768 quae
577 733 682 767 reret,
692 733 727 760 et
739 738 803 759 non
818 728 999 768 inveniret,

307 777 387 818 quia
414 777 506 822 apud
521 776 656 809 Inferos
679 784 753 809 erat
776 778 1000 818 Proserpina,

303 827 570 867 conjuraverunt
594 832 632 859 ut
647 827 895 860 descenderent
910 828 1000 869 pari-

303 881 367 912 ter,
383 877 440 918 qui
455 877 657 918 deprehensi
681 887 796 918 poenas
817 877 998 910 dederunt.

303 927 447 960 Orestes
478 933 554 969 post
584 938 700 959 necem
737 928 856 959 matris
895 927 999 958 furias

302 987 443 1018 passus3
467 977 545 1009 huic
558 978 706 1018 Pylades
722 978 802 1009 tulit
817 978 850 1008 in
866 977 1000 1008 calami-

301 1031 375 1059 tate
389 1027 559 1064 solatium,
571 1028 665 1069 cujus
686 1028 812 1059 auxilio
834 1027 944 1059 Furiis
961 1027 1000 1058 li-

303 1077 440 1110 beratus
453 1083 518 1110 est.
539 1080 731 1120 Patroclus,
742 1079 858 1111 deside
866 1079 1001 1112 Achille

303 1137 404 1159 causa
418 1128 596 1168 Briseidis,
612 1129 713 1160 armis
732 1130 839 1170 ipsius
861 1130 1000 1162 indutus

300 1176 396 1208 venit
411 1177 454 1208 ad
466 1178 617 1219 Trojam,
631 1185 733 1220 atque
749 1179 798 1211 ibi
809 1190 910 1211 mann
926 1190 1001 1221 pro-

303 1226 420 1258 cubuit
436 1228 608 1259 Hectoris,
650 1228 785 1270 Tydeus
803 1239 882 1261 vero
898 1240 1001 1261 causa

302 1275 477 1316 Polynicis
506 1277 627 1317 pergit
639 1277 681 1309 ad
708 1277 858 1319 Thebas,
883 1279 1000 1334 ibique

304 1323 466 1356 dimicans
482 1326 596 1365 periit.
620 1326 769 1359 Lactant.

344 1377 408 1406 477
435 1375 605 1416 Rabidam]
628 1376 669 1407 Id
695 1381 762 1417 est,
788 1382 908 1409 contra
923 1387 999 1409 eum

302 1423 486 1457 furentem.
528 1426 615 1457 Nam
633 1430 704 1457 tres
724 1436 797 1458 esse
815 1427 928 1458 Furiae
951 1427 1001 1458 di-

303 1481 429 1506 cuntur
455 1475 593 1507 Plutoni
610 1475 870 1515 deservientes3
894 1476 1002 1518 prima

302 1524 437 1564 Alecto,
478 1535 553 1565 quae
589 1525 820 1566 impausabilis
851 1526 1000 1558 dicitur·
990 1549 1000 1566 ,

303 1575 414 1606 altera
435 1574 630 1615 Tisiphone,
649 1576 743 1616 quasi
764 1573 881 1607 τούτων
902 1575 1000 1617 φωνὴ,

303 1623 336 1654 id
354 1628 420 1663 est,
447 1624 586 1655 istarum
616 1634 702 1663 vox3
726 1626 826 1656 tertia
846 1626 1000 1668 Megera,

305 1674 400 1713 quasi
424 1673 548 1713 μεγάλη
571 1673 641 1715 ἔρις.
686 1675 838 1707 Primum
855 1685 935 1716 ergo
950 1680 1002 1708 est

304 1733 368 1755 non
387 1725 562 1764 pausando
589 1724 711 1756 furiam
736 1726 931 1767 concipere,
949 1736 1002 1758 se-

304 1773 451 1808 cundum
481 1778 533 1806 est
558 1774 597 1805 in
619 1784 737 1806 vocem
767 1784 1000 1818 prorumpere,

307 1823 444 1855 tertium
460 1823 612 1865 jurgium
628 1825 811 1865 protelare.
836 1825 935 1858 Idem·

347 1876 413 1906 479
433 1875 509 1906 Jam
523 1874 638 1913 faciles
660 1875 759 1916 passi]
792 1876 902 1907 Nemo
932 1880 1000 1908 tam

304 1924 427 1964 hospes
445 1924 479 1956 in
496 1925 643 1956 lectione
656 1925 852 1966 Poetarum,
867 1927 924 1968 qui
938 1926 1001 1958 hoc

304 1982 372 2004 non
386 1979 562 2014 agnoscat.
588 1974 773 2016 Decertata,
787 1976 913 2007 mutuis
921 1985 1003 2007 ven·

306 2028 415 2055 torum
442 2024 570 2063 praeliis
594 2025 716 2057 amissa
740 2026 845 2066 velut,
869 2030 906 2058 et
929 2031 1002 2058 tau·

307 2073 382 2104 dem
401 2074 529 2106 relicta.
541 2075 659 2107 Barth.

345 2125 410 2155 480
432 2123 625 2164 Laxatisque
652 2124 721 2165 diu]
756 2125 832 2156 Non
863 2123 1001 2165 inflatis,

305 2172 366 2205 sed
378 2173 443 2204 huc
457 2173 537 2204 illuc
551 2173 709 2206 dilaxatis
721 2178 823 2216 atque
836 2175 1002 2216 protensis

305 2223 339 2254 in
357 2222 508 2254 diversas
525 2228 660 2263 partes:
678 2224 744 2264 vel,
757 2226 828 2264 jam
841 2225 1004 2263 relaxatis,

298 2272 372 2312 jam
394 2281 524 2303 rursum
549 2273 636 2304 coelo
659 2273 813 2313 creditis,
835 2283 936 2314 quam
952 2274 1001 2304 in-

306 2322 585 2363 terpretationem
602 2323 749 2355 insinuat
764 2324 876 2364 glossa
890 2327 1001 2364 vetus,

306 2381 370 2403 nec
385 2372 549 2412 ineptam.
572 2372 672 2404 Idem.

348 2425 411 2454 483
428 2423 558 2454 Inanem
573 2424 701 2464 leonem]
718 2423 795 2455 Hoc
812 2428 864 2455 est
880 2425 1002 2466 pellem

307 2473 435 2504 leonis:
460 2477 499 2504 ut
523 2472 597 2513 ipse
625 2473 706 2504 alibi
728 2475 889 2505 ‘inanem
906 2475 1001 2515 tigri·

308 2522 401 2553 dem'
418 2521 515 2553 dicit.
539 2521 689 2554 Laetam.

349 2574 412 2602 484
438 2571 591 2612 Impexis]
614 2571 816 2613 Compositis
846 2576 906 2605 aut
935 2582 1001 2605 non

308 2621 516 2660 compositis.
540 2622 639 2653 Idem.

346 2673 411 2701 485
432 2670 531 2705 Quem
545 2680 602 2710 per
614 2671 808 2712 Theumeaia]
826 2649 1002 2713 Oppidum

306 2720 501 2759 Thessaliae,
529 2724 588 2751 aut
616 2720 692 2751 loca
722 2731 852 2752 amnena
882 2731 902 2752 a
926 2721 1004 2753 coeli

308 2775 579 2811 temperamento
616 2770 732 2802 dicta:
771 2776 831 2803 aut
859 2772 1002 2803 Boeotiae

762 237 905 269 NOTAE
939 237 1203 269 VARIORUM

1043 334 1194 362 montem
1210 329 1376 371 designat.
1412 330 1518 372 Illius]
1535 330 1660 363 Leonis
1673 325 1738 364 κί’·

1044 380 1127 412 licet
1156 390 1255 422 quem
1281 382 1315 412 in
1344 381 1545 413 Theumesia
1569 379 1740 413 Hercules

1046 429 1193 469 occidit;
1215 439 1290 462 nam
1321 431 1412 462 idem
1441 431 1527 463 duos
1558 436 1739 472 superasse

1046 479 1189 511 dicitur:
1204 480 1348 521 primum
1357 481 1605 520 Theumesium‚
1619 488 1742 512 secun-

1048 528 1126 559 dum
1153 529 1360 561 Cleonaeum.
1410 530 1620 561 Theumesus
1645 538 1741 562 mons

1047 578 1193 610 Boeotiae
1209 584 1272 610 est.
1318 579 1447 610 Nemus
1463 588 1557 611 mons
1571 578 1744 620 Arcadiae,

1048 627 1105 669 qui
1120 629 1220 659 etiam
1234 628 1413 660 Cleoneus.
1437 629 1536 661 Idem.

1089 679 1153 709 490
1168 678 1332 719 Calydonis
1341 679 1447 720 honos]
1459 679 1584 712 Quasi-⁶
1575 687 1648 721 ipse
1657 686 1741 721 aper

1050 727 1256 767 Calydonius
1271 734 1359 760 esset
1375 729 1699 770 appellatumldem.
1731 758 1733 761 .

1091 779 1154 808 492
1171 777 1329 809 Vocalibus
1340 777 1457 818 antris]
1470 778 1626 810 Fatidico
1638 777 1743 821 Apol-

1049 827 1126 858 linis
1137 837 1241 868 specu
1255 838 1413 869 responsa
1427 830 1671 870 promentibus.
1689 830 1740 863 Id.

1090 879 1154 908 494
1179 878 1312 918 obtutu]
1336 878 1421 910 Fixo
1448 883 1602 919 aspectu,
1625 879 1660 911 id
1687 885 1743 911 est

1050 932 1108 958 aut
1125 933 1263 968 stupore
1280 929 1394 968 animi,
1409 933 1467 959 aut
1484 933 1687 961 senectute:
1700 934 1743 961 -ut

1050 978 1059 995 ‘
1078 978 1201 1009 obtutu
1217 982 1313 1010 tenet
1328 987 1389 1009 ora
1412 979 1551 1021 soloque
1566 978 1742 1011 immobilis

1049 1028 1179 1061 haeretl
1200 1029 1298 1060 Idem.

1091 1080 1152 1109 495
1176 1077 1301 1119 Affore]
1321 1077 1449 1110 Adesse.
1490 1078 1614 1111 Glosss
1635 1078 1743 1121 scrip-

1050 1130 1098 1158 ta.
1142 1126 1220 1158 Non
1235 1137 1317 1168 ergo
1336 1127 1431 1160 firma
1451 1128 1560 1161 Servii
1577 1129 1693 1169 regula
1707 1129 1742 1160 in

1050 1178 1124 1209 AEn.
1147 1186 1174 1210 1.
1201 1178 1250 1209 rei
1276 1177 1402 1210 futurae
1424 1179 1487 1211 hoc
1508 1179 1647 1211 verbum
1669 1188 1743 1212 esso

1051 1226 1321 1260 determinantis.
1365 1228 1423 1261 Sic
1449 1229 1523 1270 ipse
1539 1228 1660 1270 virgil.
1681 1229 1743 1261 lib.

1051 1286 1106 1310 lx.
1123 1278 1270 1319 ‘ingenti
1285 1279 1380 1310 caede
1393 1284 1532 1319 peracta
1543 1278 1660 1312 Atros-o
1670 1288 1745 1312 cen-

1051 1327 1303 1359 uetis'AEnean.
1325 1328 1441 1360 Barth.

1093 1381 1156 1410 500
1178 1378 1349 1418 Indulgens
1367 1378 1527 1420 reparare]
1551 1378 1647 1410 Dixit
1663 1378 1744 1420 quid

1049 1428 1229 1468 syderibus
1253 1433 1408 1468 praestet,
1428 1429 1508 1470 quid
1531 1427 1634 1460 etiam
1656 1437 1744 1460 mora

1051 1476 1176 1508 talibus
1193 1476 1346 1517 praebeat
1361 1478 1457 1517 dicit,
1476 1478 1539 1509 hoo
1560 1482 1614 1509 est
1635 1478 1745 1510 indul-

1051 1535 1134 1567 gens
1158 1527 1281 1564 ocium,
1308 1537 1374 1570 quo
1401 1527 1530 1559 animus
1553 1531 1744 1569 reparatur.

1051 1575 1199 1607 Lactant-

1093 1628 1156 1656 503
1178 1625 1316 1657 Adversis
1334 1627 1415 1658 alma
1430 1626 1547 1668 fidem]
1572 1627 1746 1668 Responsa

1052 1674 1222 1715 Apollinis
1247 1676 1362 1708 solvis.
1407 1676 1531 1709 Veteris
1541 1676 1628 1718 sati]
1651 1676 1746 1708 Proe·

1052 1726 1146 1757 teriti
1163 1727 1328 1767 responsi.
1351 1727 1449 1760 Idem.

1094 1778 1157 1807 504
1179 1776 1326 1808 Adsistas
1353 1776 1455 1817 operi]
1481 1777 1526 1808 Ut
1552 1775 1745 1818 nuptiarum

1051 1824 1253 1856 beneficium
1272 1827 1451 1867 compleas.
1473 1826 1572 1857 Idem.

1093 1877 1157 1906 507
1179 1875 1399 1917 Lustraliaquo
1412 1877 1505 1917 ena}
1522 1875 1689 1916 Respexit
1702 1875 1746 1907 ad

1052 1923 1233 1955 discrimen
1264 1934 1446 1966 sacrorum,
1474 1925 1565 1966 quod
1592 1925 1683 1957 tale:
1709 1929 1748 1956 ut

1052 1972 1238 2004 inferorum
1272 1979 1308 2006 et
1332 1975 1498 2006 minorum
1526 1975 1665 2007 deorum
1694 1982 1746 2005 sa·

1051 2022 1180 2055 crificia
1212 2024 1304 2055 lacte
1332 2023 1630 2065 perfunderentur.
1665 2023 1758 2102 Ber?

1051 2076 1137 2104 παι-ἰ.

1094 2125 1158 2154 509
1173 2123 1482 2164 Saltepriscafides]
1495 2122 1507 2141 ‘
1517 2121 1660 2164 Tripos’
1670 2131 1747 2163 spe-

1052 2172 1122 2204 cies
1147 2177 1201 2204 est
1230 2173 1328 2213 lauri,
1352 2177 1421 2204 tres
1447 2173 1575 2204 habens
1603 2171 1747 2212 radices,

1051 2221 1201 2263 Apollini
1228 2227 1443 2262 consecrata,
1470 2227 1613 2263 propter
1636 2222 1747 2263 tripli·

1052 2281 1127 2303 cem
1155 2273 1223 2303 vim
1251 2272 1492 2309 divinationis3
1526 2281 1604 2303 nam
1633 2275 1670 2303 et
1695 2272 1747 2303 sol

1052 2323 1227 2363 praeterita
1251 2322 1345 2353 videt
1366 2326 1403 2353 et
1424 2321 1610 2363 praesentia
1625 2321 1748 2363 cernit,

1051 2377 1088 2404 et
1100 2371 1216 2404 futura
1229 2372 1357 2403 visurus
1366 2376 1432 2403 est.
1477 2371 1541 2404 Est
1551 2371 1656 2403 etiam
1666 2372 1676 2388 ⁴
1685 2372 1748 2402 tri-

1052 2431 1112 2462 pos
1125 2422 1134 2437 ’
1156 2431 1271 2453 mensa
1287 2420 1568 2462 Apollinis‚corio
1582 2420 1748 2462 Pythonis

1049 2473 1219 2513 serpentis
1235 2475 1338 2503 tecta.
1366 2470 1494 2511 Priscu]
1507 2471 1644 2512 Magna.
1683 2470 1748 2502 01>-

1050 2521 1190 2562 semique
1203 2522 1352 2562 recessus]
1377 2521 1446 2552 Pro
1462 2521 1638 2552 voluntate
1654 2522 1746 2555 Deo-

1050 2581 1124 2603 rum
1151 2577 1210 2604 aut
1235 2571 1363 2603 oraculi
1390 2571 1459 2602 fide
1487 2571 1647 2603 latente:
1675 2580 1746 2603 me-

1050 2621 1283 2663 tonymia,pe1·
1308 2621 1343 2652 id
1360 2620 1449 2662 quod
1470 2619 1587 2662 efficit,
1600 2620 1635 2652 id
1655 2620 1747 2663 quod
1794 2624 1796 2627 ’

1049 2670 1205 2703 efficitur.
1220 2671 1367 2703 Lactant-

1092 2723 1154 2752 510
1177 2721 1337 2761 Deprendi
1343 2720 1477 2758 fortuna
1494 2721 1592 2763 Deos]
1613 2719 1747 2762 Agnovi

1051 2771 1235 2803 oraculum.
1253 2771 1353 2803 Idem.
