1878 3164
310 225 426 273 1868

308 331 468 377 proprios
484 331 581 373 Deos
603 329 767 372 assignat,
791 333 829 363 et
848 328 934 370 facit
957 339 1012 364 su·-

306 382 455 427 perioris
484 390 602 425 regem
629 380 765 421 Jovem,
793 384 829 412 et
857 380 1014 422 reginam

306 436 492 471 Junonem.
533 432 713 472 Inferioris
740 431 861 464 Ditem
889 432 1014 466 Jovem

309 494 387 524 esse
414 483 599 524 infernum,
637 481 879 523 Proserpinam
905 481 1014 515 ,111110-

308 545 389 572 nem
418 534 600 572 infernam.
652 534 700 566 Et
737 532 821 567 duas
848 532 1015 573 Veneres,

309 595 412 622 unam
440 594 635 626 supernam,
664 587 701 616 et
726 583 868 617 alteram
889 581 1013 614 Libiti-

308 644 401 674 nam,
416 639 454 670 et
475 634 557 669 alios
581 634 673 667 Deos
698 633 796 669 binos
822 632 1013 674 constitnit,

308 684 484 724 Hecaten,
509 683 598 716 sicut
620 682 736 720 Ditem
755 682 892 723 Jovem,
906 682 956 720 ita
977 685 1015 714 et

308 733 397 771 hanc
423 733 578 774 Stygiam
606 731 792 764 Junonem.
838 732 890 764 Ut
916 731 1014 773 virg.

308 787 319 802 ·
332 783 356 816 J
360 782 462 814 ononi
478 781 620 814 infernae
635 781 750 814 dictus
766 781 887 819 sacer!
915 782 1014 815 Idem.

353 835 419 864 528
441 831 630 873 Dominique
653 831 790 873 silentis]
833 831 929 865 Libri
953 841 1014 873 op-

308 882 399 922 timi,
422 882 560 914 silentes.
611 882 720 914 Recte
744 882 893 915 omnino.
945 881 1015 916 Sed

310 935 482 977 praeterea
496 932 633 973 collegii
642 931 872 973 Magdalensis
888 931 1016 964 Oxonii

310 982 522 1023 membrana,
536 982 727 1024 dominoque.
765 982 905 1019 Plutoni
921 982 1015 1016 vide-

308 1032 405 1067 licet.
441 1033 700 1071 Verumtamen,
714 1041 792 1064 cum
808 1032 845 1063 in
859 1031 1015 1064 omnibus

311 1081 386 1114 aliis
400 1082 445 1114 sit
460 1081 651 1122 dominique,
674 1081 824 1114 libenter
844 1080 1015 1122 applaudo

310 1130 451 1172 ingenio
468 1131 607 1170 Nicolai
633 1131 783 1172 Heinsii,
807 1130 1014 1163 scribentis:

309 1180 503 1221 dominisque
512 1181 642 1219 silentes
656 1181 855 1214 Adnumerat
864 1180 994 1221 populos
1002 1190 1015 1212 .-

312 1230 355 1264 ad
385 1230 624 1264 Claudianum.
683 1231 809 1264 Statim
838 1231 1012 1263 meliores:

309 1279 411 1320 maior
433 1281 667 1322 superimminet
689 1282 787 1319 ordo‚·
817 1290 883 1313 non
909 1290 1014 1321 euper-

311 1330 437 1369 eminet.
493 1330 600 1364 Quasi
626 1330 760 1363 diceret
785 1331 850 1363 1100
879 1340 1016 1372 quoque

309 1378 381 1416 illic
396 1389 472 1412 esse
493 1380 663 1421 miraculi,
685 1383 724 1412 ut
747 1390 881 1423 semper
901 1381 1015 1422 plures

309 1429 512 1462 numerandi
546 1434 680 1465 restent
714 1439 815 1472 quam
844 1429 1017 1463 numerati

309 1478 391 1522 sint.
417 1479 558 1511 Gronov.

353 1531 418 1561 ⁵30
446 1529 578 1563 Arbiter
600 1528 656 1560 hos
688 1530 769 1561 dura
797 1532 915 1572 versat,
943 1527 1016 1570 ξω]

308 1578 411 1612 Licet
436 1578 480 1610 de
506 1578 738 1620 disceptatore
769 1579 957 1614 animarum
978 1583 1016 1611 et

309 1637 452 1660 censore
473 1629 555 1660 vitae
579 1629 646 1660 alia
670 1629 715 1662 sit
744 1633 880 1661 secreta
902 1632 939 1660 et
963 1638 1016 1661 ar·

309 1688 399 1718 cana
412 1679 553 1719 veritas,
568 1682 683 1712 tamen
694 1677 784 1721 quod
797 1688 841 1710 ex
856 1678 1014 1720 opinione

310 1729 517 1766 translatum
545 1732 599 1760 est
633 1729 668 1760 in
700 1728 824 1760 tabulis
855 1728 1016 1765 scribam·

310 1778 495 1820 Cortynius
519 1777 664 1815 arbiter,
689 1778 803 1810 Minos
826 1778 1015 1820 Cretensis,

253 1844 257 1848 ·
310 1828 367 1861 0111
382 1828 426 1861 ad
442 1828 583 1868 gloriam
607 1831 644 1860 et
671 1827 807 1860 titulum
824 1828 897 1859 sola
918 1831 1013 1860 nata-

307 1878 390 1910 lium
407 1877 581 1911 sufficeret
597 1878 752 1918 claritas,
766 1877 892 1909 meruit
907 1877 1013 1919 placi-

308 1927 421 1960 ditate
438 1929 575 1965 mentis,
600 1932 640 1960 ut
659 1928 736 1969 plus
762 1937 840 1959 eum
861 1927 1012 1960 moribus

309 1988 411 2020 quam
438 1977 600 2010 claritate
623 1978 758 2018 generis
774 1986 890 2009 omnes
913 1978 1013 2010 mira-

308 2032 442 2061 rentur.
487 2028 568 2059 Fuit
597 2028 686 2060 enim
715 2028 791 2060 Rex
821 2027 936 2060 Cretae
963 2028 1014 2061 ita

307 2070 381 2109 rita
409 2077 572 2117 clemens,
600 2081 649 2116 ut,
676 2076 767 2118 quod
793 2081 848 2108 est
878 2077 1012 2118 mirum,

307 2125 499 2169 gauderent
519 2135 596 2158 eum
618 2125 790 2157 dominum
807 2126 929 2168 quibus
950 2127 1011 2159 im-

307 2175 465 2221 perabat.
508 2175 686 2208 Defuncto
702 2176 826 2208 deinde
848 2182 1012 2218 quantum

307 2225 534 2258 mansuetudo
558 2230 731 2257 mereatur
756 2235 820 2257 nec
843 2226 915 2258 fato
938 2227 1010 2269 qni-

307 2276 387 2308 dem
412 2276 478 2309 hoc
501 2275 629 2315 honore
652 2276 808 2317 privatus
833 2281 908 2315 est;
932 2286 1011 2309 nam

307 2326 436 2358 dicitur
452 2326 544 2369 apud
560 2335 675 2358 manes
688 2326 730 2358 de
743 2335 901 2367 supremo
915 2326 1010 2358 exitu

302 2376 461 2416 judicare
505 2375 676 2407 mortales.
741 2375 889 2407 Veteres
920 2375 1011 2406 enim

308 2424 437 2465 Graeci‚
467 2429 507 2457 ut
545 2425 665 2466 impios
704 2424 862 2457 crudeles
893 2435 1011 2466 poenas

307 2474 400 2516 apud
415 2473 544 2514 inferos
559 2474 666 2512 luere,
688 2474 737 2506 sic
754 2473 879 2506 bonum
894 2484 1009 2516 quem-

308 2533 374 2566 que
385 2523 550 2566 adeptum
567 2523 663 2556 bouae
678 2525 760 2556 vitae
777 2524 918 2565 praemia
932 2528 1010 2566 post

306 2577 452 2606 mor-tem
473 2583 547 2612 esse
563 2574 747 2607 dixerunt:
772 2574 862 2616 quod
882 2579 935 2607 est
952 2575 1010 2607 bo-

306 2623 426 2655 nitatis
451 2625 668 2666 exemplum:
693 2625 775 2667 quia
803 2625 918 2657 Minos
941 2634 1008 2657 0011

305 2675 346 2704 ut
359 2682 474 2714 regem
489 2678 548 2705 aut
564 2678 760 2717 tyranuum,
771 2673 831 2705 sed
846 2678 1010 2717 tanquam

307 2731 411 2754 unum
437 2722 480 2755 de
509 2723 611 2764 plebe
633 2734 670 2757 se
698 2724 818 2766 gessit,
843 2735 919 2766 quae
935 2726 1007 2757 laus

307 2781 438 2806 summa
462 2776 526 2806 est.
557 2777 595 2805 ut
620 2775 751 2808 Seneca
776 2774 811 2806 in
836 2775 1007 2817 Thyeste:

769 238 912 270 NOTAE
943 238 1210 272 VARIORUM
1243 239 1297 272 IN

1061 332 1073 351 ⁴
1090 330 1246 366 Nescitis
1260 330 1378 374 cupidi
1391 331 1534 375 areium,
1548 331 1681 375 negem
1690 339 1766 369 nan

1062 379 1196 415 faciunt
1209 391 1304 423 opes,
1320 382 1399 415 Non
1413 381 1538 417 frontis
1553 386 1636 418 nota
1645 381 1768 425 regi-‚⁸

1062 432 1127 464 &c.
1170 430 1303 471 ‚Ar-bitem
1316 432 1388 474 hoe]
1410 432 1518 467 Quasi
1533 431 1767 474 quesitum-t

1063 482 1272 524 sortejudex
1286 483 1384 526 legit,
1397 493 1482 526 quos
1495 482 1622 517 babeat
1634 482 1669 516 in
1682 491 1767 518 eona
1827 479 1832 484 ”

1063 530 1161 569 silio:
1205 535 1245 565 ut
1280 533 1290 551 ‘
1307 533 1468 575 quaesitor
1504 532 1619 567 Minos
1645 541 1767 572 utum

1062 581 1201 614 movet!
1243 583 1313 616 Hic
1327 584 1426 621 Jovis
1443 587 1480 617 et
1501 584 1647 624 Europe
1660 581 1767 623 flam,

1064 630 1164 671 cujus
1187 629 1286 668 fuere
1308 633 1438 668 fratres
1452 633 1714 671 Runa-mantn-
1727 635 1768 666 0⁸

1062 678 1254 721 Sarpedon.
1283 682 1432 717 Lactant-

1107 732 1169 762 535
1191 729 1374 777 Angustam.
1380 732 1504 767 centeni
1516 730 1765 772 AEgoemia*

1065 775 1169 818 brem]
1212 778 1406 824 Angustam,
1444 786 1630 816 tenuatam.
1687 780 1770 818 Neo

1065 827 1157 859 enim
1178 828 1214 860 in
1234 828 1342 871 figura
1359 831 1480 867 animm
1494 835 1589 865 tanta
1603 834 1766 874 estom-

1065 877 1202 919 nitudo,
1223 883 1355 922 quanta
1377 880 1412 913 in
1434 880 1587 923 corperis
1604 880 1769 921 veritate·

1065 927 1121 960 vel
1143 938 1242 971 quem
1267 930 1380 972 spatia
1404 936 1502 968 tanta
1524 931 1583 965 vix
1601 931 1769 974 espinosa

1066 977 1122 1009 vel
1138 979 1292 1019 quamvis
1315 985 1455 1016 centnm
1477 990 1595 1019 mamm
1620 979 1768 1022 fuerint,

1065 1026 1185 1061 umbra
1215 1034 1331 1061 tamen
1369 1030 1445 1072 ejus
1473 1034 1768 1070 memoratur-affl

1066 1081 1181 1118 gusta,
1193 1079 1274 1120 quia
1288 1079 1397 1121 major
1412 1080 1514 1118 estin
1528 1080 1649 1117 umbra
1663 1080 1768 1123 innui,

1064 1135 1165 1169 quam
1180 1127 1216 1159 in
1231 1138 1374 1170 corpore
1389 1130 1600 1172 magnitudo,
1623 1131 1725 1169 Ideme

1108 1179 1172 1209 637
1185 1178 1363 1215 Remeabile
1371 1180 1499 1222 saxum]
1508 1180 1607 1222 Virg-
1618 1180 1766 1218 ‘Saxum

1064 1225 1184 1268 ingens
1199 1229 1338 1261 volvunt
1350 1229 1430 1267 alii‚'
1458 1230 1596 1272 Sisyphi
1607 1230 1768 1272 exemplo

1063 1275 1114 1306 illi
1139 1276 1331 1319 signantur,
1361 1279 1420 1320 qui
1448 1283 1648 1321 contempta
1681 1288 1769 1318 vega

1065 1326 1291 1369 philosophia,
1324 1329 1369 1362 ad
1405 1329 1609 1370 volvendum
1649 1328 1767 1368 mnndi

1065 1385 1150 1408 onus
1166 1378 1287 1410 crebro
1303 1382 1497 1418 vertuntur.
1521 1379 1622 1412 Idem.

1107 1429 1172 1459 638
1193 1428 1411 1470 Fanentesque
1421 1429 1524 1470 m]
1547 1428 1697 1470 Tantali,
1707 1438 1768 1466 cn·

1057 1475 1117 1517 jus
1132 1475 1175 1508 ab
1185 1486 1245 1509 ore
1260 1479 1373 1519 epulae
1388 1478 1645 1523 subtrahuntur.
1669 1479 1768 1517 Bene

1064 1526 1149 1561 lacus
1181 1536 1258 1571 pto.
1286 1531 1368 1569 potu
1397 1528 1524 1569 posuit.
1563 1528 1614 1561 sic
1642 1527 1767 1568 Horat.

1065 1576 1077 1594 ‘
1091 1576 1255 1619 Tantalus
1279 1587 1301 1610 a
1324 1578 1429 1620 labris
1451 1578 1571 1617 sitiens
1596 1577 1767 1620 fugientia

1065 1630 1187 1667 captat
1210 1627 1392 1661 Flumina)
1445 1627 1574 1670 Tyfion]
1598 1628 1768 1668 Quiane}

1065 1678 1155 1708 tonoe
1171 1676 1278 1709 voluit
1293 1677 1360 1710 vim
1382 1677 1523 1720 inferre,
1545 1679 1624 1720 ejus
1643 1682 1766 1721 11001110

1063 1725 1197 1759 lacerat
1211 1728 1339 1761 vultur.
1367 1728 1467 1767 Mem.

1105 1779 1170 1810 539
1202 1778 1319 1811 Ixiona
1357 1780 1463 1822 gyris]
1526 1778 1766 1821 Cathimenon,

1062 1826 1155 1868 quod
1202 1831 1289 1860 rotae
1333 1829 1550 1865 volubilitate
1596 1829 1765 1870 rapiatur·

1061 1876 1164 1910 Ixion
1177 1877 1308 1921 Flegiae
1320 1878 1411 1911 filius
1432 1889 1509 1912 cum
1530 1878 1767 1916 misericordia

1061 1925 1158 1959 Jovis
1170 1927 1206 1959 in
1219 1929 1343 1960 coelum
1359 1928 1512 1966 sublatus
1527 1927 1647 1962 fnisset
1655 1928 1765 1964 ,Iuno-

1060 1984 1139 2009 nem
1152 1976 1196 2009 de
1212 1982 1332 2020 stupro
1347 1979 1568 2021 interpellare
1583 1987 1685 2017 ausus
1696 1983 1765 2019 est,

1060 2034 1137 2067 quae
1153 2025 1197 2058 de
1211 2026 1356 2060 audacia
1378 2028 1459 2071 ejus.
1469 2031 1657 2071 conquesta
1669 2028 1767 2070 Jori,

1061 2076 1230 2109 suadente
1258 2078 1335 2119 ipso
1355 2088 1417 2123 pro
1445 2088 1483 2111 se
1507 2079 1635 2116 nubem
1659 2079 1765 2122 misit,

1061 2135 1139 2158 cum
1166 2136 1235 2168 qna
1264 2127 1366 2160 Ixion
1396 2138 1475 2161 cum
1501 2128 1624 2170 coiret,
1654 2129 1764 2170 geniti

1060 2181 1140 2210 sunt
1161 2177 1337 2212 Centauri.
1381 2179 1554 2213 Reversus
1579 2184 1695 2218 antem
1716 2180 1764 2218 ad

1059 2227 1221 2258 mortales
1236 2227 1337 2260 Ixion
1353 2228 1521 2271 gloriatus
1535 2233 1589 2263 est
1604 2239 1685 2267 cnm
1698 2230 1763 2268 ,1,11-

1059 2285 1149 2308 none
1174 2277 1412 2318 concubuisse,
1434 2278 1477 2311 011
1498 2288 1598 2320 quam
1624 2288 1763 2318 cansam

1059 2334 1136 2360 eum
1158 2325 1324 2372 Juppiter
1348 2326 1492 2360 fulmine
1518 2329 1702 2369 percussit,
1724 2333 1764 2362 et

1059 2373 1103 2406 ad
1118 2380 1228 2408 rotam
1244 2376 1445 2415 volvendam
1457 2377 1588 2419 ligavit.
1616 2378 1718 2418 Idem.

1101 2426 1165 2456 648
1198 2425 1410 2468 Nostramque
1438 2436 1524 2462 mooe
1546 2428 1625 2470 per]
1669 2424 1763 2469 ’0,οῂ

1059 2479 1207 2506 caecatus
1227 2473 1342 2507 fuerat
1364 2486 1385 2510 a
1407 2476 1545 2516 Junone
1567 2477 1762 2519 Tyrhesias,

1058 2523 1117 2565 qui
1130 2524 1293 2565 majorem
1314 2527 1422 2558 multo
1441 2526 1616 2563 libidinem
1640 2527 1760 2567 mulie·

1059 2584 1134 2607 rum
1159 2576 1293 2609 locutus
1319 2581 1422 2618 esset,
1449 2577 1528 2615 ideo
1553 2577 1633 2620 quia
1657 2582 1764 2618 antea

1058 2625 1198 2658 foemina
1233 2625 1377 2659 fuisset:
1423 2630 1460 2659 et
1497 2627 1642 2666 metito:
1677 2627 1763 2669 quia

1058 2674 1235 2717 utriusque
1251 2684 1352 2708 sexus
1376 2675 1489 2715 fixerat
1511 2680 1678 2717 expertus,
1699 2686 1759 2714 na·

1057 2728 1180 2767 turam,
1196 2735 1264 2768 qua
1283 2726 1327 2759 de
1348 2735 1387 2762 re
1401 2729 1439 2761 et
1452 2730 1533 2760 ante
1549 2726 1681 2768 dictum
1692 2729 1759 2766 est.

1056 2773 1160 2809 Idem.
