1878 3164
496 208 535 240 P.
566 207 762 240 PAPJNu
794 207 960 239 STA'ru
994 209 1142 240 ‘1‘1-11313.
1174 206 1360 241 1.lB.V1.

188 302 284 346 apud
303 302 453 346 Inferna,
471 302 609 336 Diana'
599 312 635 335 in
659 301 774 334 terris.
817 301 895 334 Sta·

188 355 280 389 tius·
303 354 368 389 ‘Si
378 359 416 389 te
429 353 628 395 tergeminis
643 352 827 395 perbibent
839 362 896 384 va-

188 403 286 439 riare
294 404 439 446 figuris:
461 405 563 438 Ber-n.

192 486 195 490 .
230 457 295 488 891
318 455 444 488 Befflae
459 454 601 496 fratrea]
624 455 678 486 Ex
698 453 784 486 Belo
812 453 896 495 nati,

187 506 386 544 Danau->et
399 506 571 547 AEgyptus
587 504 734 538 fratres:
752 505 802 537 uis
817 514 895 537 cum

188 566 254 600 par
267 566 428 591 numerus
442 556 589 589 filiorum
610 556 826 597 filiarumque
842 565 895 588 es-

188 610 256 648 set,
271 607 414 640 Danaus
439 606 670 649 deprehendit
697 607 837 638 oraculo
858 617 896 639 se

166 652 234 697 ‘ab
255 666 324 689 uno
346 656 486 698 AEgypti
508 655 625 689 fratris
644 656 714 689 tilio
735 656 896 689 occiden-

187 706 303 746 dum:-
317 707 436 749 itaque
448 707 622 740 simulavit
635 716 672 739 se
686 706 805 739 fratris
818 706 897 739 filiis

187 765 288 797 unm
314 760 352 793 in
372 759 581 793 matrimonii
603 759 813 792 consortium
830 765 898 792 tra-

186 811 364 846 ditamur:
396 811 614 853 amavitque
645 811 779 843 occulte
809 809 898 843 filias

189 863 492 905 conjugali-nocte,
514 866 555 894 ut
580 871 722 903 sponsos
743 871 823 893 suos
838 871 897 893 oc·

190 913 361 948 eiderent.
404 913 588 946 Universae
603 913 815 945 voluntatem
839 922 897 954 pa·

190 965 257 999 tris
269 968 402 998 secute
416 971 560 1006 sponsos
574 973 654 996 suos
670 963 896 1003 occideruut;

189 1015 266 1049 sola
288 1014 562 1057 Hypermnestra
582 1015 668 1047 Lino
683 1015 855 1056 pepercit,
878 1023 899 1047 a

190 1076 260 1109 qno
275 1071 395 1108 postea
420 1067 578 1110 Danaus,
594 1071 632 1098 ut
654 1066 785 1098 oraculi
810 1065 898 1098 fides

189 1118 408 1160 {inpleretun
419 1117 603 1150 occiditur.
619 1117 756 1150 Inimica
767 1127 852 1158 ergo
865 1117 899 1148 in

191 1169 306 1202 rudera
316 1168 505 1210 dixit,quia
520 1168 722 1200 dextrarum
735 1168 899 1210 conjunc·

192 1218 244 1252 tio
255 1218 301 1252 ad
319 1218 528 1252 discordiam
543 1218 706 1260 profecit.
729 1219 878 1251 Lactant.

235 1272 300 1303 ⁸01
321 1268 442 1311 Arion]
465 1270 583 1311 Equus
597 1268 754 1310 Adrasti,
768 1270 828 1311 qui
855 1278 899 1300 ex

194 1319 362 1362 Neptuno
377 1325 414 1352 et
429 1320 555 1353 Cerere
571 1324 673 1352 natus
687 1319 899 1360 dicitur-,hu-

190 1378 294 1407 mano
308 1370 455 1410 vestigio
469 1369 582 1402 dextri
599 1369 710 1411 pedis.
733 1370 834 1402 Idem.

193 1444 197 1445 γ
228 1422 301 1453 -m
321 1420 473 1453 Priorum
482 1420 582 1457 Fama
590 1420 695 1462 patet]
720 1421 812 1462 Lege
823 1431 900 1454 cum

194 1470 339 1508 membr.
384 1471 554 1513 Neptunus
566 1480 644 1512 equo
659 1470 703 1514 (si
717 1476 803 1504 certa
815 1472 901 1514 prio-

193 1532 266 1555 rum
286 1520 403 1564 Fano)
416 1525 519 1564 puter.
532 1522 657 1565 primus·
667 1523 796 1556 teneris.
831 1524 903 1556 Ha·

195 1574 258 1610 bes
273 1572 441 1606 inferius:
465 1576 475 1593 ‘
493 1583 678 1616 omnesque
688 1574 852 1611 adsuetus
863 1574 902 1606 in

194 1624 485 1662 oraa'Coernleum
499 1622 636 1657 deferre
653 1627 809 1666 patrem:
824 1625 904 1661 Vir·

195 1676 258 1718 gil.⁴
281 1676 410 1717 Georg-
431 1684 491 1708 ιιι.
535 1676 546 1693 ⁴
566 1675 801 1717 Neptunique
827 1675 903 1718 ipsa

194 1726 339 1765 deducit
346 1727 480 1769 origine
491 1725 658 1768 gentem!
678 1726 783 1758 Hunc
796 1727 826 1758 ei
844 1736 903 1768 pa-

196 1782 298 1819 trem,
309 1778 472 1811 Cererem
484 1782 632 1810 matrem
643 1775 788 1809 finxere.
812 1777 903 1809 Vide

194 1827 404 1862 Pausaniam
420 1827 455 1860 in
471 1826 666 1860 Arcadicis.
694 1827 837 1859 Gronov.

240 1881 305 1912 810
327 1878 469 1920 Notique
489 1878 674 1920 sequuntur]
705 1877 794 1919 Equi
817 1877 906 1909 velo-

197 1929 306 1966 citate
334 1935 337 1939 ·
353 1929 456 1962 etiam
497 1929 617 1961 nubila
653 1928 903 1960 vincebantur:

197 1980 296 2024 quasi
311 1980 438 2023 etipse
453 1984 616 2013 certaret.
659 1978 750 2011 Item
762 1979 846 2011 Euri
858 1989 906 2011 se-

197 2035 351 2074 quntur,
379 2031 495 2064 divine
524 2030 676 2062 dictum:
711 2029 809 2062 dedit
839 2029 905 2061 illis

200 2082 355 2115 victoria
368 2086 499 2122 votum,
513 2080 575 2114 sed
590 2079 718 2113 ademit
728 2078 905 2114 effectum.

201 2131 351 2173 Ῑμσέιιιιέ.

243 2185 307 2216 au
333 2182 527 2225 Eurysthea]
558 2182 601 2217 Id
634 2187 702 2222 est,
730 2182 773 2215 ad
805 2192 907 2226 quem

200 2235 416 2277 Eurystheus
445 2245 522 2267 eum
554 2236 726 2270 mittebat.
783 2238 908 2280 Eurys·

201 2285 302 2318 thena
324 2287 414 2318 enim
438 2295 500 2318 rex
527 2286 689 2327 Graeciae,
718 2289 828 2321 Persa
850 2298 908 2330 ge·

200 2346 277 2378 nus,
293 2337 352 2380 qui
366 2336 512 2370 Junonis
532 2337 700 2370 instinctu
714 2338 908 2380 imperabat

201 2387 359 2428 Herculi,
373 2394 413 2420 ut
429 2388 525 2420 varia
538 2394 694 2420 monstra
717 2395 909 2431 superaret,

200 2439 323 2482 quibus
349 2444 466 2481 posset
489 2440 615 2481 perire.
660 2441 762 2474 Unde
788 2443 909 2484 Virgil.

199 2490 213 2523 .‘
231 2490 319 2524 Quis
345 2494 406 2522 aut
427 2490 621 2533 Eurysthea
641 2490 762 2524 durum
774 2492 796 2533 ;'
820 2495 830 2511 ⁸
846 2493 908 2525 du-

202 2551 278 2582 rum
290 2541 300 2555 '
316 2546 419 2574 vocat
433 2541 526 2583 ideo,
537 2541 618 2584 quia
630 2543 744 2583 potuit
756 2543 800 2575 ad
816 2553 909 2576 coin-

203 2591 367 2634 plendnm
392 2593 573 2625 novercale
602 2593 717 2626 odium
740 2593 910 2627 sufficere.

215 2722 226 2734 .,
248 2695 312 2726 312
337 2693 494 2730 Gramina
522 2693 622 2735 sulco]
642 2694 686 2728 Id
711 2699 766 2728 est
796 2695 912 2729 orbita

206 2742 298 2776 illins
336 2753 459 2776 currus
495 2753 599 2786 quern
636 2745 807 2780 ducebat:
831 2747 911 2780 ideo

206 2793 287 2837 qnia
311 2795 454 2828 sessoris
482 2795 638 2838 pondere
666 2802 914 2841 praegravatur,

932 1066 1094 1106 -lliacon‚
1123 1067 1192 1098 ita:

1537 199 1651 243 1897

946 302 1049 335 altius
1085 301 1319 344 infigebantur
1356 307 1457 364 terrai
1493 304 1653 347 vestigia.

947 352 1060 386 Idem.

987 406 1052 435 313
1077 405 1137 436 Ille
1147 403 1356 445 etiamserus]
1379 403 1474 436 Nihil
1491 402 1653 436 differunt

946 454 1079 494 scripti.
1111 455 1310 496 Legendum
1327 459 1465 487 tamen:
1488 455 1542 486 ille
1556 454 1652 486 etium

936 505 1043 544 serus.
1073 515 1116 537 ne
1142 506 1209 547 ipsi
1232 506 1371 548 quidem
1394 505 1542 538 Herculi
1569 506 1653 537 satis

946 558 1149 599 morigerus.
1193 558 1345 590 Pboebus
1383 557 1424 589 ad
1455 556 1654 589 Phaethon-

947 613 1018 640 tem
1049 608 1142 650 apud
1172 609 1336 641 Ovidium
1369 609 1456 640 Met.
1471 617 1512 641 11.
1556 608 1653 640 ‘Vix

946 668 1001 691 me
1029 660 1219 700 patiuntur,
1250 659 1308 691 ubi
1341 669 1436 691 acres
1472 658 1654 690 Incaluere

947 709 1075 741 animi!
1101 710 1240 742 Gronov.
1620 732 1624 733 κ

951 785 957 788 «
990 763 1054 792 822
1086 760 1187 793 Astra
1220 759 1387 802 insidiosa]
1432 758 1655 792 Periculosa.

947 812 1026 844 ideo
1050 812 1130 854 quia
1154 817 1234 845 sunt
1259 813 1356 853 signa
1379 812 1454 843 visu
1476 811 1657 844 terribilia.

947 863 1118 895 Monebat
1148 873 1233 904 ergo
1259 863 1493 895 Phaetontem
1520 862 1594 902 Sol,
1617 865 1657 893 ut

947 923 1015 946 non
1032 918 1152 955 ageret
1168 923 1289 945 currus
1306 923 1371 955 per
1383 913 1583 952 australem,
1594 911 1656 943 sed

948 965 1252 1006 septentrionalem
1269 965 1417 1006 plagam.
1442 965 1599 996 Lucanus
1612 961 1656 993 de

949 1016 1145 1048 Phaetonte
1174 1016 1210 1048 in
1240 1016 1328 1047 libro
1359 1015 1417 1057 qui
1456 1013 1658 1046 inscribitur

1224 1070 1234 1085 ¹
1253 1065 1355 1097 Haud
1386 1065 1487 1097 aliter
1521 1068 1657 1105 raptum

952 1121 1149 1148 transverso
1195 1116 1304 1148 limite
1355 1116 1432 1147 caeli
1475 1114 1658 1147 Flanimati

951 1166 1149 1199 Phaetonta
1163 1167 1233 1208 poli
1251 1166 1383 1206 videre,
1401 1165 1553 1207 Deique‚
1570 1165 1658 1197 Cum

951 1219 1028 1264 vice
1042 1222 1175 1250 mutata
1192 1217 1274 1250 totis
1290 1217 1325 1248 in
1341 1217 1513 1249 montibus
1530 1215 1657 1247 ardens

948 1269 1055 1301 Terra
1070 1268 1169 1301 dedit
1184 1268 1272 1301 caelo
1285 1267 1305 1287 ⁴*
1319 1273 1512 1310 naturaque
1533 1266 1669 1300 versa-’⁴

948 1320 1098 1353 Laetum.
1596 1342 1600 1346 ·

994 1374 1060 1403 326
1081 1371 1238 1403 Proxima
1273 1370 1401 1412 palmoe]
1430 1368 1660 1411 Amphiarau·

950 1431 1027 1462 spes
1066 1422 1223 1462 proxima
1253 1422 1399 1454 Palmae.
1454 1420 1505 1452 Ut
1534 1419 1659 1461 Virgil.

952 1472 1075 1504 Bucol.
1120 1473 1167 1504 Et
1195 1478 1371 1505 certamen
1396 1475 1483 1511 erat,
1506 1470 1659 1502 Coridon

952 1532 1030 1555 cum
1041 1523 1223 1564 Thyrside,
1234 1531 1406 1563 magnum.
1430 1520 1523 1553 Vide
1540 1520 1582 1553 de
1596 1521 1659 1552 hac

953 1573 1128 1606 locutione
1168 1573 1309 1606 doctiss.
1355 1572 1422 1605 JC.
1461 1571 1661 1604 Albericuni

954 1623 1130 1656 Gentilem
1153 1623 1357 1656 Lectionum
1375 1621 1498 1663 virgil.
1514 1630 1592 1662 cap.
1604 1623 1662 1655 14.

954 1675 1066 1708 Quem
1079 1674 1202 1706 vellem
1215 1679 1326 1706 totum
1340 1672 1521 1704 Maronem
1536 1671 1662 1704 talibus

953 1724 1253 1757 dissertationibus
1274 1727 1457 1760 mactasse,
1472 1727 1552 1754 sunt
1569 1721 1662 1754 enim

954 1774 1067 1807 doctae
1082 1780 1119 1807 et
1128 1775 1309 1816 jucundae.
1333 1773 1453 1805 Barth.

997 1828 1061 1858 328
1086 1824 1228 1868 Cyllure]
1251 1825 1342 1867 Equi
1365 1823 1530 1865 Castoris,
1547 1823 1662 1866 Cylla-

954 1886 1012 1909 rus
1040 1880 1077 1909 et
1096 1877 1245 1909 Xantus.
1291 1874 1403 1908 Aliter
1431 1875 1522 1907 enim
1538 1875 1662 1916 Virgil-

954 1933 963 1947 ‘
977 1927 1131 1960 Pollucis
1144 1926 1284 1960 habenis
1297 1925 1478 1968 Cyllarus!
1512 1925 1582 1958 Sed
1595 1935 1664 1958 non

954 1977 1195 2011 indifferenter
1204 1978 1400 2020 junguntur
1415 1976 1597 2017 vocabulo,
1605 1977 1665 2019 qui

955 2034 1036 2062 suut
1064 2029 1145 2061 vitae
1179 2029 1434 2070 permutatione
1463 2027 1664 2069 conjuncti:

956 2086 994 2113 et
1023 2081 1190 2122 templum
1217 2080 1371 2113 Castoris
1395 2079 1557 2120 dicimus,
1584 2088 1664 2112 cum

957 2133 1004 2164 sit
1019 2131 1185 2171 duorum;
1209 2137 1246 2163 et
1260 2131 1406 2173 legimus
1422 2142 1430 2163 :
1458 2131 1572 2163 Castor
1582 2134 1667 2163 uter-

957 2193 1014 2225 que
1029 2183 1135 2214 bonus.
1180 2182 1327 2214 Constat
1342 2187 1457 2214 autem
1475 2181 1565 2212 bunc
1582 2180 1664 2212 Cas-

958 2239 1068 2265 torem
1105 2233 1198 2264 inter
1226 2231 1446 2272 Argonautas
1484 2230 1602 2271 fuisse,
1631 2236 1669 2263 et

958 2294 1036 2316 eum
1050 2283 1177 2315 omisso
1191 2290 1353 2324 equorum
1370 2281 1483 2314 studio
1500 2281 1666 2323 remigem

958 2333 1105 2373 factum,
1133 2342 1201 2375 quo
1232 2337 1387 2373 tempore
1418 2332 1554 2365 occasio
1584 2332 1666 2366 data

959 2390 1026 2425 est,
1042 2389 1080 2416 ut
1096 2383 1255 2425 Cyllarus
1274 2388 1468 2416 vocaretur.
1512 2384 1582 2416 Sed
1606 2383 1667 2417 de-

961 2437 1019 2469 bet
1037 2435 1175 2478 proprie
1197 2434 1352 2467 Castoris
1375 2434 1444 2466 dici
1460 2445 1469 2467 ι
1494 2433 1561 2467 fnit
1575 2434 1666 2467 enim

958 2487 1023 2519 boc
1047 2485 1198 2518 studium
1224 2484 1319 2526 huic,
1333 2489 1373 2517 ut
1401 2485 1503 2518 Hom.
1521 2486 1667 2519 asserit:

959 2535 1110 2578 Κάστορά
1134 2536 1160 2567 Θ’
1182 2534 1369 2578 ἱππόδαμον,
1390 2534 1443 2567 καὶ
1466 2534 1526 2603 -ιι-ὺξ6
1548 2535 1668 2576 ἀγαθὸν

960 2586 1168 2622 Πολυδεύκεα.
1214 2586 1379 2618 Horatius
1405 2586 1526 2618 enim‘
1543 2586 1668 2620 Castor

960 2640 1098 2689 gaudet
1109 2637 1221 2680 equis,
1235 2646 1300 2669 ovo
1329 2641 1521 2679 prognatus
1545 2636 1668 2671 eodem

963 2675 1120 2732 Pugnis'
1140 2688 1288 2721 Lactane.

1005 2744 1069 2774 332
1091 2740 1198 2773 Foelix
1216 2737 1388 2779 Admetus]
1410 2738 1562 2780 Propter
1583 2738 1668 2771 ami-

963 2792 1083 2827 citiam
1112 2789 1287 2827 Herculis,
1316 2793 1461 2832 propter
1491 2794 1668 2832 receptam
