1878 3164
598 227 641 257 P.
673 224 862 257 rammi
897 193 1078 257 s'rA'ru.
1465 214 1579 257 2061

121 327 241 369 unius
268 326 508 378 alteriusque
535 324 778 365 admirandae
795 324 999 365 bonitatis.
1055 323 1156 362 Cum
1176 327 1347 375 quatuor
1378 322 1587 369 indicibus.

120 392 235 432 -I'n‘
251 390 327 432 bac
354 389 543 438 editione,
562 401 682 441 quam
704 389 853 429 Christ.
875 389 1085 436 Daumius,
1105 394 1260 426 mortuo
1280 386 1456 435 Barthio,
1475 399 1587 426 cura-

119 455 190 502 vit,
209 460 410 497 temnet
428 453 659 494 recensione
687 453 878 492 Gronovii
897 466 935 493 a.
957 454 1076 493 1653.
1107 451 1329 505 descriptus
1349 457 1424 490 est.
1481 450 1589 490 Mar-

121 519 235 573 gine·
267 517 362 560 Ver.
383 518 494 560 Leet.
511 518 705 559 habente
722 517 824 558 Mss.
845 521 921 558 διο.
968 516 1050 557 Sed
1078 516 1238 556 omnino
1267 515 1448 569 praefatio
1478 514 1589 554 Dau-

121 585 190 626 nii
207 583 375 637 legenda
392 588 454 623 es't
471 583 522 623 de
534 583 610 623 boe
630 594 747 635 opere
765 581 995 621 Bai-thiano.

145 648 280 689 116·ss
304 647 431 701 Lngd.
447 646 537 687 Bai.
554 649 595 687 8.
610 660 661 686 ex
679 646 784 686 offic.
799 645 1023 685 Hackiana.
1056 644 1187 684 Publii
1200 643 1355 698 Papinii
1370 643 1485 684 Statii
1501 644 1590 697 Syl-

122 711 350 768 νέηαιᾼίῑκ
369 723 413 752 v·
459 710 684 751 Thebaidos
703 711 772 751 lib.
797 723 884 750 xu.
939 709 1186 749 Achilleidos
1216 709 1285 748 lib.
1308 721 1361 749 11.
1388 709 1498 748 'notis
1529 721 1592 749 se-

122 775 348 819 hini-simis
363 776 404 816 in
424 775 632 830 Sylvamm
646 775 767 815 libros
781 774 958 822 Domitii,
980 774 1152 822 Morelli,
1171 773 1380 822 Bemartii,
1398 773 1591 821 Gevartii,

127 840 285 889 Orneai,
303 839 465 888 Bartffi
491 840 559 880 Jo.
579 839 686 880 Frid.
708 839 897 890 Gronovii
917 838 1110 878 Diatribe.
1168 838 1213 876 In
1240 837 1468 876 Thebaidos
1489 850 1592 890 prae-

125 912 234 945 terea
262 905 416 945 Placidi
435 904 643 950 Lactantii,
670 903 875 951 Bernartii,
893 905 971 943 διο.
1029 902 1185 948 Quibus
1202 902 1246 940 ‘in
1265 901 1508 941 Achilleidos
1529 914 1593 941 ac·

125 968 277 1008 cedunt
297 967 542 1016 Maturantii,
562 967 794 1007 Britannici.
837 965 1144 1006 Accuratissime
1164 965 1349 1005 illustrati
1371 979 1394 1005 a
1409 966 1593 1006 ,Iohanne

126 1030 380 1074 Veenhusen.
670 1063 672 1065 ,

179 1118 236 1128 -
260 1097 391 1137 Amst.
411 1096 475 1136 16.
494 1092 685 1136 Jansson.
706 1095 872 1135 Eizevir.

185 1161 290 1201 1685
317 1160 444 1200 Paris.
469 1163 510 1200 4.
547 1160 642 1200 voll.
662 1173 715 1198 11.
735 1172 799 1211 ap.
822 1159 866 1199 L.
893 1158 1109 1197 Roulland.
1144 1158 1191 1198 P.
1222 1157 1270 1198 P.
1310 1157 1425 1198 Statii
1450 1170 1593 1209 opera3

127 1225 450 1278 interpretatione
470 1231 510 1263 et
529 1224 634 1263 notis
669 1223 868 1263 illustrata
901 1236 927 1262 a
959 1223 1022 1262 Cl.
1057 1222 1241 1269 Beraldo,
1262 1221 1313 1261 ad
1352 1235 1466 1260 usum
1506 1222 1591 1260 Ser.

130 1288 275 1342 Delph.
320 1286 414 1328 vid.
435 1288 525 1328 Cat.
546 1288 596 1327 de
614 1288 654 1326 la
672 1287 774 1326 Bibl.
791 1287 845 1326 du
865 1285 954 1326 Roi.
976 1286 1077 1326 Bell.
1100 1287 1220 1326 Lettr.
1240 1287 1311 1326 To.
1336 1299 1365 1325 1.
1388 1299 1481 1338 pag.
1503 1287 1596 1324 323.

131 1353 232 1394 Haeo
251 1353 425 1392 omnium
444 1352 483 1391 in
505 1365 619 1392 usum
642 1351 829 1404 Delphini
849 1350 1063 1390 editionum
1086 1350 1202 1389 obvia
1222 1350 1433 1389 rarissime.

75 1450 78 1453 .
187 1418 290 1456 1713
318 1416 547 1457 Lond.'fol.
578 1416 618 1454 in
648 1417 831 1468 operibus
858 1421 899 1454 et
929 1415 1159 1468 fragmentis
1186 1420 1360 1453 veterum
1393 1414 1598 1466 poetarum

131 1475 371 1521 Latinorum.
389 1480 464 1520 To.
485 1487 652 1533 apag.
676 1479 957 1519 1015—1107.
1104 1478 1107 1480 ’

189 1544 291 1585 1728
321 1544 447 1585 Lond.
467 1546 508 1584 4.
527 1557 576 1584 ex
595 1550 752 1597 typogr.
783 1543 835 1583 G.
857 1543 1034 1595 Bowyer.
1056 1542 1103 1582 P.
1123 1540 1224 1594 Pap.
1244 1540 1359 1581 Statii
1392 1541 1599 1595 Sylvarum

131 1610 219 1650 libri
236 1610 425 1662 quinque.
480 1609 540 1647 Ex
558 1609 724 1648 vetustis
743 1606 1032 1659 exemplaribus
1052 1605 1250 1646 recensuit
1274 1614 1313 1646 et
1346 1611 1460 1646 notas
1481 1611 1599 1657 atque

137 1673 434 1714 emendationes
453 1672 599 1725 adjecit
615 1672 699 1712 Jer.
721 1670 998 1711 Marklandus.

191 1738 289 1777 1731
321 1744 362 1776 et
382 1738 485 1776 1732
505 1733 671 1776 Mediol.
687 1738 727 1775 4.
778 1735 826 1775 Ρ.
848 1735 948 1788 Pap.
981 1734 1098 1773 Statii
1129 1747 1262 1787 opera,
1296 1747 1386 1774 cum
1419 1734 1600 1773 versione

132 1800 286 1848 Italica,
304 1801 345 1840 in
365 1801 486 1853 Corp.
507 1799 680 1839 omnium
702 1799 913 1838 Poetarum
934 1799 1060 1838 Latin.
1077 1799 1149 1838 To.
1171 1811 1326 1838 1.--IV.

192 1867 295 1904 1782
324 1864 554 1912 Maubemin
574 1866 612 1904 8.
635 1863 730 1914 voll.
753 1877 806 1904 11.
840 1864 888 1904 P.
908 1863 1009 1916 Pap.
1031 1862 1145 1902 Statii
1159 1873 1278 1914 opera
1302 1875 1351 1901 ex
1370 1861 1602 1902 recensione

134 1930 201 1970 Jo.
223 1928 409 1969 Friderici
426 1928 629 1978 Gronovii,
648 1941 743 1968 cura
760 1936 802 1968 et
820 1928 1014 1967 sumtibus
1035 1926 1247 1967 Societatis
1267 1926 1446 1966 literatae.

191 2047 253 2087 Ex
279 2047 367 2088 Jos.
401 2047 590 2100 Scaligeri
622 2047 802 2100 Epistola
821 2049 918 2087 374.
949 2054 1126 2100 apparet,
1154 2061 1243 2087 eum
1276 2060 1435 2100 quoque
1468 2055 1507 2087 et
1536 2049 1603 2089 Jo.

139 2110 375 2151 Wowerium
419 2111 569 2164 junctis
613 2111 743 2164 operis
791 2125 932 2151 novam
973 2112 1101 2159 Statii,
1141 2118 1391 2163 veterumque
1428 2112 1467 2150 in
1513 2125 1603 2150 eum

137 2175 400 2224 scholiorum,
420 2175 635 2215 editionem
662 2175 834 2215 molitos.
895 2178 949 2216 At
977 2176 1080 2214 enim
1110 2188 1242 2215 eorum
1271 2182 1439 2214 conatus
1464 2175 1604 2228 vulga·
1642 2225 1644 2227 r

140 2248 184 2280 to
217 2239 378 2295 Parisiis
418 2239 710 2291 Lindenbrogii,
737 2240 869 2278 aemuli
908 2240 1159 2287 Woweriani,
1190 2239 1317 2278 Statio
1352 2239 1606 2278 sufflaminati

139 2302 335 2343 videntur.
390 2303 544 2356 Lipsius
581 2316 739 2356 quoque
778 2302 819 2342 in
859 2303 1044 2354 Epistola
1091 2301 1142 2342 ad
1187 2303 1334 2341 Janum
1375 2302 1605 2349 Lernuti‘um

138 2374 307 2423 testatus
326 2375 401 2415 est,
429 2368 503 2407 sibi
528 2374 623 2408 nota
646 2367 829 2420 quaedam
848 2367 971 2407 fuisse
1005 2367 1055 2406 ad
1079 2367 1283 2406 sublimem
1303 2366 1410 2405 hunc
1431 2368 1604 2418 poetam.

142 2432 276 2472 Multa
297 2432 414 2472 etiam
434 2431 550 2472 Statii
568 2431 657 2471 loca
673 2432 736 2471 vel
756 2432 1017 2472 emendantur
1036 2430 1095 2471 vel
1116 2430 1361 2470 illustrantur
1375 2431 1415 2469 in
1438 2431 1605 2470 Observ.

142 2496 316 2537 miscell.
338 2497 429 2537 Vol.
459 2510 490 2536 1.
510 2509 604 2549 pag.
633 2497 835 2536 53-269,
864 2509 904 2549 p.
931 2498 1162 2536 317—363.
1185 2509 1238 2535 11.
1259 2508 1298 2547 p.
1326 2495 1499 2535 62—84.
1526 2496 1606 2532 217

142 2561 292 2601 -239.
311 2562 538 2602 405—407.
561 2563 644 2615 [w.
663 2575 704 2614 p.
719 2560 965 2612 388—397.]
1010 2563 1158 2600 Auctor
1178 2559 1390 2599 Britannus
1419 2572 1462 2598 se
1491 2572 1606 2598 usum

144 2623 242 2666 dicit
259 2623 415 2665 duobus
433 2625 535 2666 Mas.

200 2688 370 2728 Lexieon
385 2695 424 2729 et
435 2689 691 2743 paraphrasin
707 2689 926 2729 Statianam
946 2686 1155 2728 adornavit
1174 2687 1370 2727 Henricus
1390 2687 1607 2727 Schaevius.

146 2752 354 2804 specimen
388 2753 518 2796 Lexici
551 2752 655 2794 illius
684 2754 837 2807 pridem
863 2752 1061 2805 produxit,
1080 2753 1148 2806 qui
1167 2751 1347 2793 Scboevio
1366 2760 1608 2805 praeceptore
