1878 3164
285 228 408 270 1934.

604 518 1025 572 THEBAIDOS
1055 544 1058 547 ·
1079 518 1222 568 LIB.

334 672 352 701 1
372 668 503 701 subitus
532 667 634 708 vates]
665 667 707 698 In
737 665 867 698 duobus
894 663 989 696 libris

290 719 392 759 longe
422 719 556 750 diversa
586 718 687 750 lectio
714 721 792 748 est:
818 722 855 747 ut
870 715 991 747 subitus

289 778 402 808 augur.
446 768 513 802 Sed
538 768 673 800 videtur
698 768 811 809 glossa
825 776 901 798 esse
916 766 990 798 vul·

291 824 381 857 gatae
411 818 521 856 voci&
545 827 622 849 cum
647 817 772 858 saepius
801 826 906 857 supra
935 826 990 847 au-

287 868 416 907 gurium
453 867 640 908 Amphiarai
677 866 988 899 commendaverat.

290 919 410 950 Barth.
432 918 630 950 Pallentibus
644 917 757 949 incidit
772 916 900 957 umbris]
922 916 990 947 Ve-

291 974 350 1000 tus
363 968 509 1001 elocutio
525 972 576 1000 est
600 977 662 1008 per
687 966 840 998 dativum
859 975 987 999 casum.

289 1019 299 1036 ‘
312 1019 474 1053 Claudius
489 1019 558 1051 heri
576 1018 740 1050 recedens
758 1017 893 1058 vesperi
917 1017 948 1049 N
953 1027 988 1048 u

292 1068 458 1102 matitinis
472 1067 615 1101 incidit!
659 1067 712 1100 Ac
727 1067 908 1099 Terentius
927 1075 989 1107 per

290 1119 520 1153 accusativum
547 1119 700 1159 protulit.
744 1119 837 1159 Ergo
856 1117 890 1149 in
912 1127 989 1149 eum

288 1168 427 1209 incidit,
439 1173 600 1210 tanquam
617 1168 651 1199 in
667 1177 738 1199 rem
755 1167 999 1208 periculosam..

290 1219 439 1253 Lactant.

334 1273 354 1301 6
381 1270 559 1310 Corpusque
583 1268 708 1310 novum]
732 1268 773 1300 Id
794 1274 847 1300 est
866 1269 989 1308 vivum,

291 1320 364 1352 sive
375 1328 441 1352 non
452 1319 611 1361 deposita
620 1319 711 1361 apud
725 1329 864 1360 superos
876 1328 989 1351 carne.

292 1370 392 1402 laem.

334 1423 356 1451 6
377 1419 429 1451 Ab
456 1419 552 1460 urna]
578 1420 679 1451 Plato
701 1419 835 1452 inducit
858 1420 1002 1452 scelera.

292 1469 487 1501 hominum·
480 1480 514 1500 in
531 1479 615 1501 urna
630 1471 774 1502 versari:
798 1475 834 1503 et
847 1481 926 1502 urna
939 1470 991 1502 di·
977 1489 997 1497 -¹

293 1521 386 1553 citur
414 1521 448 1551 in
479 1530 546 1562 qua
575 1525 786 1553 mortuorum
819 1521 990 1553 bominum

293 1581 373 1603 ossa
401 1571 616 1603 conduntur:
638 1571 693 1603 hic
722 1581 803 1612 ergo
833 1571 875 1603 ab
907 1581 1003 1603 urna-

293 1622 395 1662 dixit,
411 1622 444 1652 in
461 1631 527 1663 qua
547 1625 700 1653 mortuus
721 1621 932 1662 ponebatur;
956 1626 993 1654 et

293 1672 358 1704 hoc
387 1672 461 1714 ipso
491 1681 627 1703 sensum
657 1671 836 1713 expedivit
871 1671 993 1704 Poe'ta.

292 1722 386 1754 Nam
403 1721 627 1762 Amphiaraus
640 1726 793 1753 mortuus
805 1721 848 1753 ab
860 1731 944 1753 urna
957 1721 992 1753 in

294 1781 363 1813 qua
377 1771 450 1812 ejus
464 1769 603 1802 fuerant
614 1770 753 1802 condita
765 1770 916 1803 membra
927 1780 994 1803 non

294 1821 467 1853 veniebat.
498 1821 598 1852 Idem.

336 1874 358 1902 9
384 1871 486 1903 Obvia
507 1874 583 1903 taxo
597 1871 765 1912 Eumenia]
787 1870 876 1904 Quia
894 1874 994 1915 taxus

294 1930 464 1953 venenosa
489 1926 556 1961 est,
580 1926 765 1962 propterea
790 1921 833 1952 ad
862 1920 999 1962 perfec-

295 1972 425 2003 tionem
451 1969 601 2002 feritatis
626 1981 667 2002 ex
693 1971 757 2003 hoc
787 1971 879 2012 ligno
901 1970 995 2004 faces

295 2020 409 2054 Furiae
425 2020 587 2052 dicuntur
603 2030 734 2062 gerere.
758 2021 858 2053 Idem.

342 2073 382 2101 10
414 2070 512 2101 Poste
537 2070 677 2111 notarat]
709 2070 876 2102 Asserunt
905 2071 993 2104 euim

295 2119 416 2155 Poetae
445 2124 655 2152 mortuorum
685 2121 798 2161 capita
818 2121 994 2153 Furiarum

297 2170 454 2211 lampade
470 2170 616 2208 lustrari,
640 2175 678 2202 et
692 2179 806 2203 eorum
824 2171 960 2202 nomina
975 2181 996 2205 a

297 2221 508 2262 Proserpina
533 2221 568 2252 in
590 2219 777 2252 inferorum
799 2225 896 2262 poste
917 2230 997 2253 con·

298 2270 414 2302 scribi.
438 2271 536 2302 Idem.
923 2302 926 2307 ,

341 2324 383 2353 12
407 2321 554 2353 Fatorum
569 2322 716 2362 deprensa
737 2323 834 2363 colus]
855 2321 908 2354 De
924 2320 996 2354 fato

297 2375 334 2403 et
359 2371 491 2402 ratione
511 2375 630 2403 contra
652 2372 687 2403 id
711 2372 836 2413 agendi
863 2376 922 2404 aut
938 2382 997 2414 pa-

298 2420 409 2456 tIendi
424 2421 515 2452 Geli.
544 2422 598 2452 lib.
615 2430 699 2452 xm.
717 2431 747 2452 c.
765 2423 795 2454 l.
838 2422 884 2453 Et
899 2422 996 2454 Serv.

297 2471 331 2502 in
346 2474 488 2503 extrem.
508 2481 584 2511 pag.
599 2471 640 2501 ad
653 2471 786 2503 AEneid.
802 2480 852 2504 tv.
886 2472 998 2504 Etiam

297 2520 419 2552 Cicero
455 2521 659 2561 Fragmento
694 2521 877 2562 peculiaris
905 2521 997 2562 libri,

298 2570 388 2611 quod
405 2569 655 2602 Commentario
666 2580 733 2602 non
750 2571 889 2603 indocto
903 2572 994 2604 illus-

300 2619 405 2651 travit
422 2620 579 2652 Salomon
596 2620 780 2652 Gesnerus.
825 2623 923 2654 Dicit
937 2632 996 2654 au-

302 2674 384 2709 tem,
399 2669 548 2703 nondum
569 2670 712 2702 discisso
735 2670 792 2703 filo
816 2673 895 2704 vitae
914 2683 998 2714 suae,

301 2719 411 2751 adhuc
428 2719 462 2750 id
485 2719 688 2755 ducentibus
704 2721 824 2755 Parcis
839 2733 999 2766 superve-

299 2769 391 2801 nisse
405 2768 653 2812 Amphiaraum.
681 2771 793 2804 Barth.

726 234 866 267 NOTAE
900 231 1163 264 VARlORUM
1200 231 1250 262 IN
1304 246 1309 250 ¹

1277 518 1423 567 vm.

1086 666 1127 696 14
1149 664 1194 695 Et
1210 663 1323 705 securi]
1346 664 1434 698 Quia
1456 662 1490 695 in
1505 660 1736 709 Elysiisjtabi-

1043 717 1117 746 tant
1135 724 1271 746 manes:
1296 714 1422 746 idcirco
1436 715 1550 754 securi,
1566 713 1643 755 qnia
1659 715 1751 743 aunt:

1043 764 1285 795 sceleratorum
1302 763 1477 804 suppliciis
1493 762 1606 794 alieni.
1629 761 1740 802 Elysii

1044 823 1129 855 ergo
1143 823 1204 853 pro
1219 813 1271 845 his
1286 813 1412 855 posuit,
1427 813 1484 855 qui
1499 812 1533 844 in
1548 811 1665 855 Elysio
1679 811 1750 843 ha·

1043 863 1165 896 bitant.
1182 863 1274 895 Lact.

1086 916 1127 946 16
1147 913 1260 945 Altera
1274 913 1352 954 mx]
1387 891 1429 946 Id
1450 917 1506 946 est
1519 912 1631 955 caligo
1642 892 1740 944 dete-

1043 966 1123 999 rior.
1146 967 1244 999 Idem·
1747 978 1752 986 ·

1085 1018 1126 1048 17
1147 1016 1308 1057 Ῡωέωᾳιιε
1317 1014 1461 1057 paludes]
1476 1014 1594 1056 Nigra
1608 1016 1671 1046 aut
1683 1021 1751 1044 can«

1043 1066 1164 1098 lentes.
1189 1067 1286 1098 Idem.

1086 1119 1127 1148 18
1160 1116 1305 1149 Sulcator
1329 1115 1502 1158 pallidus]
1511 1115 1660 1156 Charon,
1681 1113 1741 1156 qui

1044 1168 1277 1202 subvectando
1304 1177 1453 1208 corpora.
1486 1167 1630 1208 Stygem
1657 1172 1771 1203 con-»r

1043 1219 1155 1251 suevit
1169 1217 1294 1259 cymba
1307 1218 1448 1249 sulcare.
1471 1216 1571 1250 laem.

1084 1272 1127 1301 26
1150 1270 1267 1301 Eodem
1288 1268 1398 1309 pollice
1419 1266 1585 1307 damnant]
1617 1264 1742 1298 Pollex

1043 1318 1215 1351 veteribus
1227 1325 1263 1350 et
1278 1317 1401 1349 favoris
1416 1322 1453 1349 et
1465 1315 1682 1349 alienationis
1693 1315 1741 1347 in·

1044 1369 1123 1400 dex.
1168 1368 1205 1399 Si
1230 1367 1400 1407 faverent,
1426 1366 1585 1408 pollicem
1608 1373 1753 1407 preme·-

1042 1418 1137 1450 bant.
1180 1415 1313 1450 Plinius
1335 1417 1402 1450 lib.⁴
1423 1425 1562 1450 xxvm.
1581 1425 1661 1457 cap.
1685 1417 1740 1447 11.

1043 1468 1233 1509 ‘Pollices‚
1269 1478 1347 1500 cum
1382 1466 1556 1507 favemus,.
1584 1473 1743 1508 premere

1044 1520 1148 1552 etiam
1163 1519 1344 1561 proverbio
1353 1517 1540 1561 jubemur!
1571 1517 1607 1550 Si
1622 1525 1747 1551 averno

1045 1570 1156 1602 animo
1193 1569 1320 1610 forent,
1358 1568 1516 1610 pollicem
1551 1566 1747 1606 vertebant,

1046 1630 1123 1662 quae
1135 1629 1195 1662 usq
1201 1629 1241 1651 ue
1253 1619 1338 1652 adeo
1349 1619 1518 1661 malevola.
1525 1622 1666 1660 notarut
1673 1627 1742 1656 non
1755 1644 1757 1647 .

1047 1670 1112 1702 alio
1140 1671 1236 1711 signo
1265 1668 1415 1702 interfici
1447 1668 1655 1710 gladiatores
1685 1676 1744 1709 po·

1049 1715 1145 1761 pinus
1174 1720 1326 1762 juberet.
1368 1719 1545 1754 Juvenalie
1582 1718 1660 1759 Sat..
1684 1726 1756 1750 nt..-

1047 1770 1057 1788 ‘
1071 1770 1219 1803 Munera
1241 1779 1330 1802 nunc
1346 1769 1466 1810 edunt,
1482 1772 1518 1802 et
1533 1778 1631 1801 verso
1645 1768 1744 1811 polli-

1047 1828 1088 1851 ce
1105 1820 1196 1861 vulgi
1215 1819 1412 1854 Quemlibet
1427 1818 1752 1861 occiduntpopuia-

1047 1869 1154 1903 riter!
1197 1871 1248 1903 Tu
1266 1875 1377 1903 totum
1398 1871 1488 1903 hunc
1500 1871 1615 1903 locum
1627 1869 1680 1901 ita
1693 1867 1746 1900 in-

1048 1924 1238 1962 terpunge:
1261 1922 1347 1954 Fata
1359 1921 1475 1960 serunt
1498 1920 1620 1953 unitam
1641 1923 1673 1952 et
1695 1928 1745 1951 eo-

1047 1971 1116 2003 dem
1126 1971 1237 2012 pollice
1247 1973 1410 2004 damnant.
1436 1971 1547 2005 Vincit
1556 1980 1642 2012 opus.
1664 1969 1743 2003 Non

1049 2025 1088 2053 ut
1133 2022 1274 2063 vulgati,
1308 2023 1469 2063 damnum,
1510 2021 1616 2054 Vincit
1652 2029 1758 2061 opus..

1049 2072 1150 2103 Mens
1161 2072 1301 2105 Poetae:
1318 2073 1507 2105 Parcarum
1519 2071 1667 2104 stamina
1677 2080 1746 2104 mo-

1050 2122 1209 2155 rientium
1223 2123 1441 2164 multitudine
1456 2122 1624 2164 superari.
1643 2121 1743 2154 Bm.

1091 2175 1133 2204 29
1154 2172 1317 2215 lacrymis
1330 2177 1422 2215 atque
1441 2173 1531 2214 igne]
1555 2170 1744 2205 Hisfluere

1049 2225 1085 2254 et
1099 2226 1258 2254 constare
1278 2222 1465 2255 inferorum
1484 2222 1604 2256 fluvios
1623 2226 1745 2254 auctor

1049 2270 1235 2303 Poetarum
1251 2271 1386 2306 chorus.
1420 2272 1508 2304 Vide
1522 2281 1579 2304 eos
1595 2271 1629 2303 in
1643 2271 1744 2303 rebus

1051 2320 1248 2355 inferorum.
1292 2322 1414 2354 Claud.
1438 2322 1475 2354 in
1503 2319 1583 2354 Ruf.
1613 2321 1674 2354 lib.
1702 2330 1744 2353 11.

1053 2372 1062 2390 ‘
1075 2372 1140 2403 Est
1152 2372 1244 2405 locus
1261 2371 1416 2405 infaustis
1436 2381 1502 2415 quo
1521 2371 1745 2404 conciliantur

1052 2422 1085 2453 in
1101 2432 1203 2454 unum
1220 2422 1371 2464 Cocytus
1387 2423 1668 2466 Phlegethonque
1688 2434 1743 2456 va-

1052 2471 1104 2503 dis
1117 2483 1139 2512 ;,,
1151 2473 1338 2505 inamoenus
1356 2478 1499 2515 uterque
1513 2473 1662 2513 Alveus3
1690 2474 1746 2506 hic

1052 2523 1159 2554 volvit
1181 2523 1351 2564 lacrimas,
1372 2523 1426 2555 hic
1447 2523 1527 2564 igne
1550 2523 1754 2562 redundat-’⁴

1047 2572 1164 2605 Barth.

1093 2624 1135 2653 30
1167 2621 1263 2667 *Styx
1293 2622 1431 2663 perjuria
1466 2624 1572 2657 divum
1605 2625 1757 2668 Arguit]

1050 2671 1307 2718 Sanctissimnm
1328 2673 1403 2705 Diis
1422 2674 1662 2716 jusjurandum
1682 2686 1746 2718 per

1051 2725 1189 2766 Stygem
1222 2725 1349 2758 Poetas
1385 2726 1528 2768 fingere,
1569 2729 1673 2771 lippis
1709 2735 1745 2762 et

1052 2774 1242 2807 tonsoribus
1261 2779 1398 2809 notum:
1421 2786 1488 2810 non
1510 2779 1655 2821 perinde
1673 2780 1744 2812 vul-
