1878 3164
301 341 476 391 Antiopa,
494 348 624 391 Nyctei
642 348 731 388 regis
746 347 849 380 fitiae:
874 353 911 380 et
927 347 1002 380 tris·

303 400 347 431 tis
372 400 415 431 ob
445 404 599 440 stuprum
627 399 779 440 conjugis
809 408 909 440 quam
939 398 1012 439 per²

301 451 369 482 vim
397 454 616 491 stupraverat
642 450 818 490 Epaphus,
844 449 903 480 ille
926 458 1000 480 eam

299 499 461 541 projecit.
509 499 684 540 ‘Epaphus
721 503 834 530 autem
864 498 928 531 fnit
957 509 1000 531 ex

300 549 389 582 Jove
427 554 546 581 natus:
583 559 683 590 quam
720 548 867 580 fabulam
898 549 999 580 latins

300 599 503 640 aperiemus.
560 598 713 639 Antiopa
744 599 871 639 Nyctei
907 599 1010 639 regis‘

300 648 370 680 filia
391 649 435 680 ab
454 649 595 689 Epapho
620 658 681 689 per
703 648 815 679 dolum
843 653 1010 689 stuprata*

300 702 366 736 est,
383 708 459 739 quae
475 698 518 729 ob
534 698 565 729 id
583 708 602 729 a
619 698 690 729 viro
710 699 804 738 Lyco
820 704 874 730 est
890 700 1000 740 ejecta

300 748 356 778 vi:
380 758 447 789 qua
463 749 560 788 pulsa
583 748 718 789 Dyrcen
734 748 834 780 duxit
846 758 998 789 uxorem,

300 797 354 829 cui
371 791 519 838 suspicio
538 798 659 830 incidit
675 798 782 829 virum
799 807 894 829 suum
911 799 998 830 clam

299 855 376 878 cum
391 847 542 888 Antiopa
555 847 792 888 concubuisse,
809 849 923 888 itaque
938 848 998 880 im-

299 898 448 937 petravit
475 908 495 928 a
516 897 664 937 famulis,
690 904 727 930 ut
750 908 823 929 eam
847 898 1007 930 vinctam

298 945 333 976 in
350 946 500 978 tenebris
516 948 727 984 clauderent,
748 948 802 979 cui
827 957 903 979 cum
920 957 997 989 par-

296 998 352 1027 tus
375 996 532 1037 instaret,
551 997 646 1029 Jovis
671 998 849 1028 voluntate
876 996 998 1038 effugit

296 1046 448 1085 vincula,
464 1051 500 1078 et
522 1048 555 1078 in
579 1051 691 1078 monte
714 1047 897 1079 Citherone
921 1057 996 1088 par—

296 1099 369 1127 tum
395 1097 561 1137 exposuit.
591 1103 700 1136 natos,
726 1098 848 1128 Zetum
865 1102 900 1128 et
916 1095 1005 1129 Ana-v

295 1147 467 1187 phionem,
479 1140 639 1188 projecit,
648 1148 705 1178 hos
717 1153 834 1188 pastor
850 1157 915 1188 pro
927 1148 995 1180 suis

294 1194 470 1235 educavit,
486 1207 571 1238 quos
588 1202 708 1237 postea
719 1203 828 1229 mater
843 1199 995 1239 agnovit,

296 1246 353 1286 qui
379 1247 518 1288 injurias
540 1247 613 1288 ejus
633 1248 782 1287 executi,
799 1248 927 1288 Lycum
945 1248 994 1279 in-

293 1295 525 1329 terfecerunt:
556 1298 694 1338 Dyr-cen
713 1302 811 1328 tauro
827 1297 993 1330 indomito

292 1346 484 1387 religatam,
499 1347 570 1377 vita
586 1347 816 1387 privaverunt.
840 1347 938 1379 Idem.

336 1399 398 1427 571
426 1396 596 1436 AEolidem]
635 1397 875 1428 Athamantem
906 1397 992 1430 dicit

292 1446 380 1479 AEoli
395 1447 500 1478 filium
517 1457 593 1478 cum
610 1447 748 1478 humero
763 1453 897 1486 onusto,
912 1448 1017 1489 quia·¹

293 1498 343 1528 sic
373 1497 524 1538 pingitur
546 1497 723 1538 insequens
750 1497 813 1528 Ino
837 1507 991 1538 uxorem,

292 1547 382 1578 collo
410 1550 547 1588 portans
573 1545 634 1577 filii
660 1546 803 1578 Learchi
829 1548 989 1581 cadaver.

292 1597 393 1630 Idem.

334 1650 396 1679 573
421 1649 525 1680 Frons
537 1658 646 1689 aspera
659 1648 768 1689 cornu]
779 1648 989 1682 Actaeonem

290 1698 473 1739 significat,
501 1699 559 1740 qut
588 1699 716 1730 dicitur
745 1700 835 1741 apud
854 1700 988 1733 Inferos

289 1748 407 1779 eadem
425 1748 536 1779 forma
549 1749 724 1788 mansisse,
739 1759 804 1791 qna
820 1751 911 1791 apud
927 1751 989 1783 Su-

289 1806 391 1838 peros
406 1796 532 1834 fuerat,
549 1798 728 1830 habentem
745 1809 884 1833 cornua.
914 1802 966 1834 Id.

332 1847 396 1879 576
422 1848 579 1889 Tantalis]
615 1849 728 1880 Niobe
753 1850 890 1882 Tantali
917 1851 988 1884 filia

289 1901 325 1928 et
350 1897 536 1939 Peniopes,
559 1908 635 1939 quae
655 1903 772 1939 partus
791 1900 842 1931 sui
857 1899 987 1933 foecun-

287 1946 398 1979 ditate
415 1948 507 1979 elata
527 1957 603 1979 cum
626 1947 704 1980 filiis
720 1953 852 1990 septem
869 1960 888 1981 a
904 1952 987 1983 Dia-

287 2006 331 2028 na
366 2003 403 2030 et
434 1999 597 2039 Apolline
629 1999 791 2040 probatur
820 2001 985 2034 extincta.

287 2047 387 2079 Idem.

330 2100 393 2130 577
418 2098 479 2129 Nil
508 2098 625 2137 dejecta
652 2099 754 2140 malis,
784 2100 852 2141 ξω]
890 2101 984 2133 Filiis

286 2147 481 2179 delectatur
497 2150 655 2181 extinctis
673 2151 816 2191 amplius
839 2151 902 2182 sibi
918 2161 984 2184 non

285 2206 385 2238 posse
404 2198 544 2229 deorum
568 2199 725 2239 injuriam
749 2210 887 2241 nocere,
907 2211 984 2234 cum

285 2247 398 2279 desint
421 2249 454 2279 in
470 2249 591 2290 quihus
612 2252 994 2290 peccatorumlicentia·

284 2297 490 2329 vindicetur.
524 2299 621 2331 Idem.

327 2351 392 2380 589
426 2349 544 2380 Torvus
569 2349 672 2391 Abas]
709 2350 846 2392 Acrysii
871 2357 982 2394 pater,

284 2408 384 2439 quem
412 2404 544 2429 torvum
571 2399 667 2439 dicit,
683 2401 772 2441 quod
794 2400 898 2433 fuerit
915 2406 983 2433 tor-

284 2457 346 2478 vus
378 2448 410 2478 in
434 2449 537 2479 cives.
576 2449 676 2481 Idem.
721 2450 907 2492 Proetusque
929 2461 982 2483 no-

284 2498 370 2538 cens]
390 2497 474 2528 Ideo
488 2507 626 2538 nocens,
643 2499 723 2540 quia
741 2499 982 2541 Bellerophon-

283 2554 352 2579 tem
396 2549 502 2580 voluit
550 2549 763 2580 innocentem
809 2550 980 2582 occidere.

283 2598 512 2637 Bellerophon
530 2597 654 2629 Glauci
673 2598 777 2637 filius,
795 2609 871 2631 cum
886 2600 993 2640 tgna-1

283 2656 340 2678 rus
355 2647 396 2677 ad
415 2648 571 2678 Proetum
590 2648 623 2678 in
638 2649 818 2690 hospitium
833 2650 980 2681 venisset

282 2702 319 2728 et
336 2706 421 2727 uxot·
436 2697 542 2728 Proeti
558 2698 763 2739 Sthenobea,
776 2700 848 2730 sive
863 2699 980 2740 Antia,

281 2747 375 2779 illum
404 2754 545 2785 amaret,
571 2758 635 2780 nec
658 2748 701 2779 ab
725 2759 765 2781 eo
792 2749 978 2791 impetrare

283 2797 452 2838 potuisset
489 2803 527 2828 ut
569 2807 683 2830 secum
722 2799 978 2838 concumberet,

646 249 650 251 “
712 250 716 253 ·
767 243 908 286 norm
942 243 1213 288 vAiuoRuM'
1242 255 1294 287 ιΝ

1053 349 1143 391 apud
1159 344 1256 382 su'um
1281 349 1388 382 virum
1409 349 1554 382 mentita
1567 340 1634 392 est}
1649 335 1752 384 dii—50
1777 342 1780 346 ¹

1050 409 1087 431 se
1117 401 1356 440 compellatam
1387 400 1504 433 fuisse.
1542 397 1765 433 Proetiis'n'f·

1050 449 1282 491 Adjuvarcem
1304 460 1457 483 socerum
1478 459 1574 482 suum
1598 449 1762 491 mitit-'fet

1051 499 1094 530 de
1118 500 1237 532 eadem
1260 510 1297 532 re
1312 500 1571 542 Bellerophonti
1586 499 1684 532 dedit
1698 501 1763 532 taff*

1050 548 1157 580 bellas
1197 549 1419 590 perferendas
1459 560 1589 591 socero,
1626 549 1759 593 quim>

1050 599 1149 630 lectis
1167 599 1363 632 interficere
1378 601 1487 633 voluit
1499 601 1604 633 talem
1618 601 1749 634 virum:

1049 648 1110 680 sed
1127 658 1203 680 cum
1221 649 1277 681 ille
1296 650 1478 691 prudentia
1502 660 1563 683 sna
1584 655 1622 683 et
1647 651 1761 695 eristim

1049 699 1130 730 tatis
1154 700 1279 731 auxilio
1302 710 1338 731 se
1363 700 1407 732 ab
1424 701 1571 733 instante
1593 701 1761 743 periculo·

1048 748 1239 789 liberasset,
1254 749 1295 781 ad
1319 749 1590 782 interficiendam
1605 750 1750 792 chyme-

1048 800 1120 829 ram
1151 799 1272 831 missus
1303 804 1367 839 est,
1396 810 1498 842 quam
1526 800 1584 832 ille
1613 794 1748 843 Pegaso

1041 848 1188 890 juvante
1205 850 1401 891 prostravit.
1445 850 1570 881 Denuo
1585 844 1747 892 eumei-

1048 900 1091 930 sit
1107 902 1146 930 ut
1162 899 1356 941 Calydonos
1373 899 1537 936 vinceret,
1551 900 1655 932 etiam
1666 900 1746 940 iffi·

1047 958 1122 979 cum
1140 949 1290 985 vicisset,
1305 954 1342 980 et
1359 958 1435 980 eum
1451 949 1632 981 novissime
1646 949 1759 982 scivit}

1047 997 1273 1039 Adjuvarces,
1294 998 1384 1039 quod
1409 998 1473 1039 ipsi
1500 997 1621 1032 fuisset·
1642 1006 1760 1032 cam·

1047 1048 1130 1078 tanti
1152 1048 1232 1079 mali
1257 1046 1416 1084 faciendi,
1441 1047 1581 1079 crimina
1605 1055 1685 1090 qum
1709 1049 1757 1081 in·

1047 1106 1123 1128 eum
1150 1097 1361 1129 confixerant
1384 1097 1548 1138 abolevit,
1567 1093 1758 1131 &trintum--

1046 1146 1114 1188 que
1141 1147 1213 1188 ejus
1241 1147 1381 1178 laudans
1406 1144 1550 1180 alteram
1565 1147 1671 1181 filiam
1684 1148 1752 1181 Ata

1046 1196 1235 1228 chimenem
1251 1196 1283 1227 ei
1299 1196 1394 1228 dedit
1410 1205 1558 1229 uxorem.
1582 1196 1630 1229 At
1642 1197 1754 1232 Sthe-2

1044 1245 1152 1277 nobea
1177 1255 1216 1277 re
1245 1246 1384 1287 cognita
1405 1246 1479 1288 ipsa
1500 1255 1538 1278 se
1558 1246 1744 1280 interfecit.

1043 1296 1135 1336 Ergo
1147 1295 1174 1326 is
1184 1296 1323 1328 Proetus
1339 1305 1467 1328 nocens
1480 1296 1559 1338 quia
1569 1297 1756 1331 inueniunt.

1035 1346 1195 1387 juvenem
1207 1347 1367 1387 periculis
1378 1346 1486 1378 tantis
1497 1346 1635 1387 objecit.
1654 1346 1756 1380 Hinc*

1041 1394 1157 1427 fabula
1184 1396 1274 1436 apud
1300 1395 1442 1428 Homer.
1467 1396 1491 1427 l.
1507 1405 1562 1428 vi.
1586 1401 1641 1428 est
1664 1397 1741 1438 ipse

1042 1446 1179 1477 Proetus
1207 1446 1304 1487 cujus
1332 1446 1420 1477 filias
1449 1445 1512 1478 sub
1536 1447 1742 1479 contumelia

1041 1497 1114 1528 laesi
1138 1497 1283 1528 numinis
1298 1496 1390 1529 Juno
1409 1496 1526 1529 furore
1543 1498 1751 1540 complevit,-

1041 1556 1108 1588 quo
1130 1556 1167 1578 se
1188 1546 1298 1579 factas
1313 1546 1453 1578 buculas
1470 1548 1646 1588 putarent.'
1678 1548 1752 1581 ·De'

1042 1597 1164 1637 quibus
1192 1597 1288 1637 virg.
1328 1598 1338 1615 ‘
1353 1597 1533 1629 Proetides‘
1555 1597 1753 1639 implerunt·

1040 1646 1132 1677 falsis
1158 1647 1343 1687 intingitibus
1374 1647 1518 1688 εει-οε]-
1542 1647 1751 1689 Phoe-mus]-

1040 1696 1109 1728 Hic
1120 1701 1174 1728 est
1186 1697 1242 1738 qui
1253 1697 1378 1737 primus
1388 1697 1516 1730 Junoni
1530 1696 1749 1731 sacrific-ne*

1039 1745 1178 1786 dicitur,
1208 1751 1245 1777 ut
1271 1747 1451 1779 Dardanus
1473 1747 1565 1780 Jovi.
1609 1747 1739 1780 Phoro-

1039 1805 1122 1827 neus
1139 1800 1249 1827 autem
1266 1797 1384 1828 Inachi
1403 1796 1504 1838 filius,
1526 1797 1584 1839 qui
1607 1798 1752 1839 primm-

1039 1845 1240 1877 mortalibus
1286 1846 1455 1886 regnavit,
1502 1847 1597 1888 cujus
1631 1846 1753 1880 filiam>

1039 1895 1188 1937 Nioben,
1209 1896 1290 1937 quia
1314 1896 1380 1927 alia
1395 1897 1534 1928 Tantali
1557 1900 1623 1938 est,
1637 1898 1749 1940 ,ῐιψί-Λ

1038 1951 1090 1977 ter
1105 1946 1213 1987 primo
1228 1947 1407 1979 mortalem
1422 1947 1549 1980 dicitur
1564 1946 1749 1991 corrupta-¹

1037 1997 1132 2029 sisse.
1156 1997 1256 2029 Idem.
1394 2021 1398 2024 -
1744 2006 1751 2025 ἑ

1077 2050 1139 2079 593
1163 2047 1229 2079 Hic
1255 2058 1353 2088 grege
1374 2049 1537 2090 condenso]
1560 2050 1652 2082 Sane
1682 2055 1750 2083 est·

1034 2099 1068 2130 in
1096 2099 1233 2140 scriptis
1259 2100 1440 2138 nonnullis,
1467 2100 1557 2131 unde
1585 2100 1734 2132 Bernar-

1036 2148 1101 2179 tius
1125 2147 1282 2179 admisit:
1307 2148 1367 2179 sed
1396 2149 1495 2181 male.
1542 2146 1747 2191 N‘amejusv

1033 2203 1192 2230 auctores
1207 2198 1328 2229 vitiosa
1345 2198 1562 2230 distinctione
1578 2199 1732 2233 suntd&

1034 2250 1140 2288 cepti,
1155 2258 1231 2280 cum
1247 2248 1508 2289 conjungerent,
1520 2248 1554 2279 ln·
1575 2255 1748 2290 pugnaces·

1033 2299 1157 2330 animae.
1201 2297 1250 2330 At
1272 2298 1337 2329 duo
1363 2299 1427 2330 ista
1443 2298 1546 2329 verba
1572 2298 1742 2334 addenda,

1031 2354 1108 2380 sunt
1123 2349 1155 2379 in
1173 2342 1425 2389 praecedentem
1439 2346 1592 2389 proxime
1608 2356 1743 2389 paren-e

1032 2399 1140 2432 thesin
1154 2410 1162 2430 :
1186 2404 1222 2431 et
1239 2400 1287 2430 ita
1310 2399 1450 2430 evidens
1466 2404 1518 2430 est
1532 2399 1588 2430 τοῦ
1601 2399 1745 2431 Ηί-ικε-ἱ

1031 2450 1197 2482 cessitas:
1225 2450 1299 2490 quid
1327 2451 1430 2479 autem
1455 2449 1506 2480 Ha·
1531 2458 1631 2489 grege
1657 2455 1746 2480 conv

1030 2502 1124 2532 densa
1147 2499 1310 2541 (quantum
1332 2508 1421 2530 arma
1441 2502 1473 2530 et
1497 2499 1622 2530 vulnera
1643 2507 1728 2530 naon-

1000 2553 1003 2555 ”
1029 2553 1145 2586 strunt,
1166 2550 1330 2588 Pugnaces
1342 2548 1472 2590 animoe)
1487 2548 1654 2590 nahtam.
1677 2549 1743 2581 ius

1029 2599 1175 2632 tendunt
1191 2607 1319 2630 manus.
1343 2600 1520 2631 Δεικτικῶς.
1543 2599 1682 2631 Gronov.
1726 2601 1731 2603 ’

1070 2651 1134 2680 696
1157 2649 1228 2680 Rex
1239 2648 1350 2689 fallor,
1374 2659 1415 2680 an
1433 2649 1467 2680 hi
1487 2648 1573 2689 sunt]
1602 2649 1634 2680 Ο
1663 2655 1743 2681 rex·

1028 2698 1221 2730 Etheocles.
1278 2698 1346 2729 Eos
1377 2698 1527 2730 ostendit
1556 2698 1742 2740 Εῑὴειοιεῑί,ἶ

1027 2757 1109 2789 quos
1137 2747 1209 2788 ipse
1237 2749 1339 2779 etiam
1366 2752 1480 2788 posset
1504 2756 1741 2789 cognoscere.-

1026 2798 1104 2830 Sine
1116 2806 1191 2838 pace
1207 2803 1323 2830 autem
1340 2797 1439 2835 dixit,
1456 2802 1516 2831 aut
1533 2798 1738 2839 bellicosas,
