1878 3164
290 199 423 270 1368a

287 332 435 371 sincera,
449 330 590 372 propius
605 333 720 362 tamen
747 330 789 361 ad
806 329 986 362 veritatem

285 386 326 415 et
335 390 525 421 germanam
541 380 722 411 lectionem
739 379 895 419 accedit3
911 389 986 421 quae

280 436 328 464 ‚ut
350 432 431 463 mihi
454 431 592 473 quidem
614 430 761 471 videtur,
775 435 844 463 est:
865 434 987 472 portas-

287 492 346 523 que
359 482 420 514 alio
443 483 481 513 de
496 481 590 519 sonte
612 481 751 520 refundit
767 482 868 513 Arcus
881 491 985 522 aquas.

287 532 433 563 Plautus
462 531 690 563 Curculione:
725 532 842 563 ‘Ecce
874 537 987 563 autem

286 581 374 613 bibit
398 590 508 621 arcuS,
535 582 630 622 pluet
652 581 756 612 credo
781 581 908 613 Hercle
928 582 987 613 ho-

288 631 367 664 die?
401 632 603 672 Propertius
626 631 685 663 lib.
719 640 778 663 111.
802 630 834 649 ·‘
850 631 986 672 Purpu-

288 691 367 713 reus
390 681 522 722 pluvias
551 690 611 712 cur
636 680 731 712 bibat
745 690 844 712 arcus
860 681 986 723 aquas!

287 732 440 764 Bernart-

329 784 393 813 837
415 780 600 821 Apollineus
628 780 751 821 Ladon]
786 780 866 812 Sive
896 780 986 822 qnod

287 832 402 862 lauros
426 830 555 862 habent
579 831 674 862 circa
698 831 787 871 ripas
803 840 894 869 suas,
910 840 985 871 quae

286 881 320 912 in
339 881 446 912 tutela
469 886 547 912 sunt
573 881 690 921 ipsius,
707 887 851 921 propter
868 880 986 922 Daph-

286 941 366 969 nen,
383 932 478 973 cujus
494 932 547 963 hic
561 930 680 963 fluvius
693 936 791 972 pater
803 935 868 962 est.
893 931 986 962 Xan-

285 982 358 1014 thus
381 981 523 1022 uterque]
555 981 643 1015 Quia
669 981 784 1022 Lyciae
816 985 852 1013 et
873 981 985 1022 Trojae

286 1037 352 1066 est.
375 1034 466 1065 Lact.

330 1086 393 1115 838
430 1081 613 1124 Sperchias]
648 1081 832 1113 Thessaliae
864 1079 986 1113 fluvius

286 1133 467 1165 Centauris
497 1132 636 1164 vicinus.
678 1132 863 1174 Lycormas]
898 1132 986 1163 The-

285 1183 393 1216 banus
424 1181 559 1224 fluvius,
584 1191 684 1224 quem
711 1183 721 1200 ‘
739 1182 966 1214 Centaureum
981 1181 990 1195 '

753 236 893 267 NO'rAE
925 235 1193 267 VAmoRUM
1228 235 1279 266 IN

1038 329 1142 369 dixit,
1168 329 1256 371 quod
1289 329 1324 361 in
1347 339 1388 362 eo
1415 329 1576 362 Herculis
1605 329 1740 372 sam·

1040 381 1232 413 Centaurus
1258 381 1389 413 Nessus
1419 381 1465 413 sit
1491 381 1740 422 interemptus&

1030 435 1079 462 >ut
1096 432 1223 463 Lucan.
1265 431 1276 449 ⁴
1293 432 1338 463 Et
1364 431 1610 471 Meleagream·
1623 438 1740 462 maeu-

1039 481 1128 512 latus
1152 481 1313 522 sanguine
1339 480 1464 513 Nessi.'
1508 480 1741 513 Comani-eum

1041 531 1130 570 ideo,
1156 531 1233 572 quia
1262 531 1362 562 hunc'
1382 531 1512 563 Nessus
1546 530 1740 562 Centaurus

1041 580 1266 612 custodiebat.
1311 579 1471 611 Herculis
1509 588 1589 611 vero
1622 578 1741 612 fabula

1040 629 1194 662 omnibus
1214 634 1267 661 est
1283 630 1468 662 notissima.
1492 630 1590 662 Idem.
1634 630 1638 633 '

1081 682 1143 711 841
1167 679 1196 711 Α
1211 680 1290 711 Jove
1302 680 1421 720 primus
1441 679 1551 720 honos]
1580 678 1740 712 Postue-

1039 740 1127 761 vem,
1146 734 1182 761 tu
1210 729 1378 761 secundus
1407 729 1622 762 invocabere.
1679 729 1740 762 Sic

1040 780 1166 812 Horat.
1182 780 1192 797 ‘
1210 784 1247 810 tu
1265 779 1415 810 secundo
1437 779 1572 811 Caesare
1594 777 1742 821 regnes-²

1041 831 1141 861 Idem.
1711 835 1722 841 ⁴*

1082 882 1145 911 843
1168 878 1380 919 Desensasque
1394 877 1484 919 celis]
1508 878 1582 910 Nos
1595 887 1658 919 pro
1669 878 1737 911 tui·

1039 929 1224 961 redeuntes
1255 929 1390 960 domum
1428 931 1613 969 agnoscere
1643 922 1740 966 velis,

1039 989 1124 1021 quos
1146 978 1246 1010 modo
1269 978 1312 1009 ab
1338 978 1474 1010 interitu
1497 978 1658 1018 praesenti
1679 978 1739 1012 de-

1037 1028 1187 1065 fendisti,
1203 1032 1240 1060 et
1256 1028 1305 1059 sic
1322 1027 1383 1059 tibi
1396 1027 1648 1067 devinxisti‚2ut
1660 1033 1740 1070 pont

1039 1088 1203 1110 summum
1218 1078 1340 1111 Jovem
1356 1078 1441 1109 nulli
1457 1077 1601 1119 amplius
1613 1077 1738 1111 debea-

1039 1139 1124 1161 mus.
1155 1129 1225 1161 Vel.
1243 1128 1406 1161 Scholiast-

634 1433 1056 1492 THEBAIDOS
1110 1433 1253 1482 Lm.
1309 1433 1376 1481 v·
1422 1497 1425 1499 ,

325 1565 426 1597 Pulsa
439 1564 511 1597 sitis
519 1564 630 1606 fluvio,
643 1563 712 1606 ξω]
736 1563 836 1595 Hunc
854 1562 981 1594 librum

281 1615 395 1647 Poeta
416 1621 515 1646 extra
535 1615 688 1646 ordinem
713 1613 870 1645 carminis
885 1611 980 1652 fecit,

281 1666 433 1696 excessit
447 1665 536 1696 enim
548 1664 767 1696 oeconomiam
783 1672 876 1694 suam
890 1667 981 1703 post-

281 1724 382 1756 quam
399 1715 506 1746 ductu
526 1714 735 1756 Hypsipyles
751 1712 899 1754 Argivus
922 1722 982 1743 ex-

280 1765 420 1806 ercitus,
435 1765 509 1797 sitis
525 1765 649 1796 ardore
672 1773 865 1800 succensus,
890 1763 980 1794 vires

277 1815 410 1856 liquore
427 1820 461 1847 et
478 1816 600 1846 haustu
622 1814 851 1855 recuperavit,
866 1821 981 1844 rursus

279 1864 457 1897 ordinatur
486 1865 528 1897 ab
553 1865 689 1897 bellurn.
735 1865 777 1896 In
804 1873 870 1906 quo
894 1863 980 1895 libro

277 1914 349 1946 ludi
364 1914 525 1947 funebres
541 1915 740 1947 sanciuntur
761 1913 983 1953 Archemoro,

280 1966 337 2007 qui
353 1966 482 2008 primus
507 1965 541 1998 in
563 1965 627 1997 hoc
653 1966 755 2006 bello,
778 1969 817 1996 ut
836 1965 981 1996 Prothe-

279 2016 381 2048 silaus
396 2016 429 2047 in
448 2016 566 2056 niaco,
578 2019 742 2057 expertus
756 2020 810 2047 est
826 2019 982 2047 mortem.

277 2065 451 2107 Populata]
476 2065 620 2106 Agentis
648 2065 704 2097 hic
731 2069 796 2106 est,
826 2074 894 2096 non
920 2074 978 2105 pa-

278 2116 408 2149 tientis.
434 2117 581 2148 Lactant.

320 2169 341 2198 2
364 2166 553 2207 Amnemque
580 2164 743 2205 minorem]
777 2165 889 2198 Quem
918 2174 979 2205 per

278 2222 396 2258 potum
410 2216 574 2247 minorem
591 2214 676 2247 fecit
691 2214 873 2246 exercitus.
897 2214 947 2246 Id.

278 2267 282 2271 ’
319 2269 339 2298 4
362 2266 541 2307 Animique]
575 2265 664 2298 Quia
690 2269 878 2296 vacuantur
902 2273 979 2295 cum

277 2320 458 2352 exuuntur,
475 2320 512 2347 et
534 2314 592 2346 ubi
609 2324 731 2355 corpus
747 2314 903 2345 muniunt
919 2314 979 2345 im-

277 2366 437 2408 plentur:
478 2369 516 2396 ut
554 2365 680 2396 Lucan.
725 2365 735 2382 ‘
755 2365 813 2396 Sic
844 2364 978 2406 gurgite

277 2425 364 2457 puro
380 2415 463 2446 Vita
479 2413 588 2446 redit.'
611 2414 709 2446 Idem.

319 2467 340 2496 7
363 2464 520 2504 Dispositi
548 2463 582 2494 in
606 2461 739 2502 turmas]
774 2463 817 2494 In
846 2463 977 2495 duobus

276 2516 372 2548 libris
399 2515 577 2556 scriptum,
593 2514 803 2555 Disposieum.
848 2514 978 2546 Videor

277 2566 359 2597 mihi
374 2565 491 2596 videre
517 2564 672 2595 veritatis
697 2564 806 2595 lucem
829 2564 863 2595 in
888 2564 978 2598 itum.

277 2616 345 2648 Sed
362 2616 454 2656 prior
468 2625 535 2646 vox
557 2615 663 2645 haeret
679 2624 745 2645 non
771 2612 880 2646 facilis
897 2624 977 2646 con—

277 2665 454 2698 ciliatioui.
498 2665 575 2696 Hac
600 2669 714 2696 autem
740 2664 886 2696 lectione
904 2665 975 2706 pul-

277 2717 359 2749 chre
386 2715 526 2754 indicet,
552 2715 635 2746 licet
658 2723 777 2746 severe
792 2715 976 2756 imperatos

278 2766 412 2801 ordines
428 2770 541 2797 tamen
556 2764 644 2797 ultro
654 2764 806 2797 subiisse
821 2765 975 2804 militem,

1034 1561 1224 1602 disciplinae
1239 1560 1373 1593 scilicet
1385 1559 1575 1592 amantem.
1604 1558 1661 1592 Sic
1676 1569 1734 1592 an-

1035 1616 1104 1643 tem
1135 1621 1202 1643 non
1239 1611 1424 1643 insolentes
1463 1610 1596 1642 Poetae.
1630 1608 1734 1643 ovid.

1033 1662 1043 1679 ‘
1063 1662 1146 1693 itum
1163 1666 1216 1693 est
1230 1661 1263 1692 in
1280 1661 1410 1692 viscera
1426 1660 1551 1697 terrae.’
1583 1659 1651 1692 Sed
1663 1659 1735 1698 vnl-

1035 1716 1125 1752 gatae
1141 1711 1319 1751 scripturae
1342 1707 1604 1751 patrocinantur
1618 1708 1657 1740 τὸ
1670 1719 1735 1742 mo-

1034 1769 1160 1794 nentur.
1196 1761 1366 1792 Barthius.
1420 1761 1595 1802 Legemque
1619 1760 1733 1802 uere-ri]

1035 1812 1145 1846 Quam
1157 1810 1322 1843 confundi
1332 1811 1488 1843 militaris
1503 1810 1737 1852 prohibet-dis·

1034 1861 1172 1903 ciplina.
1201 1861 1349 1894 Luceant.
1757 1889 1763 1898 .

1076 1914 1095 1942 8
1121 1911 1283 1952 Morietur]
1301 1911 1342 1943 Id
1354 1912 1643 1954 estunusquisque
1655 1916 1735 1954 post

1033 1966 1151 2002 potum
1168 1962 1279 1993 locum
1301 1971 1397 1993 suum
1413 1966 1449 1994 et
1464 1962 1665 2003 dignitatem
1680 1957 1734 1995 re-

1033 2011 1133 2052 cipit.
1155 2011 1254 2044 Idem.

1076 2064 1116 2093 10
1151 2061 1288 2102 Crescit]
1337 2061 1428 2095 Quia
1471 2060 1551 2092 dum
1588 2058 1734 2102 erigitur

1033 2111 1143 2153 pulvis
1169 2112 1292 2143 crescit
1318 2116 1410 2144 terra
1439 2111 1475 2143 in
1505 2111 1734 2144 altitudinem.

1034 2162 1131 2193 Idem.
1706 2203 1709 2206 ψ

1076 2215 1115 2244 11
1139 2213 1285 2254 Phariis]
1308 2213 1491 2255 AEgyptiis.
1507 2213 1632 2245 Pharos
1641 2213 1732 2246 enim

1033 2262 1155 2294 civitas
1172 2268 1225 2295 est
1242 2264 1390 2304 AEgypti.
1413 2263 1511 2295 Idem.

1075 2315 1115 2343 12
1139 2313 1248 2344 Rauca
1270 2313 1466 2354 Paraetonio]
1490 2311 1636 2345 Laetitiae
1651 2321 1732 2344 con-

1033 2373 1116 2404 grua
1130 2365 1350 2405 comparatio.
1394 2364 1450 2396 Sic
1462 2363 1583 2406 Argivi
1599 2369 1675 2405 post
1687 2365 1732 2397 si-

1034 2413 1093 2444 tim
1110 2414 1180 2445 laeti
1196 2418 1232 2445 et
1248 2414 1376 2445 alacres
1392 2419 1501 2453 erant,
1524 2418 1563 2446 ut
1585 2414 1730 2446 redeun-

1033 2467 1086 2494 tes
1112 2472 1212 2504 grues
1239 2472 1283 2493 ex
1313 2463 1461 2504 AEgypto
1487 2464 1522 2495 in
1551 2464 1730 2496 Thraciam

1034 2513 1166 2555 quando
1181 2511 1327 2552 fugiunt.
1357 2514 1484 2544 Notum
1496 2513 1588 2555 quod
1604 2513 1732 2556 AEgyp-

1032 2568 1087 2595 tus
1109 2564 1256 2594 calorem
1277 2561 1364 2594 aeris
1382 2567 1535 2603 tempore
1551 2568 1654 2605 auget
1670 2574 1732 2600 aes-

1030 2614 1124 2646 tatis.
1161 2614 1259 2645 Idem.
1318 2613 1513 2655 Paroetonio]
1551 2613 1730 2655 AEgyptia·

1030 2674 1082 2695 co.
1103 2663 1269 2695 Scholiast.
1297 2662 1367 2696 Vet.
1404 2663 1651 2704 Paraetonium,
1673 2665 1730 2696 vel

1029 2713 1236 2752 Paraetonia,
1270 2712 1393 2744 civitas
1433 2712 1512 2744 olim
1550 2713 1730 2752 Ammonia

1029 2764 1124 2796 dicta
1162 2773 1269 2807 prope
1308 2763 1551 2802 Alexandriam
1585 2760 1728 2802 auctore?
