1878 3164
309 243 421 288 180⁰

307 346 373 379 hoc
400 347 512 380 electa
540 349 618 383 loca
646 351 797 386 ‘curias'
818 353 1009 390 nominavit

307 398 506 440 antiquitas.
536 400 635 435 Idem.
687 430 690 432 .

350 450 411 479 153
436 450 514 481 Nox
537 454 611 483 atra
634 452 726 494 meis]
759 453 838 486 Non
867 454 1004 488 damno.

306 495 449 530 Arridet
462 503 577 531 tamen
592 502 700 542 magis
717 504 807 544 quod
829 504 863 536 in
884 506 1005 547 Langii

306 547 395 579 libro
410 552 475 589 est,
489 559 555 581 nox
568 552 693 584 dextra.
717 554 876 588 Bernart.

351 600 413 629 168
435 599 537 631 Turba
563 605 652 641 petat
680 603 810 646 studiis]
835 605 1004 638 Membra·

305 656 381 678 nae:
402 652 523 688 petant.
546 650 595 682 Ut
608 651 667 683 lib.
681 661 707 684 ι.
731 654 740 670 ‘
756 654 859 686 Plebs
875 653 1004 696 Argiva

305 695 432 730 litant!
476 698 548 731 Lib.
580 709 628 732 vr.
668 702 857 735 ‘Bellatrix
883 705 1004 736 sedere

306 746 448 779 cohors!
469 747 527 787 Et,
549 749 559 766 ‘
574 758 650 781 mox
667 751 765 783 turba
782 753 908 785 ruunt-¹
930 754 1005 787 Lib.

307 803 375 827 vn.
397 795 566 830 ‘subeunt
580 799 920 842 Tegeaeajuventus!
958 803 1005 834 Et

305 845 427 877 eodem·
439 856 487 879 vs.
502 851 575 880 806.
600 849 609 866 ‘
621 849 686 881 sibi
699 851 841 892 quisque
857 851 1003 883 cavent.'

306 893 366 925 Uti
395 896 533 937 quidem
558 898 639 930 Mss.
662 899 789 933 Achill.
813 910 836 934 1.
867 902 1003 933 ‘hilaris

305 944 425 976 sedere
434 946 624 986 juventus!
648 949 750 981 Grou.

349 998 410 1027 159
440 997 532 1029 Loeta
552 999 652 1040 fides]
686 999 802 1035 Ordo:
834 999 941 1042 Argia
966 1005 1001 1032 et

302 1045 465 1086 Deiphile
481 1049 634 1089 *gentina-
661 1050 740 1081 mihi
764 1055 852 1082 natae
880 1051 1002 1091 pubes·

304 1103 410 1136 cunt;
434 1089 597 1140 nepotum
613 1101 688 1133 laeta
705 1102 800 1134 fides.
822 1103 970 1136 Laetam.

347 1152 409 1181 160
433 1151 485 1182 Ne
510 1154 627 1184 credite
653 1154 755 1194 patri]
781 1155 835 1186 Ne
859 1156 1000 1187 laudare

301 1200 408 1240 magis
422 1201 608 1242 videretur,
625 1213 724 1245 quam
743 1214 856 1236 verum
874 1205 1002 1246 dicere,

301 1247 403 1280 fidem
421 1259 514 1282 suam
542 1252 650 1284 voluit
670 1253 750 1294 ipsis
779 1254 923 1286 testibus
940 1265 999 1296 ap-

301 1298 457 1338 probare.
481 1301 579 1333 Idem.

343 1353 406 1382 162
432 1352 655 1395 Tumidisolio]
676 1355 824 1397 Imperio
839 1357 998 1398 superbi;

301 1405 336 1432 et
359 1402 556 1445 artificiose,
573 1414 615 1436 ne
633 1406 790 1438 videatur
805 1407 864 1439 lios
880 1417 999 1449 proce·

299 1460 373 1483 rum
399 1452 515 1494 inopia
540 1464 685 1494 generos
710 1457 865 1498 elegisse,
890 1458 939 1489 ait
963 1467 998 1489 se

299 1501 424 1533 multos
440 1504 634 1544 repudiasse
650 1511 685 1538 et
697 1506 821 1538 honore
833 1513 999 1549 praestan-

301 1554 364 1582 tes.
388 1552 486 1585 Idem.

343 1605 404 1635 164
430 1605 474 1636 Ee
485 1604 600 1638 Achaea
611 1617 670 1647 per
683 1609 810 1650 oppida]
836 1610 929 1641 Nihil
946 1609 997 1641 af-

298 1651 429 1684 fectum
459 1659 525 1693 est,
561 1657 661 1688 modo
691 1658 903 1699 distinguas:
935 1661 998 1691 viri

296 1701 439 1743 (tongum
466 1713 644 1737 enumerare
670 1707 820 1739 Phuroeos
842 1709 999 1741 OEbalios-

296 1761 354 1791 que
376 1752 485 1794 duces)
506 1757 537 1784 et
562 1754 691 1788 Achoea.
734 1758 779 1788 Et
802 1758 861 1789 viri
879 1764 915 1790 et
931 1769 998 1790 ma-

297 1806 380 1842 tres,
397 1812 458 1843 pro
485 1802 564 1835 filiis
580 1813 714 1846 nempe,
732 1811 895 1848 optavere
922 1809 996 1839 illas

299 1851 351 1883 vel
369 1861 508 1892 sponsas
525 1854 579 1885 vel
596 1864 712 1896 nuruS,
725 1866 786 1898 per
798 1868 879 1899 quas
890 1868 996 1899 genus

297 1912 392 1934 suum
411 1911 653 1946 propagarent.
688 1908 850 1949 Virgilius
863 1910 996 1942 AEneid.

296 1961 349 1985 Χῖ.
383 1955 529 1986 ‘Multae
556 1956 647 1987 illam
670 1956 797 1990 frustra
821 1959 998 2000 Tyrrhena

296 2013 360 2044 per
376 2004 502 2045 oppida
515 2010 641 2038 matres
660 2006 837 2048 Optavere
854 2009 998 2043 nurum!

298 2054 435 2086 Gronov.

339 2106 400 2135 165
427 2105 562 2146 OEneus]
579 2107 645 2138 Hic
657 2107 762 2148 Tydei
776 2112 885 2148 pater,
899 2108 995 2149 cujus

295 2154 462 2186 Deianira
484 2155 555 2188 filia
578 2167 596 2188 a
616 2158 730 2189 multis
746 2159 780 2189 in
796 2159 992 2199 conjugium

294 2210 458 2245 exoptata
487 2207 598 2248 procis
611 2203 627 2237 ς’
644 2217 705 2248 pro
736 2218 802 2249 qua
825 2208 992 2240 Hercules

294 2259 330 2285 et
361 2254 530 2288 Achelous
552 2257 686 2289 AEtoliae
711 2258 817 2289 amnis
846 2263 992 2290 certasse

294 2304 466 2336 dicuntur.
512 2306 712 2339 Deianiram
736 2317 832 2348 ergo,
844 2308 942 2340 OEnei
957 2313 992 2339 et

293 2354 453 2386 AEtliesiae
476 2354 592 2395 filiam,
614 2365 680 2387 uno
696 2360 851 2397 ternpore
867 2356 899 2387 in
916 2367 993 2389 con-

287 2403 420 2443 jugium
445 2404 610 2445 petebant
632 2406 800 2438 Hercules
825 2411 862 2437 et
880 2406 992 2438 Ache-

292 2452 380 2492 lous,
404 2459 613 2496 acceptaque
636 2455 709 2496 lege
733 2455 776 2486 ab
795 2457 916 2496 OEneo,
941 2461 989 2497 ut,

292 2501 351 2543 qui
365 2502 490 2535 virtute
502 2509 711 2545 superasset,
723 2506 917 2538 Deianiram
929 2507 991 2538 du·

291 2557 399 2592 cerei,
421 2554 607 2595 congressi,
634 2555 667 2586 in
700 2556 886 2587 certamine
914 2566 990 2588 cum

290 2608 514 2642 superaretur
546 2604 717 2636 Achelous
752 2605 794 2636 al)
828 2607 990 2647 Hercule,

290 2661 354 2695 per
369 2652 520 2687 diversas
537 2659 687 2686 mutatus
702 2660 755 2687 est
769 2655 903 2693 figuras.
931 2657 988 2689 OE·

291 2711 375 2734 neus
389 2703 497 2743 Tydei
513 2708 632 2744 pater:
649 2704 725 2736 ideo
742 2706 791 2736 ait
803 2709 885 2737 tuus.
902 2707 988 2738 Lac-

289 2757 381 2786 taut.

292 2825 294 2827 -
328 2805 398 2837 -166
421 2802 607 2845 Pisaisque]
649 2804 833 2839 OEuomaus
866 2804 987 2838 Martis

775 258 919 294 NOTAE
952 262 1213 299 VARIORUM
1247 269 1300 300 IN

1053 356 1158 401 filius,
1183 364 1325 402 propter
1355 361 1619 406 Hippodamiam
1647 366 1756 403 filisu}

1053 417 1176 449 procos
1198 419 1276 442 suos
1302 411 1408 445 victos
1432 405 1541 446 curuli
1561 419 1753 451 certamino
1803 456 1806 459 ,

1053 462 1164 489 morte
1180 458 1365 502 afficiebat,
1389 462 1433 495 ad
1458 464 1664 506 reliquorum
1681 471 1752 500 ter·

1053 515 1161 539 rorem
1173 518 1182 541 z
1198 508 1276 542 ideo
1285 510 1374 543 hunc
1387 514 1397 532 ⁸
1409 515 1642 549 metuendum'
1654 517 1756 556 dixit.

1054 555 1153 589 Idem.
1345 563 1348 566 '

1098 610 1160 639 170
1173 607 1361 652 Animosque
1370 613 1500 656 venitis]
1515 615 1643 657 Figura
1654 617 1752 650 Gre-

1054 665 1096 688 ca
1111 661 1174 691 est.
1208 659 1265 691 Illi
1280 662 1367 693 enim
1384 661 1503 696 dicunt
1515 674 1526 706 ς
1539 665 1551 684 ⁴
1562 665 1657 706 yenit
1667 666 1752 700 doc·

1054 711 1108 740 tus
1123 710 1346 751 sapientiam.'
1375 714 1475 748 Idem.

1097 762 1158 791 174
1187 761 1327 803 Visisque
1351 764 1436 796 inter
1455 766 1538 808 sese]
1557 765 1752 809 Corruptus

1053 806 1205 841 litterula
1233 811 1327 843 loeus
1355 815 1535 847 sententia
1557 815 1642 849 facit
1667 823 1750 849 noc-

1054 861 1135 890 tem.
1145 869 1246 900 quam
1259 860 1357 894 facile
1368 862 1538 906 dispelles,
1546 866 1588 907 si,
1601 871 1640 900 ut
1651 875 1749 909 repo-

1053 908 1116 944 sui,
1143 909 1249 951 legas,
1272 911 1390 953 visique
1403 913 1487 946 inter
1506 924 1584 956 sese,
1609 925 1673 949 nee
1686 917 1750 949 du·

1052 956 1157 994 bium,
1186 960 1266 1000 quin
1295 960 1456 1002 Papinius
1483 963 1534 996 ita
1561 965 1749 1007 scripserit.

1051 1007 1201 1040 Bernart.

1095 1060 1156 1088 176
1181 1059 1211 1089 0
1237 1069 1328 1100 quam
1351 1063 1382 1093 te
1402 1063 1546 1105 parcum]
1569 1065 1688 1098 Ordo:
1711 1066 1750 1099 0

1050 1116 1149 1148 quam
1176 1113 1210 1141 te
1236 1119 1373 1151 parcum
1395 1114 1502 1153 agitat
1522 1125 1616 1147 mens
1637 1112 1749 1150 rnatu-

1050 1167 1086 1188 ra
1108 1158 1142 1189 in
1165 1161 1336 1199 praeeouia
1358 1161 1456 1194 famae
1481 1165 1575 1196 tum?
1602 1165 1680 1198 Hae
1693 1171 1748 1199 est

1051 1207 1181 1248 pudore
1195 1209 1298 1241 nimio
1315 1212 1493 1252 plurimum
1507 1215 1575 1247 tuis
1587 1215 1749 1249 laudibus

1049 1257 1210 1290 detrahis.
1233 1260 1428 1294 Lactantius.

1093 1309 1154 1339 178
1181 1309 1314 1351 Domus]
1331 1311 1417 1344 Quae
1429 1313 1517 1346 solet
1528 1314 1611 1346 alios
1626 1323 1748 1355 secuu-

1049 1355 1100 1387 dis
1123 1357 1225 1389 rebus
1249 1361 1429 1393 extollere.
1472 1363 1657 1404 Virgilius:
1679 1366 1747 1398 ‘Et

1047 1415 1183 1438 servare
1200 1409 1334 1440 modum
1358 1411 1460 1443 rebus
1475 1413 1610 1445 sublata
1624 1423 1747 1447 secun-

1049 1455 1124 1487 dis!
1170 1458 1230 1489 Cui
1245 1459 1326 1491 cedit
1339 1460 1512 1504 Adrastus]
1528 1463 1666 1506 Quippe
1677 1473 1751 1507 quo

1047 1506 1159 1538 nullus
1173 1508 1283 1548 potior
1298 1509 1481 1544 invenitur.
1506 1512 1604 1545 Idem.

1091 1558 1153 1589 179
1176 1557 1321 1600 Sicyonis
1356 1559 1464 1601 acieae]
1501 1561 1554 1593 De
1575 1563 1747 1604 Sicyoniis

1046 1614 1115 1637 non
1128 1607 1211 1638 satis
1226 1609 1434 1641 conveniunt
1448 1611 1642 1651 scriptores.
1665 1611 1746 1645 1³10.-

1045 1655 1141 1696 rique
1159 1656 1302 1696 primum
1318 1658 1351 1688 in
1367 1668 1407 1689 ea
1422 1658 1563 1699 regione
1578 1660 1743 1702 AEgileum

1046 1704 1238 1745 indigenam
1274 1706 1430 1739 extitisse
1463 1716 1743 1752 commemorant,

1047 1758 1149 1796 atque
1165 1764 1206 1786 eo
1228 1761 1393 1796 regnante
1416 1766 1489 1788 eam
1512 1758 1744 1800 Peloponnesi

1047 1809 1190 1845 partem,
1206 1815 1281 1846 quse
1298 1805 1449 1846 AEgilaus
1465 1806 1605 1849 dicitur,
1619 1818 1742 1842 nomen

1044 1855 1237 1895 sumpsisse,
1253 1859 1356 1896 atque
1376 1856 1468 1887 illurn
1482 1857 1618 1898 quidem
1641 1859 1743 1900 plano

1043 1903 1119 1935 loco
1148 1904 1326 1945 oppidum,
1350 1906 1404 1937 cui
1433 1906 1585 1948 AEgialeo
1609 1918 1745 1951 nornen,
1810 1918 1813 1920 ·

1031 1954 1256 1996 condidisse:
1280 1956 1496 1988 successione
1511 1959 1743 1991 verovenisse

1044 2013 1184 2045 reguum
1199 2004 1241 2035 ad
1267 2006 1494 2038 Lamedonem
1518 2006 1689 2049 Apollinis
1705 2013 1741 2041 et

1045 2054 1260 2095 Chrysortliae
1276 2055 1400 2087 filium:
1422 2057 1511 2089 huuc
1524 2057 1611 2090 bello
1622 2064 1743 2092 contra

1043 2102 1185 2136 Achaeos
1209 2109 1382 2146 suscepto,
1397 2114 1440 2137 ex
1457 2106 1575 2139 Attica
1589 2107 1667 2140 belli
1683 2119 1742 2150 ge·

1043 2154 1140 2186 rendi
1156 2155 1282 2187 socium
1303 2156 1481 2197 Sicyonem
1505 2157 1594 2200 (sive
1612 2160 1742 2193 Erech-

1043 2203 1112 2235 thei
1128 2203 1245 2245 filium,
1268 2210 1307 2236 ut
1322 2205 1494 2238 Hesiodus
1508 2207 1638 2249 voluit;
1667 2210 1741 2242 sive

1043 2255 1203 2295 Eupipei,
1229 2255 1279 2287 uti
1310 2255 1382 2297 alii)
1404 2256 1469 2288 sibi
1502 2260 1738 2300 assumpsisse.

1042 2303 1135 2335 Data
1161 2304 1192 2336 ei
1219 2304 1253 2335 in
1281 2305 1530 2343 matrimonium
1558 2307 1742 2350 Zeuxippo

1042 2352 1130 2387 filia:
1155 2363 1176 2386 a
1191 2363 1256 2396 quo
1268 2357 1389 2395 postea
1399 2355 1471 2396 jam
1484 2365 1590 2398 regno
1601 2357 1743 2403 adepto,

1042 2408 1078 2435 et
1101 2405 1193 2445 regio
1218 2409 1290 2436 tota
1314 2404 1486 2446 Sicyonia,
1508 2410 1544 2438 et
1567 2407 1647 2440 urbs
1663 2418 1738 2450 qum

1040 2457 1142 2485 antea
1164 2453 1315 2494 AEgialae,
1329 2452 1396 2484 fuit
1417 2454 1543 2496 Sicyon
1562 2464 1739 2499 nuncupa.-

1042 2507 1088 2535 ta.
1131 2502 1267 2543 Sicyoni
1285 2502 1557 2545 Chithonoplryle
1571 2504 1642 2538 filia
1662 2505 1740 2547 fuit,

1040 2562 1116 2593 quse
1141 2561 1185 2584 ex
1211 2551 1384 2584 Mercurio
1404 2552 1575 2594 Polybum
1590 2556 1740 2597 peperit.

1043 2603 1108 2634 Hic
1125 2602 1358 2643 Lysianassam
1374 2601 1478 2634 filiam
1492 2603 1608 2646 Talao,
1632 2605 1736 2643 Bian—

1038 2653 1083 2685 tis
1107 2651 1308 2692 Argivorum
1323 2651 1412 2692 regis
1427 2651 1510 2689 filio,
1525 2654 1670 2687 locavit:
1691 2666 1736 2688 ex

1039 2711 1107 2744 qua
1130 2701 1256 2733 deinde
1278 2707 1377 2733 natus
1400 2700 1584 2743 Adrastus,
1598 2705 1656 2746 qui
1670 2704 1735 2738 Ar·

1037 2751 1088 2793 gis
1118 2751 1246 2791 ejectus
1278 2750 1324 2782 ad
1349 2751 1519 2792 Polybum
1551 2753 1733 2796 Sicyonem

1037 2800 1205 2844 confugit,
1228 2810 1336 2844 eoque
1358 2806 1491 2835 mortuo
1504 2805 1735 2848 regnumipsu
