1878 3164
216 228 218 230 ’
282 210 395 252 1812

281 322 349 351 tur.
392 317 461 350 Sed
488 321 601 350 utrum
629 317 694 349 hoc
724 317 768 349 ad
791 316 980 349 Etheoclen

233 381 243 390 ·
281 367 403 408 refert,
415 369 485 410 qui,
500 367 579 410 quia
589 368 774 399 sceleratus
789 371 853 405 est,
867 365 981 407 Tyde-

281 429 339 451 um
355 419 476 450 timet?
498 427 540 450 an
564 417 605 449 ad
631 418 707 448 illos
724 417 983 458 quinquaginta,

283 477 365 510 quos
392 467 469 499 ideo
496 471 691 509 paraverat,
718 467 797 508 quia
818 465 983 496 timebat?

280 517 430 557 denique
446 517 512 548 hoc
527 516 690 558 sequitur.
738 515 820 546 Exit
840 515 875 546 in
889 524 983 546 unum

282 567 391 608 Plebs]
405 567 495 600 Quia
506 567 635 598 insidiis
648 566 814 607 agitur-,et
828 565 891 598 hoc
905 565 982 597 ideo

282 617 450 656 timidum,
461 621 500 648 ut
509 617 552 648 sit
564 617 753 657 catalogus:
769 615 855 657 plebs
870 620 982 648 autem

282 667 385 707 dixit,
399 672 439 699 ut
460 667 623 699 invidiam
648 676 827 698 numeroso
844 666 907 699 hoc
923 676 982 698 no-

281 717 373 748 mine
410 722 643 757 compararen
693 717 772 748 Exit
806 717 840 748 in
876 715 984 757 unium]

283 765 374 799 Quia
391 765 502 797 scelus
528 766 737 798 commissuri
761 766 861 807 pauci
885 767 983 799 time-

282 816 378 852 bant,
402 815 532 847 idcirco
555 817 669 857 plures
685 821 890 848 armaverat.
934 816 984 848 At

282 869 403 897 contra
418 865 515 896 unius
530 865 640 907 Tydei
656 870 762 907 caput
781 866 878 908 plebs
887 867 982 908 jura-

284 919 320 947 ta
337 916 523 957 consurgit.
546 915 693 948 Lactant.

326 969 390 999 492
415 965 543 998 Crebris
556 966 707 998 arietibus
721 966 823 1008 urbis]
841 967 984 999 Frustra

283 1020 428 1048 excusat
453 1016 653 1048 Bernartius
670 1017 882 1058 Virgiliano:
908 1017 983 1049 ‘In-

283 1070 409 1098 texunt
429 1065 543 1097 abiete
566 1065 699 1097 costas!
744 1067 830 1099 Quis
852 1075 921 1098 non
937 1066 984 1097 vi-

284 1115 346 1147 det
368 1114 621 1146 differentiam?
646 1115 788 1147 Accedo
811 1116 930 1158 igitur,
943 1117 983 1148 li-

283 1169 339 1196 cet
368 1164 483 1196 invitis
510 1164 662 1196 omnibus
690 1165 795 1205 libris,
820 1166 983 1206 Grutero,

284 1216 342 1258 qni
356 1215 513 1257 conjicit:
538 1215 654 1248 crebris
667 1217 863 1249 arietatibus.
895 1217 984 1249 Nam

284 1267 373 1308 quod
389 1270 576 1298 contractas
600 1271 670 1298 tres
688 1267 818 1307 priores
842 1267 984 1308 syllabae

282 1317 318 1348 in
334 1316 417 1348 duas
433 1320 548 1348 tamen
562 1316 683 1348 breves
699 1321 885 1358 ponuntur,
900 1317 985 1349 fecit

284 1366 377 1399 idem
406 1367 440 1397 in
469 1368 479 1385 ‘
496 1365 653 1398 tenuior!
683 1371 722 1398 ut
752 1367 787 1397 in
815 1367 959 1398 Soteriis
974 1377 983 1398 ι

286 1417 298 1435 ‘
312 1417 447 1458 Sperne
471 1417 535 1448 coli
553 1417 708 1448 tenuiore
725 1417 821 1459 lyra.'

285 1467 457 1499 stituimus
473 1467 564 1499 alibi.
589 1467 729 1499 Gronov.

328 1520 393 1550 496
416 1518 494 1549 Fert
508 1518 562 1548 via
583 1524 643 1558 per*
659 1518 782 1558 dumos]
816 1517 894 1549 Hoc
920 1522 987 1558 est,

285 1568 382 1600 ducit
399 1569 454 1599 via
476 1567 751 1609 compendiosior
766 1568 898 1599 latente
919 1568 986 1599 cal-

285 1619 330 1650 le.
346 1622 383 1650 nt
397 1618 559 1658 Virgilius
574 1628 582 1648 :
599 1622 607 1636 ⁸
622 1617 694 1649 Olli
712 1627 773 1658 per
788 1618 905 1649 dumos
921 1627 988 1659 qua

286 1668 443 1710 proxima
466 1673 558 1699 meta
587 1668 717 1699 viarum
748 1667 882 1700 Armati
912 1673 987 1700 ten·

286 1718 395 1751 dunt.'
417 1718 565 1750 Lactant.

329 1770 392 1799 498
415 1768 511 1798 Lecta
532 1767 613 1798 dolis
634 1767 734 1808 sedes]
772 1766 869 1798 Sedes
891 1767 987 1799 locus

286 1817 345 1848 nbi
360 1817 548 1857 subsidere,
562 1816 722 1857 insidere,
735 1820 771 1848 et
783 1816 921 1848 insidias
938 1816 988 1848 ef-

285 1866 391 1899 ficere
406 1867 582 1899 commode
599 1871 750 1907 possent.
793 1867 849 1898 Sic
867 1869 876 1885 ‘
888 1867 987 1899 sedes

287 1916 390 1949 bell‘i’
414 1917 504 1958 apud
530 1918 700 1948 Lucanum
725 1916 783 1948 lib.
803 1925 844 1948 n.
888 1917 988 1948 Unde

287 1972 323 2000 et
339 1968 515 2000 commode
528 1968 562 1998 in
577 1968 709 1999 hostem
724 1967 865 2006 moveri,
879 1971 915 1998 et
931 1967 988 1999 ubi

287 2019 398 2050 latere
426 2017 597 2049 exercitus
624 2021 759 2058 posset:
787 2017 797 2034 ‘
812 2016 898 2048 Haec
915 2017 986 2057 pla-

288 2069 362 2099 cuit
380 2067 462 2098 belli
477 2066 595 2106 sedes,'
609 2069 674 2098 διο.
720 2066 776 2098 Sic
801 2067 810 2084 ‘
827 2066 924 2097 sedes
940 2066 988 2098 la-

288 2116 444 2149 tronum'
475 2116 564 2157 apud
592 2116 812 2156 Appuleium.
855 2120 864 2134 ·
878 2115 987 2148 Sedes

288 2167 531 2199 sceleratorum
543 2166 550 2179 '
581 2165 672 2206 apud
703 2167 902 2197 Ciceronem
927 2175 988 2207 pro

288 2216 461 2254 Cluentio,
476 2215 518 2247 de
533 2215 617 2246 locis
632 2214 849 2246 infernalium
873 2224 988 2255 ptena-

288 2275 373 2297 rum.
397 2264 569 2304 Malignis]
587 2265 715 2295 Fauces
732 2264 903 2305 malignas,
919 2273 987 2295 non

287 2315 407 2347 faciles
422 2315 524 2346 evadi-
538 2315 667 2346 laxiore
689 2314 798 2355 aditu,
813 2324 912 2356 quam
930 2323 987 2345 ex-

287 2366 351 2397 itu.
407 2364 502 2405 Aptae
517 2364 664 2405 malitiae]
700 2365 811 2397 Gloss.
827 2369 863 2396 et
878 2364 988 2397 Schol.

288 2416 369 2446 Vet.
392 2414 448 2446 Sic
462 2416 472 2431 ‘
487 2414 632 2455 maligna
647 2414 730 2454 lux,’
747 2414 882 2445 minime
899 2423 988 2446 com·

289 2465 389 2496 moda
406 2469 443 2495 ut
458 2464 585 2496 debeat
600 2473 685 2496 esse.
717 2464 840 2504 Papin.
858 2464 918 2495 lib.
934 2473 986 2495 ιν.

287 2514 297 2532 ‘
309 2515 514 2556 Vacunsque
525 2515 659 2546 silentia
671 2519 783 2546 servat
796 2514 939 2552 Horror,
951 2520 987 2546 et

288 2565 436 2595 exclusae
466 2565 572 2605 pallet
602 2565 691 2596 mala
722 2564 822 2596 Lucis
850 2563 986 2605 imago!

290 2615 410 2645 Barth.

331 2667 394 2695 504
414 2666 594 2705 Importuna
607 2664 744 2706 crepido]
760 2664 901 2700 Feralis,
915 2664 986 2696 lnc-

290 2719 411 2754 tuosa;
433 2719 549 2746 contra
573 2724 729 2755 campum
745 2714 887 2755 crepido
903 2717 988 2754 erat,

290 2763 326 2795 id
341 2768 393 2796 est
410 2773 526 2796 saxum
543 2763 706 2796 eminens.
750 2763 878 2796 Saxum
904 2763 987 2796 illud

864 1419 909 1449 Et
932 1427 985 1450 re-

735 218 876 250 NOTAE
911 217 1171 249 VARIORUM
1209 218 1259 249 IN

1032 315 1118 348 dicit
1133 316 1167 347 in
1183 325 1251 358 quo
1267 315 1397 358 Sphinx
1413 314 1502 347 fuiti
1524 312 1564 347 et'
1574 319 1730 357 quem·

1031 366 1111 397 dum
1141 371 1254 398 utrum
1270 367 1476 408 'importunum
1505 364 1728 409 execrandum·

1032 417 1180 458 dixerit3
1205 429 1246 450 an
1270 419 1459 459 importuna,
1478 426 1545 449 non
1568 414 1731 458 conveni·

1033 477 1090 499 ens
1104 478 1112 499 :
1139 469 1216 509 quia
1229 479 1271 500 ex
1287 469 1361 510 ipso
1376 477 1457 500 saxo
1473 466 1605 499 insidias
1622 463 1731 500 videri

1033 522 1191 558 poterant
1205 522 1417 559 proeparatae.
1442 517 1589 548 Luceant.

1075 568 1136 598 505
1161 566 1310 606 Hicfera
1325 565 1490 609 quondam]
1511 565 1664 608 Sphinga
1680 565 1732 597 di-

1033 615 1094 656 cit,
1110 626 1186 658 quae
1211 617 1245 648 in
1271 617 1334 649 hoc
1360 616 1541 659 aliquando
1557 614 1733 648 insederat

1033 675 1130 698 saxo.
1154 666 1252 698 Idem.

1076 720 1140 748 506
1161 718 1278 748 Erecta
1304 717 1416 758 genas]
1453 717 1596 748 Erectus
1627 721 1731 756 genus

1031 765 1173 800 habens.
1197 766 1298 799 Idem.

1076 820 1140 849 507
1160 817 1337 858 Conco-etis]
1351 816 1513 850 Solidatis
1525 820 1562 848 et
1576 816 1612 848 in
1622 814 1731 848 ‘nuum

1035 866 1185 899 redactis
1224 867 1431 900 abnndantia
1461 866 1658 908 sanguini„
1693 870 1733 905 ut

1001 920 1003 924 ’
1032 917 1213 958 Virgilius:
1248 919 1459 951 ‘Concretos
1483 917 1646 959 sanguine
1665 914 1733 950 cri·

1033 967 1119 999 nes.’
1144 968 1244 1000 Idem.

1075 1020 1139 1048 510
1157 1017 1348 1049 Concurrere
1359 1016 1466 1058 dictis]
1483 1017 1562 1050 Non
1571 1024 1674 1049 unum
1688 1013 1733 1062 αξ

1033 1065 1147 1107 nigma
1167 1066 1217 1098 illi
1239 1065 1346 1098 fuisse
1369 1069 1542 1099 testantur
1563 1070 1732 1098 auctores.

1035 1116 1163 1157 Σφίγγα
1197 1116 1342 1155 κελαινὴν
1378 1121 1479 1149 vocat
1515 1116 1734 1158 Lycophron‚

1035 1167 1123 1208 quod
1155 1166 1317 1205 σκοτεινὴν
1342 1166 1391 1199 διὰ
1418 1165 1491 1199 τοὺς
1516 1163 1626 1207 φόνους
1647 1164 1669 1204 ἡ
1694 1166 1735 1198 τὰ

1035 1215 1200 1256 αἰνίγματα
1221 1216 1464 1258 interpretatur
1486 1216 1614 1248 Isaciun
1631 1213 1734 1248 Τιρί-

1035 1277 1103 1299 zes.
1149 1268 1158 1285 ‘
1175 1267 1380 1308 Inexplicita
1405 1265 1521 1298 dicta'
1545 1273 1612 1307 npn
1638 1265 1735 1298 inex·

1035 1316 1209 1358 plicabilia
1252 1317 1500 1357 interpretatur
1544 1317 1734 1356 glossogra-

1036 1366 1133 1408 phus.
1178 1366 1335 1406 AEnigrna
1362 1374 1480 1398 verum
1508 1364 1622 1407 prodit
1643 1361 1735 1397 Pan-

1041 1417 1152 1448 sanias
1168 1426 1177 1447 :
1193 1418 1201 1434 ‘
1215 1416 1392 1448 Traditum
1409 1416 1483 1456 est:
1498 1415 1622 1457 inquit,
1638 1415 1648 1434 ⁴
1659 1414 1735 1447 Lali

1043 1466 1180 1497 notham
1195 1465 1299 1497 fuisse
1311 1465 1494 1507 Sphingem
1507 1464 1624 1505 filiam,
1634 1474 1734 1507 quam

1037 1517 1146 1548 Pater
1162 1516 1359 1556 Oraculum,
1382 1515 1472 1557 quod
1489 1515 1634 1559 Delphis
1648 1513 1735 1547 ead-

1037 1575 1111 1597 mus
1127 1569 1324 1607 acceperat,
1338 1573 1400 1606 pro
1415 1573 1476 1597 sua
1486 1565 1526 1610 ‘in
1541 1563 1616 1597 eam
1631 1562 1736 1597 bene-

1038 1615 1202 1654 volentia,
1213 1615 1416 1647 edocuisset.
1440 1614 1491 1647 Eo
1503 1613 1638 1657 quidem
1649 1614 1736 1648 tem·

1037 1674 1121 1706 pore
1137 1665 1218 1696 nihil
1230 1664 1321 1696 aliud
1336 1664 1458 1706 Reges,
1473 1673 1573 1706 quam
1585 1663 1676 1707 quod
1692 1673 1736 1697 ex

1038 1716 1175 1746 oraculo
1187 1715 1437 1755 cognovissent,
1452 1723 1513 1755 pro
1525 1718 1621 1747 cerlo
1630 1712 1735 1747 habe·-

1039 1773 1076 1795 re
1091 1763 1257 1795 solebant.
1295 1764 1440 1797 Quoties
1456 1764 1575 1806 itaque
1590 1764 1633 1796 de
1650 1762 1737 1807 Reg-

1039 1823 1082 1846 no
1098 1819 1187 1846 esset
1211 1814 1459 1855 controversia,
1477 1814 1521 1845 ad
1536 1813 1734 1856 Sphingem,

1040 1865 1238 1897 consulendi
1274 1875 1388 1906 causa,
1417 1863 1553 1897 finitimi
1586 1864 1734 1898 ventita—

1039 1915 1135 1947 bant.
1181 1915 1291 1946 Fuere
1308 1916 1390 1947 Laio
1406 1918 1449 1947 'ex
1465 1914 1644 1957 pellicibus
1661 1912 1734 1949 filli:

1040 1965 1107 1996 Sed
1121 1974 1316 2006 responsum
1331 1965 1412 1996 illud
1427 1964 1544 2006 Pythii
1556 1964 1736 2007 Apollinis,

1039 2015 1210 2055 Epicastae
1227 2019 1357 2047 tautum
1370 2019 1406 2046 et
1422 2014 1550 2055 liberis,
1562 2024 1644 2056 quos
1659 2014 1738 2048 Laia

1038 2074 1078 2095 us
1110 2074 1153 2095 ex
1183 2074 1225 2095 ea
1252 2069 1470 2104 susceperat,
1497 2069 1614 2096 notum
1641 2065 1735 2098 aiunt

1039 2113 1155 2145 fuisse.
1198 2113 1229 2145 A
1254 2113 1404 2155 Sphinge
1429 2117 1543 2146 autem
1564 2113 1642 2147 dolo
1663 2112 1735 2147 frass

1040 2168 1108 2195 tres
1139 2163 1187 2194 ita
1215 2163 1482 2203 circumventos,
1511 2166 1550 2194 ut
1578 2172 1622 2195 ex
1650 2164 1735 2206 ipsis

1039 2218 1224 2256 quaereret,
1238 2222 1315 2245 num
1330 2213 1446 2246 datum
1457 2211 1588 2245 Cadmo
1597 2208 1737 2254 respexi}

1040 2274 1124 2303 sum,
1139 2263 1166 2294 si
1184 2263 1257 2294 Laii
1271 2263 1331 2294 filil
1346 2264 1474 2304 essent,
1490 2263 1660 2304 cognitum
1677 2262 1734 2294 lua-⁵

1039 2313 1179 2345 herent:
1217 2312 1308 2354 quod
1339 2312 1368 2344 si
1397 2316 1594 2354 negassent,
1618 2312 1733 2354 eapite

1039 2368 1097 2395 eos
1121 2362 1234 2394 statim
1258 2361 1518 2404 condemnabat,
1531 2371 1573 2394 eo
1598 2361 1734 2395 scilieet

1037 2412 1190 2453 crimine,
1206 2412 1297 2454 quod
1314 2421 1381 2443 non
1397 2417 1514 2445 essent
1536 2420 1637 2445 exea
1652 2421 1734 2455 gen·
1752 2422 1755 2423 ⁷

1038 2469 1085 2504 te,
1100 2464 1141 2495 ad
1152 2473 1251 2505 qnam
1263 2469 1416 2504 regnum,
1427 2462 1470 2495 de
1482 2473 1549 2505 qno
1561 2463 1736 2505 disc-epta-

1038 2514 1132 2555 bant,
1161 2514 1362 2554 pertineret.
1403 2513 1546 2545 Venisse
1574 2521 1657 2545 vero
1689 2511 1733 2545 ad

1036 2565 1128 2598 illam
1142 2563 1316 2604 OEdipum,
1332 2572 1376 2595 ex
1389 2563 1532 2605 quodam
1548 2562 1675 2596 somnio
1690 2562 1734 2596 de

1037 2614 1187 2646 Oraculo
1202 2611 1382 2644 edoctum!
1403 2612 1520 2644 Barth.

1078 2663 1142 2695 517
1165 2662 1240 2694 Heu
1261 2662 1361 2694 simili
1382 2663 1530 2704 deprensa
1550 2661 1635 2703 viro]
1665 2658 1734 2693 vel

1037 2719 1106 2746 tam
1136 2712 1274 2753 callido,
1295 2713 1347 2745 vel
1370 2717 1439 2745 tam
1461 2712 1643 2753 scelerato,
1666 2711 1732 2744 hoc

1037 2769 1102 2805 est,
1117 2763 1248 2796 crudeli
1260 2762 1454 2806 parricidae',
1463 2763 1586 2795 matris
1598 2761 1734 2803 murno,
