1878 3164
0 316 17 559 ἓ

445 228 484 260 P.
517 217 707 258 PAiuNn
741 220 909 256 s'rA'rir
940 225 1085 255 rnen,
1120 223 1212 255 mn.
1250 224 1335 254 vn.

199 325 267 359 m
288 322 446 366 AEenaeos]
471 323 626 357 Nimius:
653 322 686 353 in
703 321 862 353 similitu-

158 374 275 409 dinem
296 375 405 408 AEtnae
418 373 615 406 fulminatus
630 377 685 404 est
702 371 860 412 Asopus:

157 431 196 460 et
210 426 286 468 ipsa
299 435 387 468 aqna
401 423 496 458 efflat
512 424 623 456 adbuc
637 421 787 455 fulminis
801 422 862 454 mi-

156 485 230 510 nas.
244 476 353 509 rIdem.

199 526 266 559 830
286 524 459 571 Ithonoeoe]
473 525 523 558 Ut
537 524 612 568 ipse
624 534 746 566 supra:
771 523 861 555 ‘Ao-

155 577 214 610 nio
228 576 371 610 divertis
386 575 535 609 Ithone.'
578 576 619 608 In
635 585 704 618 qua
718 575 862 607 Ithonus

155 627 327 670 regnavit,
339 627 500 659 Herculis
514 626 616 659 filins.
642 626 730 658 Haec
742 626 862 658 civitas

154 677 304 711 noeouae
316 683 381 710 est.
402 678 494 711 Hinc
502 678 720 711 Bacchilides
731 677 862 708 Miner-

156 737 232 762 vam
247 728 408 761 Iasonium
420 728 519 766 dixit,
530 733 568 761 et
580 728 801 761 Alcomenem
813 729 863 769 ip*-

155 789 233 812 sam
241 779 421 822 significat.
437 789 536 823 quem
552 780 705 812 imitatus
721 784 775 811 est
789 779 861 811 Ho-

157 829 266 863 ratius
296 831 331 863 in
357 831 414 863 illa
441 831 520 871 ode,
549 831 584 863 in
612 841 680 873 qua
713 830 862 862 Proteus

154 879 270 924 Trojae
281 879 434 914 futurum
450 886 567 914 narrat
579 880 763 913 excidium.
784 881 836 913 Id.

195 933 263 967 ⁸81
289 931 377 969 Quos
389 931 496 973 Mide]
519 931 666 964 Boeotiae
683 931 805 963 civitas
827 931 862 962 iu

155 990 228 1025 qua>
249 981 414 1014 Alcmena
434 986 514 1014 nata
535 986 602 1021 est,
618 981 780 1014 Herculis
795 990 864 1014 ma-

156 1035 223 1070 ter,
239 1036 276 1065 et
291 1032 327 1065 in
349 1041 417 1075 qua
430 1032 535 1065 etiam
549 1032 676 1065 colitur
690 1032 862 1066 Minerva.

197 1126 265 1166 88'2
285 1134 420 1176 Aulida]
443 1133 541 1167 Aulis
563 1134 658 1167 dicta
680 1138 733 1166 est
748 1144 792 1166 ex
809 1144 862 1172 eo,

157 1185 239 1228 quia
253 1194 371 1218 omnes
385 1185 456 1218 illic
472 1186 618 1218 Graeciae
634 1194 733 1226 reges
754 1186 788 1217 in
804 1195 864 1217 ex·

155 1235 280 1268 cidinrn
309 1236 424 1278 Trojae
453 1236 667 1278 conjuraturi
697 1245 869 1268 convene-

156 1291 258 1319 rant:
297 1287 389 1319 unde
417 1287 514 1329 virg.
558 1289 569 1306 ⁴
589 1288 668 1320 Non
697 1297 763 1329 ego
786 1297 864 1320 cum

147 1332 291 1382 ,Danais
311 1337 495 1379 Trojanam
518 1337 705 1371 excindere
728 1343 872 1380 gentem

157 1386 285 1420 Aulide
290 1387 432 1429 juravi:
453 1388 600 1430 Pluteos]
612 1389 757 1421 Boeotiae
769 1389 867 1429 urbs,

158 1441 200 1472 ut
223 1447 341 1480 snpra,
364 1438 376 1458 ‘
396 1438 540 1472 nunciat
561 1439 717 1472 excubiis
746 1439 866 1481 vigiles

159 1489 285 1522 arsisse
298 1489 463 1522 plateas?
482 1490 583 1523 Idem.

200 1543 269 1574 833
306 1540 516 1583 kefin-amque
553 1544 660 1573 meatu
694 1540 867 1582 Euripum]

159 1592 269 1626 Maris
293 1602 372 1634 pars
393 1592 484 1626 inter
503 1592 666 1626 Aulidem
681 1596 719 1624 et
741 1592 867 1624 Euboe-

159 1653 214 1678 am
228 1643 386 1686 insulam,
401 1647 442 1676 ut
467 1653 586 1676 omnes
614 1643 741 1684 sciunt,
764 1653 868 1684 quam

156 1693 286 1737 septies
297 1693 357 1726 die
367 1703 410 1726 ac
416 1698 520 1726 nocte
531 1693 763 1735 reciprocare,
774 1693 868 1725 Stra-

158 1745 216 1789 bo,
230 1745 359 1788 aliique
370 1744 569 1785 undidere3
584 1743 645 1777 sed
658 1744 700 1776 ab
714 1743 755 1775 iis
772 1753 867 1775 rece-

158 1795 213 1830 dit
227 1795 367 1828 Livius:
389 1795 401 1815 ⁸
417 1796 465 1828 Et
479 1794 606 1828 fretum
623 1795 733 1837 ipsum
748 1794 868 1836 Euripi

158 1845 431 1890 (iuquiens)·non
446 1846 578 1888 septies
591 1844 760 1888 die,sicut
775 1843 869 1877 fama

156 1897 240 1940 fert,
269 1897 483 1940 temporibus
509 1896 610 1929 statis
645 1895 867 1937 reciprocat:

156 1948 219 1983 sed
232 1953 366 1982 temere
379 1949 412 1980 in
426 1948 562 1981 modum
578 1947 686 1988 venti,
699 1956 790 1979 nnnc
803 1947 869 1979 buc

129 2042 137 2045 ⁷
159 1999 355 2033 nune-illuc
383 2009 482 2032 verso
509 1998 609 2039 mari,
638 1998 732 2030 velut
761 1998 869 2030 monti

160 2049 337 2092 ptaeclpiti
352 2048 539 2083 devolutus
547 2054 697 2090 torrens,
713 2049 870 2091 rapitur!

161 2100 212 2135 D.
241 2100 429 2142 Gregorius
453 2100 694 2133 Nazianzenus
723 2099 871 2132 tradidit

161 2150 403 2192 Aristotelem,
413 2160 490 2184 eum
503 2161 572 2183 non
586 2154 702 2193 posset
711 2155 871 2183 naturam

162 2201 292 2244 Euripi·
325 2201 549 2242 investigare,
583 2200 689 2233 taedio
724 2200 874 2233 animam

163 2251 309 2286 efflasse.
355 2252 430 2284 Imo
443 2252 574 2286 Justini
589 2252 751 2294 martyris
775 2253 873 2285 testi-

162 2303 292 2344 monio,
307 2313 344 2335 se
359 2303 395 2335 in
411 2302 619 2344 profundum
639 2296 731 2335 illius
751 2303 873 2344 praeci-

163 2353 292 2395 pitans,
306 2353 482 2385 demersus
493 2358 558 2385 est.
587 2352 637 2384 At
651 2353 733 2384 nihil
750 2352 793 2386 de
807 2353 873 2386 hac

163 2412 203 2436 re
225 2402 390 2436 Amonius
417 2403 471 2435 vel
492 2402 665 2435 Laertius.
708 2403 872 2436 Ceterum

163 2457 203 2486 tu
220 2454 280 2496 qui
305 2454 340 2485 in
364 2453 491 2486 litteris
514 2459 605 2495 tyro,
629 2453 730 2495 scito,
748 2454 759 2470 ⁴
775 2454 874 2486 Euri-

164 2503 268 2547 pum’
290 2508 426 2536 veteres
453 2505 581 2545 saepius
609 2513 670 2545 pro
697 2503 789 2536 fossa
812 2514 874 2546 po-

165 2562 263 2595 nere,
275 2564 344 2596 qua
365 2553 439 2586 ludi
453 2554 744 2586 circundabantur
757 2559 874 2596 septo-

166 2614 243 2638 rum
266 2605 365 2646 loco;
385 2605 533 2638 exaudio
554 2605 605 2638 ita
625 2605 875 2638 Tertullianum

165 2655 334 2688 adversus
363 2655 640 2697 Hermogenem:
677 2656 795 2688 ‘Ecce
817 2665 874 2688 au-

168 2710 240 2740 tem
264 2706 295 2738 si
313 2706 439 2746 dicam,
455 2707 579 2739 civitas
601 2707 759 2739 extruxit
779 2707 875 2739 thea-

169 2761 262 2790 trum
291 2761 330 2790 et
355 2757 498 2798 circum,
528 2766 630 2790 scena
657 2761 772 2790 autem
799 2762 877 2790 erat

170 2807 309 2842 tulis—et
330 2808 422 2851 talis,
449 2811 486 2841 et
506 2812 631 2841 stamoe
656 2817 761 2851 super
787 2808 875 2842 euri·

1507 213 1627 255 1923·

915 329 996 361 pum
1013 323 1048 351 et
1070 319 1240 351 obeliscus
1266 326 1371 359 super
1395 317 1509 349 omnia
1532 318 1623 350 fere-

916 370 1041 403 batur.'
1084 370 1160 402 Imo
1188 379 1252 410 pro
1278 367 1389 400 canali
1425 377 1483 399 seu
1514 367 1628 400 ductu*

916 431 1080 463 aquarum
1090 420 1299 453 salientium.
1316 418 1449 451 Plinius
1461 419 1496 449 in
1509 418 1623 460 Epist.

914 473 924 490 ⁸
940 472 1197 513 Quid,euripus
1214 470 1334 503 viridis
1355 474 1393 501 et
1414 469 1624 511 gemmeus?

916 523 1070 556 Bernart.

959 578 1023 607 334
1049 575 1179 616 Quaque
1201 574 1313 606 ultima
1337 572 1456 614 tractu]
1490 574 1621 605 Locum

916 625 1243 658 deformatissimum
1258 635 1277 656 e
1291 625 1443 666 scriptis,
1459 634 1479 655 a
1497 624 1620 666 quibus

917 678 1078 710 recedere
1092 679 1127 710 in
1141 677 1323 709 manifesta
1333 677 1488 709 bonitate
1500 677 1629 718 religio·

915 728 972 769 sit,
997 729 1189 761 restituisse
1211 729 1260 760 sic
1283 727 1449 769 praefatur
1471 727 1632 759 Bernar--

915 779 995 821 tius,
1009 785 1045 811 et
1061 778 1495 820 polliceturjiisjurandum
1508 778 1623 810 verbis

916 830 1208 872 conceptissimis,
1236 831 1286 862 ita
1314 830 1490 872 scripsisse
1517 830 1623 872 Papi-

915 881 1021 913 nium.
1066 880 1117 913 At
1142 890 1208 922 ego
1238 881 1384 922 injurato
1413 880 1495 912 mihi
1525 879 1629 912 credi*

915 932 1030 973 velim,
1041 931 1171 963 nullum
1184 931 1265 963 mibi
1280 931 1390 963 visum
1402 931 1572 972 codicem,
1587 931 1623 963 in

915 992 981 1025 quo
1007 992 1077 1014 non
1107 981 1226 1023 fuerit,
1257 985 1346 1023 teque
1378 982 1491 1015 ultima
1516 986 1630 1015 tractu*

914 1033 1095 1072 Anthedon,
1112 1033 1203 1076 qnod
1219 1033 1278 1065 ille
1290 1032 1388 1066 tollit.
1415 1033 1470 1065 Sic
1482 1037 1518 1065 et
1531 1033 1628 1065 inter

915 1089 1060 1117 caeteros
1073 1083 1306 1121 Buslidianus,
1322 1093 1424 1126 quem
1448 1083 1491 1115 ab
1507 1084 1623 1116 huma-

914 1135 1059 1167 nissimis
1088 1135 1337 1178 possessoribus
1373 1135 1629 1176 impetraverat

915 1186 998 1218 mihi
1013 1186 1179 1218 utendum
1191 1186 1302 1219 ,lanus
1316 1185 1454 1217 Vlitius.
1491 1186 1630 1218 Intelli-

917 1237 1067 1279 gendum
1080 1242 1193 1270 auten}
1206 1246 1250 1269 ex
1262 1236 1538 1278 praecedentibus
1549 1237 1559 1255 ‘
1569 1236 1628 1268 do-

916 1293 1015 1321 mant
1027 1288 1162 1321 sulcoz’
1184 1287 1274 1330 quod
1290 1298 1358 1320 non
1381 1287 1491 1319 minus
1507 1292 1632 1329 potest·

917 1339 1079 1373 affirmari
1095 1340 1138 1372 de
1151 1339 1372 1379 Anthedone,
1385 1348 1487 1380 quam
1497 1337 1541 1369 de
1553 1337 1626 1370 Au-

916 1392 1000 1433 lide,
1025 1391 1145 1432 Graea,
1173 1390 1317 1423 Plataeis
1336 1389 1349 1407 ‘
1365 1388 1455 1421 seri!
1501 1388 1626 1430 Quique

916 1444 1000 1475 sulco
1013 1444 1144 1475 domant
1155 1445 1188 1474 te
1199 1442 1310 1473 ultima
1323 1444 1429 1473 tractu
1443 1440 1626 1482 Anthedon,

916 1493 1088 1534 integrum
1126 1497 1192 1525 est.
1250 1492 1431 1533 Expressit
1469 1491 1626 1529 Homeri,

918 1544 1087 1583 Ἀνθηδόνα
1100 1543 1132 1576 τ’
1148 1542 1365 1584 ἐσχατόωσαν.
1395 1543 1538 1574 Gronov.

961 1599 1024 1628 33⁵
1048 1595 1234 1636 Anthedon]
1256 1594 1386 1627 Civitas
1401 1594 1561 1634 Boeotiae,
1576 1594 1627 1626 in-

919 1650 974 1679 ter
1004 1646 1169 1678 Euboeam
1193 1650 1231 1677 et
1254 1645 1438 1677 Boeotiam.
1472 1643 1636 1685 Glaucus]

919 1696 988 1729 Hic
1012 1696 1165 1738 piscator
1187 1694 1265 1736 fuit,
1293 1699 1329 1727 et
1352 1694 1395 1726 de
1419 1693 1629 1727 Anthedone

918 1747 1071 1786 civitate,
1087 1747 1144 1788 qui
1169 1755 1247 1778 cum
1271 1750 1463 1778 extractam
1479 1754 1522 1777 ex
1542 1745 1629 1777 mari

919 1797 1070 1840 praedam
1086 1797 1290 1838 projecisset
1311 1796 1348 1827 in
1368 1796 1499 1835 littore,
1515 1795 1628 1837 pisces

917 1848 1100 1880 herbarum
1131 1851 1227 1880 tactu
1260 1847 1475 1879 revixerunt.
1519 1845 1628 1878 Intel-

917 1898 1010 1931 lexit'
1021 1898 1173 1931 Glaucus
1186 1898 1273 1930 hanc
1289 1897 1424 1930 illorum
1438 1895 1630 1938 graminum

919 1953 1075 1981 naturam
1100 1958 1197 1989 esse,
1216 1954 1255 1980 ut
1277 1947 1487 1980 immortales
1514 1945 1628 1979 effice-

919 2004 1050 2037 rentur,
1078 1999 1137 2042 qui
1163 2008 1239 2031 eam
1274 2003 1482 2041 gustassent,
1509 1998 1628 2040 itaque

919 2051 1039 2082 avellit
1054 2055 1092 2082 et
1106 2050 1291 2092 assumpsit
1305 2061 1313 2081 ε
1337 2059 1405 2092 quo
1418 2049 1513 2081 facto
1535 2049 1639 2089 illico«

921 2101 1079 2143 deposito
1102 2101 1250 2133 humano
1276 2109 1436 2142 corpore,
1469 2099 1505 2132 in
1527 2098 1634 2131 mari-

920 2161 1001 2184 num
1014 2161 1133 2184 versus
1150 2156 1204 2183 est
1220 2151 1334 2184 deum.
1357 2151 1507 2183 Laetam.

963 2204 1028 2233 336
1052 2202 1222 2233 Pascentes
1242 2201 1408 2243 irrumpit]
1432 2199 1537 2234 Quasi
1552 2209 1632 2231 eum
1653 2210 1655 2212 ’

922 2252 1160 2285 desiderarent
1176 2251 1286 2284 maria
1310 2253 1426 2284 Deum
1452 2250 1521 2283 s‘ibi
1545 2249 1631 2282 fieri.

923 2303 1025 2335 Idem.

965 2355 1031 2385 38⁷
1055 2353 1215 2395 Expavit]
1253 2353 1418 2389 Glaucus,
1447 2356 1630 2395 postquam

924 2403 1011 2437 vidit
1029 2413 1066 2436 se
1089 2402 1279 2436 deformem
1293 2404 1349 2436 vel
1364 2402 1545 2443 biformem
1560 2401 1634 2434 fae-

924 2459 1009 2496 tum,
1029 2455 1194 2496 expavit:
1225 2454 1276 2487 ita
1301 2454 1392 2486 enim
1413 2453 1544 2485 marina
1571 2463 1632 2485 nu-

923 2505 1015 2537 mina
1037 2505 1136 2547 Virg.
1161 2502 1324 2536 formavit
1345 2503 1517 2535 dicendo:
1542 2503 1632 2535 ‘Cui

923 2556 1068 2588 laterum
1103 2559 1203 2587 tenus
1230 2554 1367 2596 hispida
1393 2554 1491 2586 nanti
1520 2555 1632 2587 Frons

921 2607 1092 2639 hominem
1114 2604 1272 2648 praefert,
1295 2605 1331 2637 in
1353 2605 1480 2647 pristin
1502 2604 1633 2638 desinit

927 2656 1046 2688 alvus!
1069 2656 1169 2688 Idem.

969 2708 1033 2738 388
1062 2706 1175 2748 Torta]
1202 2705 1339 2739 Circum
1370 2709 1477 2748 capnt
1505 2708 1633 2738 rotata.

928 2756 1028 2789 Idem.
1414 2772 1417 2774 -

970 2809 1036 2840 339
1058 2805 1159 2847 Geso]
1181 2803 1294 2839 Hasta
1320 2805 1511 2839 Gallorum.
1534 2804 1632 2846 virg.
