1878 3164
274 214 388 258 2042

274 318 355 351 diei.
386 320 480 354 Idem.
689 339 694 344 ·

315 372 378 402 255
407 372 544 412 Occupat
570 373 674 415 artus]
711 375 969 417 Complectitur.

274 420 375 452 Idem.
501 419 506 424 '

316 473 380 503 257
412 472 550 514 Partus]
584 474 766 516 Pyrrhum,
801 475 969 508 invisesne

274 529 420 561 unquam
435 517 555 562 filium,
569 523 688 555 saltem
705 525 731 556 si
747 534 800 556 me
820 526 968 558 invisere

274 571 446 602 nolueris?
469 573 650 605 Malui-ant.

314 623 379 653 259
399 621 559 663 Latebrae]
593 624 692 657 Quod
715 625 800 656 nolis
823 635 968 668 unquam

271 671 338 702 mei
352 672 556 709 meminisse,
567 673 656 713 apud
672 684 771 715 quam
788 685 882 707 more
898 686 968 708 mu-

270 720 369 752 liebri
398 721 550 763 latueris‚
578 726 739 764 tanquam
770 724 835 757 hoc
864 725 969 758 ducas

273 770 337 801 tibi
354 769 528 802 dedecori.
552 772 648 804 Idem,

315 822 378 852 262
404 821 561 853 Thalamis
583 822 713 862 nostris]
748 822 791 854 Id
821 827 874 855 est
897 834 968 856 ma-

272 869 431 901 trimonio
442 876 569 902 nostro.
592 871 681 903 Nam
696 871 875 904 Thalamus
890 883 967 914 pro-

271 919 345 959 prie
364 919 490 952 dicitur
513 930 611 952 novae
627 926 745 962 nuptae
765 921 967 956 cubiculum.

272 969 424 1002 Britann-

313 1022 376 1051 263
399 1021 466 1052 Hic
487 1031 526 1053 ne
547 1025 593 1054 est
607 1022 684 1054 liber
699 1022 839 1065 Hymen]
861 1024 967 1057 Quasi

271 1067 378 1109 dicat,
400 1070 649 1102 matrimonium
671 1072 806 1113 quidem
823 1073 966 1105 liberum

270 1119 366 1150 nobis
380 1129 446 1151 non
469 1124 536 1161 est,
561 1131 637 1153 cum
662 1131 729 1153 non
753 1123 854 1155 liceat
869 1124 966 1157 nobis

269 1167 337 1200 frui
367 1179 417 1201 eo.
464 1171 554 1202 Nam
576 1171 713 1213 Hymen
740 1173 809 1204 sive
839 1174 967 1216 Hyme-

270 1227 354 1250 neus
371 1219 462 1260 apud
485 1220 640 1262 antiquos
662 1222 856 1263 nuptiarum
873 1224 966 1256 Deus

269 1269 473 1310 habebatur,
497 1271 594 1312 isque
620 1271 654 1303 in
680 1273 808 1313 nuptiis
832 1273 966 1306 invoca-

269 1319 381 1352 batur.
429 1321 595 1353 Ovidius:
630 1322 641 1340 ‘
658 1320 778 1362 Affuit,
805 1327 840 1354 et
866 1325 965 1356 sertis

270 1374 427 1411 tempora
447 1370 582 1402 vinctus
607 1371 767 1412 Hymen!
813 1372 844 1403 Ο
864 1374 965 1405 dulcia

258 1418 370 1460 furta]
394 1419 609 1452 Acclamatio
629 1420 763 1461 Poetae,
787 1423 881 1464 quusi
906 1424 963 1464 qui

267 1468 469 1501 misereatui·
509 1470 632 1501 amoris
674 1472 807 1511 puellae.
850 1473 965 1506 Dulcia

260 1518 371 1560 furta]
394 1521 523 1552 Dulces
535 1520 745 1553 concubitus.
768 1522 866 1554 Idem.

310 1572 374 1601 264
399 1571 429 1601 0
464 1570 572 1611 timor]
610 1571 799 1603 Miseretur
833 1573 963 1606 timoris

267 1620 403 1661 puellae,
431 1631 504 1662 quae
534 1621 713 1653 metuebat
743 1631 785 1654 ne
811 1622 962 1656 Achilles

266 1669 301 1700 in
327 1669 453 1701 bellum
484 1670 648 1710 prodiret.
674 1670 773 1702 Idem.
821 1672 964 1712 Eripitur

265 1720 388 1751 miseroe
410 1721 578 1761 promissus
595 1720 748 1761 Achilles]
770 1721 805 1752 Si
822 1731 888 1753 non
902 1723 962 1754 ha·

265 1768 396 1801 buisset
423 1779 498 1802 eum
532 1775 645 1810 antea,
666 1775 760 1802 recte
789 1770 962 1804 diceretur

262 1820 430 1862 promissus
444 1820 598 1852 maritus.
641 1821 709 1852 Sed
733 1831 807 1853 cum
824 1822 961 1863 jamdu-

266 1870 346 1902 dum
357 1875 476 1902 cont1·a
492 1870 635 1902 vetitum
648 1876 683 1902 et
692 1870 806 1902 furtim
817 1881 893 1904 eum
904 1874 960 1905 lna-

267 1919 393 1959 buerit,
417 1919 642 1960 scribendum,
659 1921 837 1960 permissus.
861 1923 960 1955 Post-

266 1980 369 2012 quam·
381 1974 498 2002 sancte
510 1975 545 2001 et
555 1970 652 2010 juste
668 1971 722 2001 illo
738 1969 806 2002 frui
820 1981 960 2004 conces-

267 2029 340 2051 sum
356 2023 417 2051 est.
443 2019 580 2052 Gronov.

308 2072 372 2103 266
398 2070 548 2102 'l'imuisse
561 2069 725 2110 memento]
750 2071 839 2102 Nam
855 2071 897 2102 de
908 2081 960 2103 sa·

266 2122 339 2153 lute
353 2120 411 2152 filii
430 2126 574 2152 matrem
589 2120 693 2152 fuisse
712 2122 844 2153 anxiam
858 2126 960 2154 testa-

267 2176 322 2204 tus
351 2176 404 2203 est
434 2171 537 2212 poeta
566 2171 742 2212 superius:
774 2172 784 2190 ‘
804 2172 960 2214 Namque

265 2220 367 2253 modo
395 2220 546 2252 infensos
577 2226 675 2253 utero
707 2221 788 2253 mihi
816 2228 961 2254 contuor

267 2281 374 2312 enses,
403 2272 503 2303 Nunc
536 2271 674 2311 planctu
700 2271 807 2302 livere
831 2281 960 2309 manus,

265 2321 366 2353 modo
400 2321 434 2352 in
471 2320 578 2352 ubera
613 2329 719 2352 saevas
757 2321 815 2353 Ire
848 2320 960 2353 feras?

265 2370 418 2402 Britann.

274 2445 276 2447 v
306 2423 370 2452 267
394 2420 554 2462 Improba]
577 2419 798 2452 Insanabilia.
826 2421 959 2454 Morem

266 2479 305 2501 ac
340 2470 444 2502 decus
474 2470 639 2502 muliebre
667 2469 794 2510 optime
831 2477 958 2512 servat,

265 2520 361 2561 quasi
386 2520 490 2560 dicat,
517 2520 586 2552 scio
622 2520 712 2562 quod
749 2524 830 2561 peto
859 2521 958 2553 nimis

264 2579 398 2609 magna,
433 2570 590 2611 quoniam
623 2570 791 2602 videbunt
824 2575 859 2602 te
890 2571 957 2604 511ae

264 2619 434 2662 Trojanae,
460 2624 497 2650 et
521 2620 685 2661 cupient;
719 2625 755 2651 et
785 2625 822 2652 tu
852 2620 958 2654 facies

264 2672 470 2709 potestatem
488 2669 557 2701 tui:
583 2669 672 2701 unde
691 2670 789 2702 nimis
805 2671 959 2713 improba

263 2728 380 2760 posco,
407 2728 482 2750 cum
511 2719 610 2751 velim
633 2724 667 2752 te
689 2721 812 2752 reverti
835 2732 956 2758 meum.

263 2769 442 2801 Maturant.

727 231 868 262 NOTAE
901 231 1167 266 VARIORUM
1199 234 1254 266 IN

1032 355 1035 359 .
1062 329 1126 360 268
1153 328 1313 371 Lacrymis
1349 328 1482 373 decom]
1518 332 1606 367 Qnae
1643 333 1718 375 pnl-

1020 376 1185 410 chriorem
1220 377 1349 411 faciunt
1374 380 1559 423 mulierem,
1587 382 1718 426 lachry-

1020 435 1085 458 mae
1100 426 1215 459 fecere
1228 428 1399 461 decorem.
1423 430 1522 462 Idem.

1035 498 1037 500 -
1061 479 1125 508 270
1146 478 1287 510 Pensare
1299 479 1437 519 patriam
1458 479 1573 521 thoris]
1597 481 1639 514 ld
1662 485 1718 515 eut

1019 530 1252 568 compensare,
1268 532 1304 560 et
1319 529 1519 569 rependere,
1533 530 1566 562 id
1583 536 1634 564 est
1648 541 1715 565 non

1020 576 1150 616 pigebit
1166 586 1221 608 eas
1236 577 1412 619 reliquisse
1435 579 1594 620 patriam,
1614 581 1716 614 modo

1018 626 1231 657 matrimonio
1248 626 1309 658 tibi
1317 626 1517 667 jungantur.
1540 628 1692 663 Britan

1061 677 1123 706 271
1150 675 1320 716 Tyndaris]
1333 675 1468 708 Helena
1477 677 1626 717 Tyndari
1635 678 1716 712 firm.

1018 724 1055 755 N
1056 724 1161 755 imium
1172 725 1300 756 caudata
1314 725 1431 757 incesta
1443 726 1568 768 rapina]
1589 726 1715 763 Astarte

1018 782 1091 805 eam
1106 774 1140 805 in
1167 778 1396 815 contemptum
1416 779 1453 807 et
1467 775 1581 808 odium
1595 777 1714 819 trahit,

1018 823 1163 856 dicendo
1185 824 1322 856 nimium
1347 824 1524 857 laudatam
1545 827 1639 869 turpi
1660 837 1714 861 ra-

1017 873 1098 913 pina
1114 877 1150 905 et
1165 873 1258 914 turpi
1275 865 1418 906 scelere.
1441 874 1542 906 Idem.

1058 925 1123 955 272
1144 923 1208 955 Ast
1237 933 1293 963 ego
1322 927 1396 956 tum·
1422 921 1550 965 primae]
1585 926 1713 961 sensus

1017 976 1093 1004 est:
1130 974 1224 1005 Tunc
1261 983 1313 1004 me
1341 974 1540 1006 mulieribus
1569 977 1714 1018 captivis

1015 1021 1177 1058 narrabis,
1194 1027 1232 1053 ut
1247 1021 1395 1054 fabulam
1413 1023 1594 1065 puerilem,
1607 1024 1641 1058 id
1660 1030 1715 1058 est

1017 1069 1111 1103 dices
1134 1081 1187 1104 me
1209 1071 1429 1112 simplicitate
1445 1073 1589 1114 quadam
1617 1076 1713 1116 puel-

1016 1120 1078 1151 lari
1099 1130 1119 1152 a
1142 1125 1176 1152 te
1200 1121 1308 1162 primo
1333 1121 1514 1154 concubitu
1541 1132 1712 1166 compres-

1017 1180 1086 1202 sam
1102 1181 1189 1203 esse.
1217 1172 1315 1205 Idem.
1334 1181 1336 1183 ’
1656 1184 1660 1188 ·

1057 1222 1120 1252 274
1146 1221 1211 1252 Cur
1225 1231 1283 1252 non
1298 1231 1355 1261 ego
1371 1222 1493 1254 Martia
1508 1223 1623 1265 tecum]
1640 1223 1711 1258 Oc-

1013 1269 1121 1301 currit
1155 1269 1280 1302 Achilli
1311 1271 1368 1312 qui
1397 1271 1510 1304 dicere
1540 1273 1711 1314 potuisset

1014 1328 1089 1350 eam
1102 1319 1144 1350 ad
1161 1329 1255 1351 arma
1268 1319 1406 1352 ferenda
1418 1330 1484 1352 non
1497 1331 1573 1354 esse
1582 1327 1711 1363 aptam.

1015 1369 1074 1401 Ait
1103 1379 1205 1411 ergo:
1238 1371 1308 1402 Cur
1336 1380 1400 1412 ego
1426 1371 1535 1403 minus
1563 1372 1606 1404 ad
1635 1372 1710 1405 liaec

1012 1424 1094 1460 apta
1109 1429 1195 1459 sum,
1208 1430 1306 1461 quam
1331 1425 1368 1451 tu
1384 1419 1478 1452 fuisti
1493 1420 1537 1452 nd
1553 1422 1660 1464 lanas,
1672 1427 1710 1455 et

1013 1469 1078 1500 alia
1090 1468 1202 1500 officia
1217 1469 1406 1501 muliebria.
1429 1470 1528 1502 Idem.

1054 1522 1117 1551 277
1141 1520 1256 1551 Moesta
1276 1519 1407 1561 solatia]
1434 1520 1527 1552 Dicit
1541 1521 1606 1552 hoc
1622 1521 1709 1563 Pyr-

1012 1569 1107 1601 rhum
1125 1570 1214 1610 patri
1229 1574 1416 1602 ostentans.
1453 1570 1507 1602 Ex
1521 1570 1581 1602 illo
1594 1571 1708 1605 Maro·

1012 1619 1064 1650 nis
1094 1620 1290 1651 solatiorum
1324 1619 1531 1651 mentionem
1570 1616 1708 1654 trahens

1011 1668 1088 1701 AEn.
1103 1678 1152 1700 xv.
1195 1671 1206 1688 ⁸
1221 1669 1257 1700 Si
1274 1668 1348 1710 quis
1363 1668 1443 1700 mihi
1458 1669 1618 1710 parvulus
1631 1663 1708 1703 tuln

1010 1718 1161 1751 Luderet
1190 1718 1324 1759 AEneas,
1349 1718 1408 1759 qui
1432 1724 1467 1750 te
1491 1722 1706 1756 tantumore

1011 1767 1169 1808 referret,
1184 1769 1263 1800 Non
1283 1767 1440 1809 equidem
1455 1768 1588 1800 omnino
1603 1775 1707 1812 capta

1011 1822 1070 1850 aut
1085 1818 1221 1850 deserta
1235 1816 1393 1855 viderer!
1414 1818 1531 1851 Barth·
1668 1840 1669 1843 =

1051 1869 1115 1899 282
1138 1867 1246 1908 Fletu]
1277 1867 1383 1900 Quasi
1405 1865 1507 1902 fletus
1527 1866 1706 1909 spondeat,

1010 1916 1045 1948 id
1077 1921 1141 1958 est,
1164 1918 1209 1948 sit
1241 1916 1420 1959 fidejussor
1448 1917 1704 1958 promissionis3

1010 1976 1085 1998 nam
1098 1977 1174 2007 cum
1181 1968 1330 2008 juraret,
1344 1971 1379 1998 et
1396 1966 1592 2008 juramento
1607 1976 1706 2000 acce·

1009 2016 1132 2049 derent
1147 2017 1344 2058 lachrymae,
1360 2017 1411 2048 hae
1435 2017 1515 2048 visae
1531 2020 1609 2048 sunt
1621 2017 1706 2050 dare

1008 2067 1170 2108 majorem
1193 2067 1294 2099 fidem
1317 2071 1353 2099 et
1368 2066 1471 2098 robur
1488 2067 1704 2108 jurament03

1010 2117 1176 2158 spondere
1199 2117 1287 2149 enim
1314 2122 1367 2148 est
1389 2126 1451 2158 pro
1475 2117 1540 2148 alio
1563 2118 1727 2159 promit-·

1010 2172 1098 2208 tere,
1123 2171 1161 2199 ut
1183 2166 1398 2208 fidejussores
1422 2165 1564 2199 faciunt.
1594 2167 1704 2208 Matu—

1008 2220 1092 2249 rant.
1620 2234 1622 2236 ’

1051 2270 1113 2299 285
1137 2266 1329 2308 Rapiebant]
1352 2266 1456 2298 Venti
1472 2265 1631 2298 ferebant
1645 2266 1706 2298 ina

1009 2317 1136 2357 verba3
1169 2326 1244 2348 nam
1270 2316 1428 2348 habitura
1453 2315 1613 2348 effectum
1636 2326 1709 2358 non⁴

1008 2372 1108 2399 eraut
1124 2377 1166 2399 ea
1182 2366 1296 2406 verba,
1310 2375 1384 2397 cum
1395 2365 1576 2398 moriturus
1589 2364 1703 2398 Achil·
1764 2385 1775 2396 f

1008 2417 1058 2448 les
1075 2421 1166 2448 esset
1190 2416 1226 2447 in
1243 2416 1333 2446 bello
1356 2414 1515 2456 Trojano,
1539 2415 1628 2447 unde
1649 2425 1702 2448 re-

1008 2466 1096 2498 verti
1112 2475 1177 2497 non
1190 2469 1317 2506 posset.
1341 2465 1440 2496 Idem.

1049 2518 1113 2547 286
1137 2514 1237 2546 Exuit
1266 2512 1463 2555 implicitum]
1500 2513 1578 2546 Hac
1603 2518 1701 2555 parte

1006 2564 1147 2597 Achillis
1162 2564 1334 2606 navigatio
1345 2562 1386 2594 ad
1401 2563 1535 2604 Trojam
1547 2565 1700 2597 contine-

1006 2619 1075 2647 tur.
1120 2614 1217 2645 More
1235 2612 1410 2653 poetarum
1426 2612 1608 2645 adventum
1630 2614 1700 2648 diei

1007 2664 1182 2703 describit,
1195 2671 1270 2693 cum
1283 2661 1326 2693 de
1341 2667 1440 2694 nocte
1452 2663 1544 2695 nulla
1554 2664 1598 2695 sit
1607 2663 1702 2699 facta

1006 2713 1144 2746 mentio.
1168 2712 1318 2743 Britann.
1663 2755 1665 2757 ι

1048 2765 1112 2797 288
1133 2761 1285 2794 Hebetem
1299 2760 1456 2804 lampada]
1469 2762 1609 2797 Causam
1620 2763 1699 2796 sub-
