1878 3164
435 212 477 243 P.
508 209 701 243 mmm
734 210 900 242 s'rA'ru
935 211 1084 243 svnv.
1118 213 1213 244 ms.
1238 213 1279 244 v.
1310 203 1354 246 3.

157 306 195 340 in
218 306 280 340 lib.
308 314 361 340 vt·
392 305 634 347 ‘Lacerasqne
660 313 765 346 super
786 313 866 346 pro-

159 357 320 390 ennom
334 355 408 389 mti
423 355 614 397 Reliiqnias
629 354 750 388 ardet)
781 355 866 388 Eod.

158 407 270 441 libro=
301 406 314 426 ⁴
327 406 486 440 Pectoris
511 405 635 438 attritu
651 415 713 437 sna
734 404 866 446 frangit

158 457 195 490 in
209 466 288 491 ossa
302 455 477 490 Leonem!
515 455 621 488 Libro
635 464 670 488 v.
684 455 695 473 ‘
708 455 866 488 Mactare

158 507 195 543 in
213 505 406 547 ‚tumlos,'
443 515 522 548 pro,
557 515 663 548 super
708 505 866 539 tumulos.

161 558 300 592 emm.
315 557 427 591 Μ.
440 568 470 590 ο.
485 559 540 590 49.

201 610 246 641 fl
269 607 339 640 Nee
348 607 454 649 pistos
468 606 588 647 ἰηὶκοΐιι
601 605 705 648 dedit]
720 605 866 647 Prolep-

158 659 207 693 si·
220 658 287 692 hie.
322 658 431 692 Dicat
444 657 591 700 aliquis:
614 666 682 690 nec
696 661 865 698 naturam,

159 719 225 744 nec
238 709 405 752 piantem
427 709 492 742 hoc
511 707 586 740 fato
608 707 717 749 patris
733 707 799 739 mei
816 707 866 739 in·

154 761 288 804 ‚iustam
310 759 416 793 fuisse
432 759 468 792 in
483 759 673 799 dolentem,
687 763 747 791 aut
763 758 866 800 juve-

159 819 239 845 nem
269 815 331 844 ant
364 809 472 843 filium
508 809 687 851 rapiendo.
731 809 867 842 Natura

159 871 252 896 nunc
267 871 334 895 non
349 861 504 894 ostendit
518 862 529 879 ‘
543 870 580 892 se
595 858 783 902 injustam:
797 869 867 891 nou

161 911 315 955 prebuit
349 911 514 954 iniquam,
538 910 619 952 quia
643 918 712 941 non
729 908 866 941 turbato

162 961 285 995 ordine
312 961 536 994 mortalitatis
566 969 684 991 senem
712 958 865 1001 juvenis,

161 1017 296 1056 patrem
312 1012 406 1046 filius
431 1012 543 1054 lugeo.
587 1011 702 1044 Pietas
726 1011 866 1053 proprie

161 1062 362 1106 obsequium
378 1063 412 1095 in
429 1066 602 1104 parentes,
624 1066 661 1094 et
682 1062 802 1094 horum
820 1062 868 1094 vi-

161 1113 277 1148 eis-im
292 1113 327 1146 in
342 1113 467 1146 liberos
481 1112 620 1149 caritas,
632 1121 801 1154 omneque
818 1111 868 1144 of-

159 1162 289 1205 ficinm,
312 1162 403 1206 quod
428 1162 604 1204 sanguinis
627 1161 869 1203 propinquitas

160 1213 283 1255 exigit.
325 1212 439 1245 Pietas
461 1220 544 1254 ergo
569 1210 691 1251 injusta
714 1214 781 1251 est,
797 1211 807 1228 ⁴
821 1211 870 1243 in·

154 1261 285 1304 ,iustam
299 1271 338 1296 se
353 1262 436 1303 det:
450 1262 516 1295 hoc
530 1266 584 1294 est
600 1262 754 1304 proprie,
769 1271 870 1294 occa-

159 1312 290 1346 sionem
314 1313 500 1346 exercendi
526 1312 631 1346 officii
653 1314 705 1346 sni
728 1313 870 1355 indigne

161 1364 339 1406 obtrudit;
361 1365 430 1407 vel,
443 1365 642 1407 exemplum
665 1365 718 1397 sui
741 1365 869 1398 datin·

161 1415 262 1458 teliz,
283 1426 362 1450 cum
387 1421 489 1459 pater
510 1415 619 1448 tilium
646 1416 763 1457 luget;
792 1426 870 1449 cum

162 1466 317 1508 exigitur
331 1470 369 1499 et
391 1470 577 1508 prestatur
593 1476 614 1498 a
628 1471 743 1508 patre,
758 1467 817 1509 qui
832 1467 871 1499 fi-

163 1516 211 1549 lio
235 1521 416 1559 superstes
433 1521 488 1550 est
501 1521 626 1550 contra
641 1522 799 1550 votorum
814 1528 870 1550 or-

162 1566 292 1600 dinem.
338 1567 474 1600 Natura
488 1571 525 1599 et
545 1567 657 1608 pietas
672 1567 818 1608 injustas
834 1578 871 1601 se

163 1616 262 1658 dant,
272 1626 352 1650 cum
366 1617 424 1660 pie
439 1617 516 1659 quis
530 1618 627 1659 luget
637 1618 800 1660 injustum
816 1618 871 1652 fu-

163 1676 240 1706 nus,
251 1667 262 1687 ‘
273 1667 364 1700 male
372 1667 612 1710 judicantibus
628 1667 734 1710 fatis,'
751 1673 789 1701 ut
811 1668 871 1700 ha-

166 1717 228 1751 bet
244 1720 344 1750 vetu-
359 1717 554 1759 inscriptio.
579 1718 717 1751 Gronov.
737 1719 850 1752 Diatr.

206 1770 250 1801 ⁷4
272 1767 482 1800 Marathonia
500 1768 611 1810 virgo]
635 1767 691 1802 Ab
710 1770 872 1812 exemplo

126 1858 134 1871 ι
165 1817 292 1861 probat
307 1817 473 1860 majorem
498 1818 650 1851 dolorem
674 1830 751 1853 esse
779 1822 875 1854 amit-

165 1871 241 1901 tere
255 1872 392 1910 patrem
408 1878 509 1911 qnam
523 1868 645 1903 tilium.
688 1872 778 1903 Nam
796 1872 874 1904 Eri-

163 1928 255 1962 gone
269 1929 348 1952 cum
364 1921 581 1962 provenisset
594 1922 638 1955 ad
650 1923 799 1956 cadaver
814 1934 874 1966 pa·

135 1984 141 1990 ·
165 1969 228 2003 tris
243 1969 362 2008 Icarii,
384 1979 486 2013 quem
508 1976 665 2013 agrestes
688 1972 873 2006 interfece-

163 2026 338 2064 rant,prae
354 2021 476 2055 dolore
490 2023 612 2066 laqueo
628 2033 666 2057 se
681 2025 875 2067 suspendit.

165 2072 279 2106 Men
309 2073 404 2105 canis
433 2072 621 2106 interfecto
658 2074 799 2107 domino
830 2075 874 2107 ad

165 2121 352 2164 Erigonem
379 2121 517 2154 domum
543 2126 700 2164 venerat,
730 2134 876 2167 eamque

166 2171 299 2205 latratu
315 2176 352 2204 et
375 2172 506 2213 gemitu
531 2172 701 2206 excitavit
716 2178 755 2206 nt
770 2183 807 2206 se
822 2183 875 2206 se-

166 2226 347 2264 queretur,
355 2222 585 2265 perduxitque
595 2223 637 2255 ad
647 2228 797 2264 patrem:
813 2233 876 2265 pu-

167 2273 237 2306 ella
264 2278 414 2311 mortua,
434 2274 531 2305 canis
555 2282 691 2315 quoque
706 2273 828 2314 spiritu
845 2273 877 2305 ei

166 2323 379 2366 parentavit.
416 2322 656 2356 Andromache
671 2332 767 2364 vero,
782 2323 877 2365 cujus

165 2372 273 2406 fliium
302 2372 529 2414 Astynactem
557 2373 690 2414 Ulyxes
720 2382 764 2404 ex
790 2373 877 2405 turri

166 2423 396 2465 dejecitmon
425 2422 526 2456 modo
557 2432 630 2465 prae
658 2422 778 2455 dolore
809 2433 876 2455 non

166 2482 205 2507 se
222 2471 403 2507 interfecit
425 2477 464 2506 ut
488 2472 639 2515 Erigone
666 2472 792 2505 amisso
817 2482 877 2514 pa-

167 2528 246 2558 tre:
270 2523 331 2556 sed
347 2523 452 2557 etiarn
467 2523 510 2556 ad
525 2523 692 2556 secundas
709 2524 879 2566 processit

167 2573 329 2616 nuptiasg
349 2583 428 2606 nam
448 2573 566 2615 nupsit
582 2573 716 2615 Pyrrho
731 2572 877 2605 Achillis

129 2636 133 2639 ·
165 2625 249 2659 filio.
293 2625 410 2668 Major
444 2625 554 2668 igitur
582 2624 680 2657 dolor
708 2624 878 2667 Erigones

166 2686 268 2720 qnam
284 2675 542 2710 Andromaches
555 2674 635 2708 fnit.
652 2674 780 2709 Domit.

209 2730 254 2760 82
279 2727 450 2770 Tyrrhena
460 2726 615 2767 volucres]
628 2726 767 2759 Sirenes
779 2725 881 2758 intel-

165 2776 254 2821 ugit.
299 2777 400 2816 Qum,
417 2781 456 2811 ut
469 2781 570 2821 putat
584 2777 733 2819 Plinius,
760 2776 878 2810 sedem

1509 205 1623 248 1759

916 305 1113 339 habuerunt
1128 307 1162 339 in
1187 307 1423 349 promontorio
1437 308 1545 350 juxta
1559 310 1622 342 Su-

917 362 1052 388 rentum
1068 357 1172 390 maris
1187 358 1370 400 Tyrrheni.
1393 359 1493 391 Idem.

961 411 1003 441 87
1026 410 1207 452 Phrygium
1217 410 1352 451 silicem]
1369 412 1534 444 Dolorem
1550 411 1623 444 He-

917 458 1023 491 cubes
1040 470 1146 492 versae
1161 461 1197 492 in
1213 471 1344 494 saxum.
1366 462 1467 494 Idem.

959 511 1002 541 88
1025 510 1120 542 Fissa
1149 510 1245 552 buxo]
1278 511 1376 552 Quis,
1402 511 1529 554 inquit,
1554 521 1622 544 non

918 559 1045 592 cecinit
1071 560 1250 594 Palladem
1281 562 1450 604 abiecisse
1477 562 1626 594 tibiam?

917 609 1015 651 quasi
1040 611 1238 651 dicat,haec
1264 612 1378 645 omnia
1399 611 1558 645 fabulose
1580 612 1624 644 ab

918 661 995 692 aliis
1025 666 1165 694 cantata
1186 666 1266 694 sunt
1291 663 1326 694 in
1352 661 1531 695 funeribus
1559 671 1625 703 per

917 712 1192 752 comparationes
1207 713 1262 745 vel
1277 712 1527 745 similitudines.
1549 712 1625 754 Ego

917 766 1034 794 autem
1058 763 1160 795 aliter
1183 767 1318 805 patrem
1335 762 1494 795 deflebo=
1519 767 1624 805 atque

918 811 969 844 ita
979 811 1066 844 citat
1081 813 1249 854 pietatem
1262 813 1481 854 etjustitiam
1495 817 1532 844 et
1544 812 1624 854 poe-

919 865 988 902 tas,
1018 862 1190 895 Heroicos
1215 863 1471 904 primum‚.tum
1496 863 1623 904 lyricos

918 916 955 943 et
979 917 1113 952 septem
1135 913 1333 954 sapientes:
1369 913 1492 946 deinde
1519 913 1624 955 tragi-

918 970 991 1002 cos,
1006 961 1143 994 demum
1159 963 1288 1005 elegos.
1313 964 1416 996 Idem.

962 1015 1004 1046 92
1027 1013 1141 1045 Honor
1153 1013 1364 1054 Aom'osseno,
1376 1014 1447 1056 ξω]
1464 1013 1522 1046 Ita
1536 1013 1622 1045 scri-

919 1061 1068 1102 bendum
1093 1072 1137 1095 ex
1154 1065 1253 1096 Rom.
1274 1065 1402 1096 Venet.
1425 1063 1505 1095 edd.
1524 1073 1625 1105 quam

920 1116 1058 1144 secutus
1072 1117 1125 1145 est
1139 1113 1371 1155 Lindenbrog.
1415 1114 1496 1146 Duo
1512 1113 1627 1155 magni

921 1162 997 1202 viri,
1022 1163 1123 1195 amici
1149 1164 1270 1201 nostri,
1294 1164 1388 1195 varie
1409 1163 1495 1195 illud
1517 1165 1629 1195 ducere

919 1221 1044 1254 campos
1058 1214 1250 1254 mutabant,
1266 1214 1357 1256 quod
1373 1213 1546 1254 negabant
1562 1214 1627 1245 La-

921 1262 992 1295 tine
1016 1263 1097 1296 dici.
1144 1265 1244 1296 Alter
1270 1266 1382 1296 ducere
1406 1267 1518 1296 cantus
1546 1263 1629 1296 scri-

920 1312 1046 1354 bebat3
1071 1314 1171 1354 alter,
1185 1315 1330 1347 Andinos
1342 1325 1416 1347 seno
1429 1315 1507 1355 pede
1525 1314 1631 1346 dicere

919 1368 1043 1404 cantus,
1060 1366 1114 1397 vel
1128 1367 1252 1408 ducem,
1267 1366 1322 1398 vel
1337 1367 1472 1398 cludere.
1495 1365 1629 1399 Quibus

921 1414 1079 1447 omnibus
1094 1415 1179 1447 nihil
1203 1426 1303 1457 opus.
1347 1417 1472 1448 Ducere
1493 1419 1548 1447 est
1565 1414 1630 1447 du-

921 1473 982 1495 ces
998 1473 1088 1505 esse‚
1103 1471 1141 1497 ut
1158 1466 1297 1497 chorum
1312 1465 1454 1497 ducere.
1500 1465 1627 1496 Ducere

920 1523 1044 1554 campos
1065 1514 1184 1546 Aonios
1209 1520 1264 1548 est
1289 1515 1469 1552 ducentes,
1496 1515 1630 1547 scilicet

921 1568 1040 1596 vatum
1054 1565 1188 1606 choros,
1202 1566 1336 1598 versari
1359 1566 1392 1597 in
1408 1565 1553 1606 campis,
1568 1565 1630 1596 du-

922 1622 982 1644 ces
997 1623 1072 1646 esse
1090 1619 1218 1656 vatum,
1244 1616 1426 1658 primarios
1454 1616 1629 1657 principes

921 1663 956 1695 in
972 1665 1102 1706 campis
1120 1665 1252 1699 Aoniis.
1293 1667 1345 1699 Ut
1366 1672 1403 1699 et
1419 1666 1631 1708 metonymia

922 1714 1031 1756 possit
1047 1715 1179 1748 videri:
1212 1716 1381 1758 ‘Campi'
1405 1726 1544 1758 nempe,
1568 1726 1631 1758 pro

922 1764 982 1806 qui
1006 1764 1042 1796 iu
1058 1766 1212 1808 campis3
1244 1767 1336 1809 quod
1352 1772 1407 1799 est
1430 1767 1634 1809 simplicius.

922 1814 1062 1847 Grande
1100 1821 1137 1848 et
1175 1818 1417 1851 cothurnatum
1453 1817 1629 1850 heroicum

922 1874 1009 1905 opus
1039 1869 1104 1906 est,
1135 1876 1313 1910 genusque
1341 1868 1497 1900 Poeseos
1526 1878 1630 1909 supra

922 1914 1033 1946 omnia
1073 1917 1268 1950 maximum.
1314 1918 1432 1951 Quare
1474 1919 1534 1960 qui
1570 1919 1632 1950 tali

922 1973 1028 2006 opere
1041 1974 1079 1997 se
1096 1966 1227 1999 Phoebo
1241 1968 1424 2009 approbat,
1434 1968 1462 2000 is
1475 1970 1485 1987 ‘
1499 1968 1632 2001 Aonios

923 2024 1063 2056 campos
1080 2015 1199 2054 ducit.’
1216 2017 1286 2049 dux
1302 2019 1401 2050 estin
1417 2019 1547 2060 campis
1561 2018 1632 2051 Ao-

923 2065 998 2098 niis.
1023 2066 1093 2100 Qui
1108 2067 1215 2099 honor
1226 2069 1522 2109 praeclarissimus.
1545 2068 1633 2101 Ideo

923 2116 1021 2148 honor
1050 2118 1188 2159 scripsit
1217 2119 1400 2160 Papinius,
1431 2128 1501 2151 nou
1535 2119 1635 2152 labor.

925 2167 1078 2200 Gronov.
1093 2169 1210 2202 Diatr.
1227 2179 1257 2202 c.
1274 2173 1328 2202 50.

967 2221 1010 2250 94
1036 2220 1122 2251 Cura
1136 2221 1214 2261 lyr-ce
1228 2229 1409 2261 nomenque,
1421 2218 1491 2261 Bra]
1523 2219 1633 2251 Docti

925 2268 1001 2307 viri,
1010 2269 1068 2311 qui
1084 2270 1197 2302 locum
1212 2270 1303 2302 hunc
1315 2270 1523 2311 tetigerunt,
1534 2279 1635 2302 acce·

925 2325 1052 2360 perunt
1069 2320 1276 2352 testudinem
1291 2329 1352 2362 pro
1368 2321 1442 2362 ipsa
1454 2321 1541 2362 lyra,
1556 2330 1634 2353 cum

924 2368 1055 2401 Statius
1072 2379 1147 2402 eam
1160 2374 1198 2402 ut
1215 2376 1347 2412 partem
1359 2370 1529 2412 posuerit.
1552 2371 1635 2402 Per-

925 2418 1007 2451 inde
1033 2428 1073 2451 ac
1098 2419 1126 2451 si
1149 2420 1158 2437 ‘
1174 2419 1336 2461 plectra’
1359 2424 1419 2452 aut
1446 2420 1634 2452 ‘chordas'

926 2474 988 2502 aut
1003 2473 1012 2487 ⁸
1022 2469 1107 2502 fides
1119 2469 1128 2483 ’
1152 2474 1212 2502 aut
1233 2471 1243 2489 ‘
1256 2470 1430 2513 pectinem
1442 2469 1451 2484 ’
1475 2470 1634 2511 dixisset,

927 2530 1004 2563 quae
1020 2526 1056 2553 et
1078 2521 1164 2562 ipsae
1191 2525 1306 2563 partes
1332 2520 1508 2553 interdum
1526 2523 1634 2554 totius

926 2571 1210 2612 significationem
1246 2571 1384 2604 habent.
1427 2570 1516 2603 Haec
1551 2580 1635 2612 ergo

927 2632 1023 2655 mens
1052 2623 1172 2656 horum
1203 2623 1387 2655 verborum
1416 2626 1487 2654 est:
1511 2622 1634 2665 quibus

927 2672 1115 2715 testudine,
1129 2683 1204 2716 quae
1230 2682 1310 2715 pars
1335 2673 1421 2714 lyrae
1447 2677 1514 2712 est,
1528 2677 1565 2705 et
1590 2671 1634 2704 ad

927 2723 1018 2756 hunc
1034 2733 1129 2756 usum
1146 2724 1292 2766 primum
1317 2723 1361 2755 ab
1383 2722 1523 2756 Arcade
1539 2723 1635 2755 Mer-

928 2775 1024 2808 curio
1051 2774 1332 2815 accommodum
1369 2773 1425 2806 vel
1448 2772 1637 2813 testudine,
