1878 3164
455 243 498 274 P.
529 242 720 277 PAPINH
755 243 922 277 STATn
955 245 1104 277 ΤΗΕΒ.
1137 245 1236 278 mn.
1260 246 1346 277 vn.

495 561 922 612 THEBAIDOS

118 663 120 666 ,
180 671 230 714 sl
251 680 359 723 Aeque
371 690 409 714 ea
422 681 621 723 cunctantes]
650 681 876 715 Describitur

166 729 266 765 Jovis
289 731 486 766 iracundia:
519 733 683 766 allocutio
710 733 754 765 ad
780 734 875 766 Mer-

5 767 13 790 7‘
23 787 31 819 ¹,
97 829 102 834 Ι
166 781 313 824 curium,
326 786 367 816 ut
381 782 481 818 Jovis
495 783 607 817 minas
622 784 766 817 nunciet
780 784 875 817 Mar-

167 834 209 876 ti,
235 839 274 868 ot
299 840 442 869 accuset
478 846 556 870 eum
593 836 685 880 quod
722 835 876 878 patiatur

167 884 311 928 Grecos
340 885 433 929 apud
465 887 634 920 tumulum
668 886 876 920 Archemori

167 935 406 979 voluptatibus
420 938 596 980 occupari.
618 941 656 970 et
679 941 717 970 ut
739 946 798 969 eos
824 935 876 968 fu-

166 987 256 1020 roris
271 987 420 1020 stimulis
434 988 531 1020 Mars
544 993 658 1021 armet
670 987 713 1020 ad
736 987 875 1021 bellum.

170 1037 379 1081 canantes]
399 1039 578 1073 Mos-antes
597 1039 670 1072 sive
685 1043 877 1072 manentes.

166 1087 370 1123 lucentius.

206 1141 231 1172 4
256 1139 451 1184 Ceu-uicibus]
470 1140 570 1174 Dicit
582 1140 762 1174 iracundia
776 1141 876 1175 Jovis

169 1189 256 1223 calo
270 1189 405 1234 pondus
419 1191 566 1234 angeri:
601 1196 638 1225 et
660 1192 726 1225 hoc
752 1191 876 1225 Atlan-

169 1245 240 1274 tem
256 1241 367 1284 queri.
390 1241 495 1275 Idem.

211 1294 235 1325 8
259 1292 452 1336 Borean-que
464 1292 593 1326 illabere
605 1292 705 1335 saltu]
719 1292 792 1326 Aut
806 1302 876 1325 ma-

171 1343 205 1375 le
225 1343 334 1377 oculis
348 1353 428 1377 usus
441 1347 495 1377 est
515 1350 576 1376 aut
592 1344 677 1376 alius
697 1342 766 1376 fuit
790 1343 877 1375 Bus-

169 1392 232 1426 lid.
263 1402 331 1437 quo
356 1403 438 1427 usus
463 1398 516 1426 est
537 1394 763 1434 Bernartius3
796 1403 875 1425 nam

171 1444 273 1486 cnjus
288 1444 389 1478 nobis
403 1445 505 1487 copia
519 1444 627 1488 facta,
638 1445 767 1479 Borean
782 1444 816 1476 in
829 1445 876 1476 la-

169 1494 254 1528 bere.
276 1494 434 1529 Gronov.

215 1548 238 1578 8
261 1546 335 1584 Qua
362 1545 552 1588 Pau-mas]
589 1545 700 1579 Arcas
727 1556 748 1579 a
775 1549 880 1589 gente

171 1596 287 1630 dicta:
309 1596 402 1630 unde
414 1595 482 1630 fuit
494 1597 639 1639 Calysto
652 1597 825 1639 Lycaonis
840 1595 879 1628 fl-

172 1647 233 1690 lia,
249 1642 327 1690 qnae
343 1646 378 1679 in
395 1656 524 1690 ursam,
539 1647 604 1679 hoc
619 1651 673 1679 est
691 1646 880 1688 septentri-

172 1706 273 1730 onem
289 1697 419 1730 dicitur
432 1707 543 1731 versa.
558 1698 689 1732 Lucan.
710 1699 720 1717 ‘
734 1697 881 1731 Parrha·

173 1749 219 1782 sis
234 1748 392 1792 obliquos
415 1748 543 1782 Helice
558 1758 636 1782 cum
652 1753 805 1782 verteret
821 1759 880 1782 sx-

173 1799 237 1833 es.'
280 1800 422 1844 Calysto
434 1809 519 1844 ergo
531 1800 608 1844 ipsa
619 1804 685 1842 est,
700 1810 779 1843 quae
794 1799 882 1833 Arc-

175 1850 342 1895 tophylax
378 1851 510 1885 dicitur
539 1861 640 1884 ursa:
679 1861 756 1894 quae
795 1860 881 1884 nun-

174 1912 276 1946 quam
292 1912 425 1936 oceano
441 1903 600 1945 tingitur.
621 1897 770 1936 Luceant.

218 1956 240 1986 9
263 1953 310 1986 Et
330 1956 439 1987 nostro
458 1954 600 1996 pascitur
613 1954 725 1998 imbri]
757 1953 800 1986 Id
825 1957 882 1987 est

177 2005 308 2038 caelesti
322 2006 468 2049 liquore,
482 2015 551 2039 nou
571 2006 716 2045 marino,
731 2010 771 2040 ut
786 2012 883 2040 cete-

176 2066 217 2090 ra
229 2056 358 2091 sidera.
401 2057 494 2091 Nam
510 2061 546 2091 et
566 2058 618 2090 sol
632 2062 669 2090 et
683 2062 776 2091 astra
791 2062 884 2090 cete·

178 2117 216 2140 rs
231 2107 330 2151 aquis
353 2113 540 2151 pascuntur
564 2109 709 2142 oceani:
743 2119 820 2142 nam
844 2115 884 2144 ut

177 2157 380 2191 ostenderet
404 2158 535 2192 Lucan.
559 2158 659 2201 ignes
681 2159 764 2192 solis
787 2159 884 2202 aquis

178 2207 317 2251 nutriri,
332 2207 404 2242 site
436 2209 540 2243 ‘Non
565 2208 693 2251 pabula
714 2208 885 2243 flammis!

177 2258 281 2292 Idem.

224 2312 267 2343 1⁰
287 2309 394 2352 Atque
423 2309 479 2342 ubi
505 2319 540 2342 se
565 2310 684 2352 posita]
725 2309 887 2343 Pauxilla

178 2359 318 2401 menda,
329 2370 430 2404 quam
444 2360 588 2393 alienam
601 2370 622 2392 a
634 2359 756 2393 Poetae
770 2364 888 2394 mente

181 2411 386 2444 sententiam
401 2409 532 2444 efficit!
557 2410 633 2443 libri
658 2411 787 2444 calamo
808 2421 888 2444 exa-

183 2462 251 2494 rati
265 2473 275 2495 z
297 2461 404 2504 Atque
421 2461 468 2494 ibi
489 2471 542 2494 seu
552 2462 658 2503 posita
669 2462 805 2504 respirat
819 2472 887 2495 cus-

179 2513 253 2555 pide
275 2513 406 2546 Mauors
431 2512 635 2556 (Quanquam
660 2513 762 2546 invisa
785 2512 888 2556 quies)

183 2574 236 2597 seu
249 2565 331 2606 quod
343 2574 428 2602 reor,
447 2565 502 2606 ⁸5⁶·-
525 2563 617 2607 quod
641 2563 807 2597 audacter
827 2574 888 2597 ex-

184 2614 305 2658 pressi.
326 2614 481 2647 Bernart-

229 2668 270 2699 15
282 2665 435 2698 Iahnius
445 2664 552 2707 umbo]
564 2664 714 2698 Isthmos
729 2668 783 2697 est
798 2668 892 2697 terra

186 2717 278 2750 inter
293 2716 362 2750 duo
377 2717 484 2749 maria
506 2717 541 2748 in
556 2716 695 2758 longum
719 2719 890 2759 porrecta.

186 2768 261 2800 lia-c
275 2768 366 2800 enim
389 2767 459 2800 duo
480 2766 589 2799 maria
607 2767 776 2799 orientem
800 2766 890 2799 occi-

188 2818 398 2862 dentemque
413 2818 664 2852 discriminant.
701 2817 838 2854 Iouium
855 2828 891 2850 o-

1527 237 1642 280 1913

975 561 1121 611 LIB.
1176 562 1300 612 Vll.

927 681 1051 724 riente‚
1080 680 1236 724 AEgaeum
1273 682 1457 716 occidente
1490 681 1640 715 dividit:

928 743 1030 766 omne
1047 743 1130 776 ergo
1147 734 1237 776 quod
1261 733 1430 766 Isthmius
1453 732 1556 766 umbo
1572 732 1641 765 dis-

930 784 1032 824 tinet,
1047 784 1082 817 id
1098 789 1152 817 est
1168 784 1348 822 Achaiam,
1365 785 1401 817 in
1421 785 1517 826 cnjus
1539 788 1641 826 parte

929 835 1060 877 Pelops
1085 836 1258 877 regnavit,
1273 835 1342 868 duo
1370 835 1480 867 maria
1505 834 1641 867 circun-

928 887 1026 927 dant,
1043 887 1131 920 adeo
1157 891 1196 919 ut
1218 887 1364 919 insulam
1385 885 1556 928 facerent,
1574 885 1642 918 nisi

928 942 1113 980 utrumqne
1144 938 1288 980 pelagus
1327 937 1516 979 interjecta
1546 942 1641 969 terra

929 987 1126 1021 divideret:
1166 988 1247 1021 ideo
1284 992 1402 1020 autem
1434 988 1640 1020 ‘umbonem

929 1039 1057 1072 montis
1068 1039 1078 1053 '
1092 1039 1196 1081 dixit,
1208 1039 1287 1083 qnia
1300 1039 1374 1081 ejus
1391 1049 1471 1083 pars
1486 1039 1640 1072 erectior

930 1090 1086 1123 imminet
1101 1090 1200 1123 mari.
1224 1090 1375 1124 Laetam.

975 1144 1017 1174 16
1051 1141 1184 1183 Maleoe]
1222 1142 1339 1174 Malea
1368 1141 1638 1184 promontorium

929 1191 1096 1233 G'raeciae,
1127 1191 1216 1235 quod
1247 1191 1357 1224 intrat
1378 1201 1488 1231 mare,
1510 1194 1548 1223 et
1578 1200 1641 1233 per

930 1243 1183 1287 quinquaginta
1194 1243 1341 1275 miliaria
1352 1242 1541 1275 intenditur
1553 1252 1564 1275 ε
1581 1241 1639 1274 ubi

930 1294 1024 1327 nuda
1060 1295 1111 1327 ita
1151 1304 1247 1327 saeva
1280 1298 1349 1335 est,
1384 1297 1424 1326 ut
1470 1292 1638 1334 navigan·

931 1349 985 1378 tes
1017 1344 1179 1378 videatur
1205 1343 1378 1387 persequi.
1434 1343 1533 1375 Unde
1556 1342 1638 1374 Vir-

929 1396 987 1438 gil.
1020 1396 1238 1438 ‘Muleaeque
1276 1392 1483 1437 sequacibus
1511 1391 1640 1428 undis.’

931 1447 1011 1480 Hoc
1034 1451 1150 1479 autem
1178 1444 1450 1488 promontorium
1477 1453 1498 1476 a
1523 1443 1641 1475 Maleo

932 1497 1082 1531 Graeciae
1102 1505 1182 1538 rege
1207 1505 1331 1528 nomen
1353 1494 1516 1537 accepitx
1547 1493 1641 1536 quod

932 1547 1023 1580 intra
1037 1558 1075 1580 se
1090 1547 1345 1589 Peloponesum
1361 1545 1506 1579 includit
1524 1554 1567 1578 ac
1587 1549 1640 1578 te-

931 1602 1006 1631 net.
1027 1598 1177 1630 Laetam.

976 1651 1018 1682 17
1041 1648 1100 1681 Illi
1123 1648 1180 1680 vix
1195 1646 1316 1688 muros]
1339 1646 1382 1679 Id
1409 1651 1462 1679 est
1476 1646 1563 1679 fines
1581 1656 1642 1689 pa·

933 1698 1012 1732 triae
1026 1709 1037 1731 z
1060 1698 1184 1740 figura,
1197 1697 1354 1741 quisunt
1376 1697 1438 1737 illi,
1453 1696 1487 1729 id
1508 1701 1564 1730 est
1582 1697 1641 1739 ju·

935 1755 1060 1783 ventus
1075 1748 1218 1790 Argiva.
1263 1747 1383 1781 Graeci
1406 1747 1520 1791 inquit
1536 1747 1586 1780 sic
1600 1747 1642 1780 li-

936 1804 1026 1841 tant,
1040 1799 1137 1843 quasi
1147 1799 1222 1841 jam
1246 1799 1397 1831 victores
1420 1803 1643 1832 revertantur

935 1851 977 1883 ad
995 1851 1154 1893 patriam.
1174 1850 1276 1882 Idem.

978 1905 1020 1935 19
1045 1901 1230 1946 Offensique
1255 1899 1381 1942 sedent]
1424 1899 1514 1932 Irati
1550 1899 1643 1943 quod

935 1963 1054 1986 eorum
1077 1952 1192 1994 grstia
1207 1951 1370 1994 periisset
1385 1949 1618 1983 Archemorus
1630 1961 1641 1983 ε

936 2003 1011 2036 sive
1032 2002 1159 2045 offensi,
1181 2002 1356 2043 occupati,
1373 2010 1462 2034 novo
1482 2010 1644 2034 sermone

937 2054 1039 2087 dixit.
1060 2054 1162 2086 Idem.
1207 2053 1328 2085 Sedent
1341 2053 1383 2084 ad
1392 2051 1482 2084 busta
1494 2050 1646 2094 sepulcri]

937 2105 1049 2138 Immo
1077 2104 1180 2144 justa,
1206 2107 1245 2135 ut
1281 2102 1318 2134 in
1346 2102 1547 2134 melioribus
1577 2108 1645 2135 est.

937 2155 1111 2188 Ludorum
1134 2153 1331 2186 funebrium
1347 2153 1515 2187 solennia.
1560 2154 1648 2186 Erat

936 2205 1029 2238 idem
1056 2204 1177 2238 vitium
1202 2204 1293 2236 libro
1309 2212 1362 2237 tv,
1387 2207 1424 2236 et
1445 2210 1653 2237 correxera-'

937 2266 1027 2297 mus,
1043 2255 1103 2288 sed
1121 2253 1290 2297 praeventi
1305 2264 1325 2286 a
1337 2253 1491 2295 Cujacio.
1509 2255 1650 2288 Gronov.

983 2310 1027 2340 20
1052 2305 1137 2338 Orbe
1160 2304 1298 2346 recusso]
1331 2305 1460 2337 Furore
1482 2309 1543 2337 tuo
1569 2306 1646 2338 haec

941 2356 1096 2392 Gradive
1106 2355 1222 2389 fecisti
1235 2355 1436 2396 certamina,
1450 2360 1490 2388 ut
1505 2360 1566 2389 aut
1581 2356 1652 2388 dis-

940 2419 981 2443 co
996 2412 1186 2447 certarent,
1203 2410 1263 2439 aut
1278 2406 1456 2439 caestibus.
1475 2406 1628 2440 Luceant.

984 2462 1025 2493 21
1054 2457 1193 2500 OEbalii]
1237 2456 1406 2498 Pollucis,
1443 2464 1482 2490 ut
1518 2468 1646 2501 supra:

941 2510 1104 2543 ‘OEbalio
1140 2508 1265 2541 donem
1303 2508 1424 2550 lugere
1461 2508 1650 2551 magistro?

986 2615 1029 2645 22
1052 2611 1171 2643 Imm
1199 2608 1358 2652 voluptas]
1400 2609 1511 2642 Deest
1531 2609 1651 2650 suerit.

945 2663 1057 2697 Idem.

987 2716 1030 2746 26
1064 2712 1160 2745 Nunc
1187 2710 1282 2752 lenis]
1319 2711 1427 2746 Quasi
1454 2711 1534 2744 ideo
1561 2722 1652 2745 nunc

944 2765 1039 2797 Mars
1054 2763 1140 2796 lenis
1155 2763 1215 2805 sit,
1239 2772 1304 2795 nec
1327 2767 1447 2796 nostra
1472 2763 1652 2797 iracundia

944 2816 1118 2850 flectatur.
1140 2815 1238 2847 Idem.
