1878 3164
285 279 400 321 2006

284 383 480 416 Dulichium
499 393 566 416 nna
588 388 641 416 est
656 383 865 415 Echinadum
888 383 976 414 insu-

283 432 412 465 larum:
449 442 525 474 quae
563 434 629 465 alio
664 432 799 465 nomine
836 437 976 465 auctore

284 482 453 514 Strabone
467 483 611 514 Dolicha
619 483 791 514 nominata
804 486 879 514 est:
897 482 975 514 olim

283 531 417 574 Ulyssis
434 532 553 564 ditioni
568 532 716 564 subdita.
740 533 839 564 Idem.

324 585 345 613 7
359 582 421 614 Sed
433 585 498 614 tota
503 580 664 622 juvenem]
677 582 746 615 Sed
758 583 846 623 volo,
856 582 976 625 inquit,

275 633 439 673 juvenem
456 642 476 663 a
497 636 570 664 tota
591 633 711 673 Troja,
726 631 760 664 id
783 636 835 664 est
850 632 892 664 ab
908 642 976 664 om-

282 684 382 715 nibus
407 684 510 716 rebus
526 694 609 726 quas
630 685 723 717 circa
744 684 846 716 Ilium
862 685 976 726 gessit,

281 742 482 773 segregare:
506 733 541 765 id
557 738 621 775 est,
633 733 715 765 nihil
730 743 866 775 prorsus
887 744 908 766 a
922 744 976 767 me

280 782 449 815 scribetur
465 784 509 815 de
531 784 571 816 ils
585 793 662 826 quse
684 785 717 816 in
744 785 834 816 hello
859 784 976 817 Iliensi

281 837 380 872 gesta
410 838 489 865 sunt
519 843 538 866 a
559 834 700 875 Juvene.
755 835 856 867 Quod
890 833 976 867 fecit

280 881 392 914 Poeta
407 893 415 914 :
454 891 531 915 nam
561 884 634 925 ejus
673 883 883 925 propositum
911 883 977 917 fuit

278 932 343 965 hoc
359 942 462 974 opere
485 934 569 965 illud
594 938 726 966 tantum
742 933 891 966 scribere
907 943 976 976 quo

278 982 379 1014 modo
393 984 450 1026 (ut
465 983 630 1026 diximus)
646 994 666 1015 a
688 983 833 1016 Chirone
849 983 973 1016 educa-

277 1036 333 1065 tus
348 1033 403 1074 sit,
426 1039 463 1066 et
478 1039 516 1066 ut
532 1035 575 1066 ab
590 1035 712 1076 Ulysse
734 1034 824 1066 inter
843 1035 974 1076 puellas

277 1083 482 1124 Lycomedis
494 1085 651 1117 inventus
669 1084 854 1127 perductus
871 1086 916 1118 sit
930 1084 973 1117 ad

276 1133 414 1167 bellum.
438 1135 539 1167 Idem.

316 1186 338 1215 9
360 1183 517 1225 Secunda]
541 1184 690 1216 Primam
707 1184 796 1216 enim
812 1193 971 1216 coronam

275 1233 309 1265 in
327 1235 439 1274 priore
460 1244 565 1276 opere
591 1235 727 1275 meruit,
748 1243 838 1266 nunc
863 1235 978 1266 altera-

274 1285 429 1315 coronari
445 1285 605 1325 postulat.
626 1284 802 1316 Matio-emt.

318 1336 360 1365 10
378 1334 527 1374 Aonium]
550 1334 736 1366 Musicum.
765 1334 876 1365 Aonia
891 1334 971 1365 13oe-

273 1383 344 1414 otia
365 1383 503 1423 dicitur,
517 1383 608 1425 quod
630 1393 703 1415 eam
718 1383 832 1416 Aones
849 1381 970 1415 barba-

272 1441 320 1464 rae
347 1437 467 1473 gentes
490 1433 672 1474 aliquando
688 1437 885 1465 tenuerunt.
927 1433 970 1465 In

273 1481 409 1513 Boeotia
431 1485 545 1512 autem
566 1481 714 1514 Helicon
737 1482 908 1514 Parnasus
935 1486 971 1514 et

273 1532 458 1573 Cythaeron
473 1531 549 1562 loca
562 1530 670 1562 Musis
685 1538 802 1563 sacra:
827 1536 864 1563 ut
875 1532 972 1573 Virg-

273 1581 284 1598 ‘
295 1580 411 1612 Aonas
424 1578 577 1611 montes-²
609 1579 783 1611 Boeoticos
799 1578 972 1611 intellexit

272 1631 383 1663 Masis
414 1639 532 1662 saeros
560 1639 636 1662 cum
666 1629 735 1660 ait:
772 1627 911 1660 ‘Aonas
935 1629 971 1660 in

271 1686 405 1714 montes
421 1687 458 1713 ut
480 1681 619 1712 duxerit
634 1689 703 1710 una
718 1678 895 1710 sororum.'
917 1679 972 1711 Id.

317 1734 351 1763 ll
390 1731 560 1763 Albescunt
589 1732 725 1770 tempora
751 1727 879 1769 primia]
915 1728 970 1759 Sic

272 1782 357 1814 Mss.
372 1781 553 1823 plures‚sic
562 1780 766 1812 Scholiastes
778 1779 812 1810 in
826 1779 968 1811 membr.

272 1843 373 1875 quem
404 1831 569 1864 beneficio
598 1831 701 1863 Bern.
742 1829 969 1862 Rottendorfii

271 1883 354 1915 vidi.
377 1882 424 1914 At
439 1883 569 1922 inepte,
588 1880 696 1922 inquit
713 1879 895 1925 Gruterus.
921 1879 968 1912 At

272 1937 388 1972 errat3
405 1943 482 1965 nam
499 1933 627 1964 Noster
647 1931 721 1971 ipse
740 1929 800 1961 lib.
817 1937 867 1961 nr.
889 1929 967 1961 ‘va-

271 1989 342 2016 tem
358 1985 453 2016 cultu
475 1981 658 2023 Parnassia
679 1984 869 2012 monstrant
884 1980 967 2013 Vel-

270 2035 354 2075 lera,
372 2033 545 2065 frondenti
571 2031 714 2064 crinitur
737 2031 840 2062 cassis
863 2031 965 2073 oliva,

269 2085 428 2126 Albaque
454 2083 617 2125 puniceas
638 2082 832 2123 interplicat
858 2081 969 2114 infula

270 2133 416 2166 cristas.¹
458 2133 554 2174 Virg.
586 2132 660 2164 AEn.
687 2140 738 2163 vr.
778 2131 967 2163 ‘Omnibus

268 2185 320 2217 his
347 2184 447 2216 nivea
468 2184 652 2224 cinguntur
675 2186 830 2222 tempora
856 2180 967 2213 vitta!

269 2236 373 2268 Ovid.
396 2235 484 2266 Met.
510 2242 543 2266 v.
565 2234 574 2251 ‘
588 2232 791 2273 Cererisque
807 2232 965 2263 sacerdos

268 2285 442 2327 Alphitus‚
478 2283 607 2315 albenti
642 2283 776 2314 velatur
812 2286 966 2322 tempora

267 2334 381 2368 vitta!
425 2335 502 2366 Val.
533 2334 676 2364 Flaccus
704 2332 762 2363 lib.
790 2340 827 2364 v.
862 2332 964 2372 ‘pars

268 2385 403 2426 auguris
427 2385 504 2416 alba
520 2382 656 2414 Fronde
679 2385 785 2423 caput
799 2382 963 2424 vittisque

265 2435 400 2476 ligant!
443 2434 553 2466 Statio
585 2433 647 2473 ipsi
677 2431 901 2473 Amphiaraus
928 2436 964 2464 et

265 2486 459 2525 Melampus
476 2483 535 2515 lib.
552 2491 606 2514 ιιι.
620 2482 630 2499 ⁴
641 2482 748 2513 niveis
759 2482 868 2514 ornati
881 2486 964 2514 tem·

265 2544 350 2575 pora
380 2533 496 2565 vittis?
540 2532 586 2564 Et
615 2541 746 2563 rursum
777 2531 874 2563 alteri
903 2532 962 2565 lib.

266 2593 316 2616 vr.
340 2584 527 2616 ‘Concolor
543 2586 597 2614 est
612 2582 718 2613 niveis
743 2584 780 2613 et
803 2582 906 2613 cassis
925 2586 962 2614 et

264 2629 373 2666 infula
388 2633 524 2666 cristis.’
567 2633 661 2664 Busl.
685 2636 867 2672 augescunt,
893 2631 962 2664 for·

263 2689 388 2717 matum
412 2694 454 2715 ex
476 2686 654 2724 augescunt,
671 2683 760 2724 quod
774 2683 808 2715 in
824 2683 962 2725 quibus-

264 2735 342 2766 dam
369 2734 554 2765 invenitur.
599 2733 645 2764 Et
673 2738 788 2773 posset
813 2733 959 2771 admitti,

262 2785 327 2816 nisi
343 2785 486 2817 alterum
503 2784 618 2824 plures
633 2786 791 2814 auctores
807 2783 961 2815 haberet.

264 2836 370 2868 Foret
386 2834 486 2871 enim,
501 2833 694 2865 honestiora
713 2836 748 2864 et
765 2837 906 2874 augusta
921 2831 961 2864 fi-

742 290 882 322 NO'I'AE
914 291 1179 322 vARlORUM
1212 292 1265 323 IN

1025 387 1098 414 unt.
1143 383 1192 415 Ut
1217 383 1274 416 lib.
1303 393 1353 417 vr.
1375 394 1426 418 vs.
1452 387 1505 418 61.
1533 385 1719 430 ‘parvique

1027 437 1216 472 augescunt
1236 432 1356 467 funere
1378 435 1514 468 manes-³
1555 435 1611 469 Sic
1631 437 1719 469 enim

1026 481 1102 513 libri
1124 482 1226 514 etiam
1248 484 1379 525 optimi.
1420 485 1485 517 Vir
1505 485 1719 520 doctissimus

1025 531 1104 564 hinc
1129 537 1313 565 monstrum
1337 544 1421 566 voce
1446 545 1486 567 ac
1512 545 1550 567 re
1575 535 1719 577 creuit,

1024 587 1225 622 angunt-unt,
1250 588 1286 615 et
1311 584 1477 624 piissimos
1499 590 1595 618 vates
1615 585 1718 619 furia-

1025 641 1098 664 rum
1128 638 1255 666 terrore
1276 631 1461 677 insignivit.
1504 638 1580 670 Nec
1604 638 1719 680 potnit

1026 682 1205 728 contineri,
1220 685 1302 726 quin
1315 685 1403 717 hunc
1425 686 1580 718 abortum
1597 697 1717 728 agnos-

1025 735 1120 763 ceret
1133 733 1406 775 produceretque
1421 734 1464 766 ad
1479 735 1566 767 Livii
1576 735 1636 768 lib.
1649 745 1718 770 vn.

1027 784 1080 814 17.
1096 786 1133 814 et
1156 783 1304 824 lepidum
1317 784 1389 825 ipse
1405 790 1554 818 vocaret.
1579 786 1717 819 Gronov.

1068 833 1109 862 12
1132 831 1278 864 Dircaeus
1301 833 1393 874 ager]
1431 833 1474 865 Id
1500 838 1565 874 est,
1589 835 1718 868 Theba

1025 879 1161 920 quidem
1193 886 1301 914 testes
1331 887 1424 923 sunt,
1450 893 1505 916 me
1534 883 1630 917 facta
1655 894 1718 918 sna

1023 930 1215 973 scripsisse,
1229 935 1266 964 et
1278 932 1357 965 inde
1371 941 1529 966 coronam
1542 934 1719 968 mer-fise.

1023 982 1181 1023 Dircoeue,
1194 985 1382 1017 Thebanus.
1412 985 1502 1018 Nam
1517 985 1625 1019 Dirce
1640 995 1720 1020 aue-

1023 1035 1099 1064 tore
1114 1033 1278 1066 Strabone
1301 1033 1376 1067 fons
1398 1039 1455 1068 est
1474 1040 1554 1069 ante
1573 1035 1718 1069 Thebas.

1024 1081 1177 1115 Britann.

1067 1134 1108 1164 13
1131 1133 1197 1165 Suo
1219 1138 1384 1166 umnam
1405 1134 1574 1176 Amphione
1591 1134 1718 1179 mehe]

1023 1180 1127 1213 Zetus
1144 1186 1180 1214 et
1201 1182 1371 1225 Amphion
1386 1185 1483 1218 Jovis
1504 1188 1542 1216 et
1553 1183 1715 1228 Antiope

1022 1229 1095 1262 filii.
1139 1232 1244 1264 Zetus
1261 1233 1419 1274 rusticus,
1433 1233 1600 1275 Amphion
1616 1236 1717 1268 musi-

1023 1289 1096 1319 cus,
1122 1280 1291 1322 Amphion
1315 1284 1483 1315 citharam
1504 1293 1525 1316 a
1541 1285 1716 1318 Mercurio

1021 1330 1158 1370 meruit,
1172 1331 1267 1372 cujus
1291 1331 1473 1365 dulcedine
1497 1333 1624 1366 dicitur
1641 1343 1714 1366 nu·

1021 1389 1076 1410 ros
1092 1382 1255 1413 struxisse
1271 1383 1458 1416 Thebanos.
1480 1384 1572 1417 Βοιαὶ.
1618 1384 1714 1418 Can-

1020 1439 1077 1470 que
1096 1440 1151 1462 suo
1172 1435 1340 1464 mernerunt
1361 1433 1545 1475 Amphione]
1566 1434 1713 1468 Quidam

1021 1485 1057 1512 et
1070 1481 1182 1514 Schol.
1198 1488 1371 1516 numerant.
1399 1484 1522 1517 Plures
1536 1485 1626 1518 enin
1641 1486 1713 1527 ple-

1020 1539 1162 1572 rumque
1177 1542 1309 1572 magnae
1323 1534 1423 1566 urbes
1444 1534 1646 1567 Conditoroe
1667 1534 1714 1567 ob

1020 1579 1186 1611 beneficia
1201 1583 1410 1622 quorundam
1424 1582 1632 1616 referebant.
1655 1584 1714 1617 Sic

1020 1627 1216 1660 Menoeceus
1241 1631 1453 1663 ‘concinitur
1474 1633 1637 1665 cadmum
1663 1636 1713 1666 at-

1021 1687 1086 1718 que
1102 1677 1292 1720 Amphiona
1307 1690 1409 1721 snpra
1425 1682 1615 1714 Conditor-¹
1653 1681 1715 1716 sie

1021 1726 1165 1758 Romulo
1180 1732 1214 1759 et
1239 1729 1382 1760 Camillo
1405 1730 1545 1762 tertium
1559 1731 1714 1764 condito-

1019 1785 1089 1807 rem
1119 1777 1213 1809 urbis
1243 1778 1340 1811 addit
1367 1777 1567 1812 Africanum
1595 1780 1712 1815 Silius.

1018 1825 1165 1858 Senatus
1191 1827 1318 1860 addere
1343 1833 1498 1870 quartum
1520 1830 1628 1863 voluit
1642 1830 1712 1863 Au-

1017 1880 1152 1916 gustum
1168 1877 1272 1908 etiam
1287 1879 1442 1910 nomine:
1464 1879 1524 1910 sed
1547 1880 1710 1914 invidiam

1017 1924 1157 1967 refugit.
1199 1926 1318 1959 Aurei.
1335 1928 1455 1960 Victor
1479 1928 1523 1961 de
1546 1930 1711 1963 Constan-

1017 1976 1079 2008 tin.
1121 1977 1131 1995 ‘
1146 1976 1236 2009 Hinc
1258 1987 1318 2018 pro
1341 1977 1520 2010 conditore
1543 1988 1603 2012 seu
1628 1980 1710 2013 Deo

1015 2027 1173 2060 habitus!
1226 2029 1412 2070 Eutropius
1459 2029 1550 2070 apud
1587 2029 1710 2063 Claud.

1015 2083 1026 2097 ‘
1037 2079 1158 2111 tertius
1173 2079 1276 2111 Urbis
1291 2079 1482 2119 Conditor:
1499 2085 1628 2121 praeter
1637 2081 1708 2123 By·

1014 2134 1146 2161 zantem
1175 2135 1212 2162 et
1242 2130 1514 2162 Constantinum.
1558 2130 1628 2163 Ubi
1656 2135 1708 2164 ta-

1014 2188 1102 2211 mem
1117 2179 1256 2211 omissus
1271 2180 1470 2211 Pausanias.
1495 2180 1634 2214 Gronov.

1057 2230 1097 2260 14
1114 2229 1218 2270 Longe
1230 2229 1366 2270 primum
1375 2232 1476 2271 stupet
1491 2230 1576 2261 Itala
1589 2229 1706 2271 wem]

1014 2279 1200 2321 Aptissime
1254 2285 1447 2312 assentatur
1497 2281 1705 2322 Domitiano,

1014 2330 1101 2372 quod
1117 2340 1208 2372 saepe
1222 2330 1308 2363 facit
1324 2331 1356 2362 in
1368 2330 1490 2371 Sylvis,
1500 2330 1615 2373 sicque
1629 2332 1706 2373 ejus

1014 2379 1276 2412 benivolentiam
1292 2380 1357 2411 sibi
1372 2380 1542 2413 conciliat.
1578 2381 1705 2414 Sensus

1013 2434 1088 2461 est:
1115 2429 1159 2461 At
1176 2435 1224 2469 tu,
1239 2430 1443 2471 Imperator,
1459 2431 1514 2472 qni
1526 2430 1651 2463 litteris
1667 2436 1705 2464 et

1013 2479 1144 2511 Latinis
1161 2485 1198 2511 et
1213 2479 1344 2511 Graecis
1360 2480 1408 2511 ita
1423 2480 1586 2521 praeditus
1600 2490 1650 2521 es,
1665 2487 1703 2514 ut

1012 2529 1227 2561 admirationi
1241 2530 1286 2561 sis
1301 2530 1452 2562 omnibus
1465 2530 1654 2564 oratoribus
1668 2536 1706 2564 et

1012 2579 1122 2621 poetis
1138 2584 1208 2611 tam
1224 2579 1356 2612 Graecis
1377 2589 1476 2620 quam
1491 2580 1636 2620 Latinis,
1659 2591 1706 2614 ω·

1011 2640 1078 2672 quo
1105 2630 1216 2661 animo
1242 2635 1360 2671 patere
1384 2630 1412 2661 si
1439 2639 1458 2661 a
1486 2630 1583 2662 nobis
1609 2631 1703 2672 prins

1011 2680 1172 2720 Achilles,
1186 2689 1286 2721 quam
1301 2679 1393 2711 facta
1415 2685 1474 2711 tua
1489 2681 1681 2713 scribantur
1691 2692 1701 2712 ε

1010 2741 1087 2762 nam
1111 2730 1307 2771 imperatori
1330 2739 1366 2761 se
1388 2729 1462 2770 ejus
1483 2734 1580 2771 gesta
1595 2730 1704 2771 scrip-

1011 2785 1123 2813 turum
1149 2780 1318 2822 pollicitus
1334 2778 1461 2812 fuerat.
1504 2780 1588 2812 Itala
1602 2780 1704 2812 virtue

1011 2830 1185 2872 Graiaque]
1207 2829 1262 2861 Ad
1277 2829 1361 2861 illud
1376 2832 1551 2863 certamen
1565 2839 1704 2873 respex-
