1878 3164
279 207 299 248 l
306 203 393 248 890

279 319 342 345 nos
356 308 535 352 gerebant.
579 307 775 342 AEmilianus
788 307 881 350 apud
906 307 982 339 Ma„

279 361 432 396 crobium
464 359 636 393 Saturnal.
660 368 717 392 ιιι.
742 360 794 390 14.
817 358 827 376 ⁴
845 358 983 391 Ductus

278 422 350 448 aum
376 412 410 444 in
437 411 553 444 ludum
575 409 898 451 saltatorium‚plns‚
912 418 983 441 me-

278 461 356 494 dius
371 462 483 497 fidius,
501 461 534 493 in
551 470 593 493 eo
608 460 688 492 ludo
702 460 771 492 vidi
787 459 900 502 pueri·
916 458 983 491 vir·

279 513 484 554 ginibusque
514 511 723 554 quingentis,
746 511 780 543 in
804 511 855 543 bis
879 520 983 542 unum

279 563 365 605 (quo
381 572 434 595 me
454 563 598 596 maxime
623 562 782 603 Reipubl.
802 561 983 594 misertum

279 613 351 654 est)
378 623 519 655 puerum
546 612 711 645 bullatum
733 611 897 644 Petitoris
918 610 983 643 tili-

279 664 360 696 um·’
403 663 581 698 Juvenalis
607 663 680 695 Sat.
702 671 782 696 xiv,
805 662 922 694 ‘ludit
946 667 984 694 et

278 716 377 749 heres
393 715 568 754 Bullatus‚
590 723 762 756 parvoque
777 714 897 750 cadem
914 723 985 745 mo-

279 768 340 805 vet
367 773 463 797 arma
490 763 636 796 fritillo!
693 764 786 796 Hinc
807 764 818 782 ‘
843 763 983 796 bullatae

279 813 405 855 nugae,’
441 823 504 856 pro
541 815 551 832 ⁴
581 814 789 856 puerilibus)
843 814 984 846 Persius

280 865 356 899 Sat.
379 874 415 897 v.
439 865 450 883 ‘
470 864 549 897 Non
579 861 738 906 equidem
766 864 829 896 hoc
860 864 983 896 studeo

279 914 421 948 bullatis
437 918 475 948 ut
490 914 570 947 mibi
586 915 685 956 nugis
701 915 833 955 Pagina
848 919 983 956 turges-

280 964 359 997 cat.¹
402 965 526 1006 Capies
542 964 586 996 ab
604 965 669 997 hac
692 969 809 997 mente
823 966 985 998 Juvenal.

279 1016 352 1050 Sat.
368 1025 455 1049 xm.
478 1019 487 1034 ‘
502 1015 556 1048 dic
580 1015 693 1047 senior
716 1015 810 1047 bulla
826 1015 982 1056 dignissi-

279 1065 355 1099 me!
398 1065 441 1098 Id
458 1070 526 1105 est,
549 1066 606 1108 qui
631 1066 722 1098 inter
748 1075 872 1106 pueros
891 1065 983 1097 refe·

278 1117 377 1148 raris.
413 1116 592 1157 Intelliges
607 1117 712 1148 etiam
724 1115 906 1157 Virgilium
921 1116 982 1149 lib.

277 1176 330 1199 vr.
360 1166 404 1198 de
431 1167 556 1208 puerili
581 1167 717 1208 agmine
749 1167 980 1200 scribentem:

277 1218 286 1235 ‘
310 1217 338 1248 it
366 1224 509 1258 pectore
533 1227 664 1249 summo
687 1217 830 1249 Flexilis
852 1217 982 1250 obtorti

280 1277 342 1308 per
361 1268 486 1300 collum
509 1268 658 1300 circulus
681 1267 778 1300 auri.'
821 1268 980 1310 Denique

279 1318 379 1355 scito,
395 1328 473 1350 cum
488 1323 602 1359 togam
615 1318 746 1350 virilem
759 1319 857 1359 pueri
871 1328 981 1350 aume-

280 1374 371 1408 rent,
388 1368 514 1400 bullam
537 1369 680 1401 Laribus
704 1368 811 1400 dicari
835 1369 981 1401 solitam.

279 1418 422 1452 Persius
437 1419 509 1451 Sat.
525 1428 560 1451 v.
583 1419 594 1438 ‘
609 1419 694 1451 Cum
718 1419 864 1460 primum
885 1418 982 1459 pavi·

279 1469 324 1501 do
341 1474 460 1502 custos
477 1469 559 1501 mihi
570 1478 723 1510 purpura
736 1469 852 1506 cessit,
867 1469 982 1501 Bulla-

278 1530 343 1562 que
358 1520 542 1552 succinctis
553 1519 695 1553 Laribus
707 1519 836 1551 donata
853 1528 983 1560 pepen-

278 1570 354 1603 dit!
378 1571 531 1603 Ber-nort.

321 1623 363 1652 85
385 1620 544 1662 Auguris]
567 1620 678 1652 Pater
692 1629 811 1661 pyram
836 1619 905 1652 filio
928 1619 980 1651 fa-

279 1671 406 1711 ciebat,
422 1670 584 1703 sacerdos
597 1670 770 1712 serpenti3
784 1670 863 1712 quia
875 1669 979 1702 fuisse

278 1723 405 1756 Martis
419 1722 508 1754 filius
523 1722 742 1755 credebatur.
764 1723 912 1756 Laetam.

321 1775 362 1805 95
388 1772 568 1815 Nymphas]
586 1773 755 1814 Nymphae
770 1773 829 1804 diu
845 1773 978 1814 vivunt,

277 1827 313 1854 et
340 1827 455 1855 tamen
481 1824 685 1855 moriuntur.
704 1832 710 1838 ·
730 1822 838 1855 Istam
862 1828 979 1855 autem

278 1883 397 1914 pyram
424 1873 508 1905 dicit
531 1873 596 1904 illis
618 1872 845 1914 antiquiorem
864 1873 979 1911 fuisse,

277 1930 313 1955 et
340 1929 419 1965 post
443 1927 588 1955 mortem
615 1923 748 1954 illarum
775 1923 977 1956 incolumem

277 1974 322 2005 ob
337 1975 497 2006 bonorem
512 1973 657 2005 numinis
675 1973 887 2014 perdurasse.
922 1974 981 2006 Ve-

276 2028 365 2055 temo
376 2028 490 2055 autem
502 2023 590 2055 dixit
600 2023 644 2054 ad
657 2023 923 2055 ostentationem
934 2034 979 2056 ae-

277 2074 360 2105 tatis
373 2073 535 2113 antiquae.
560 2073 660 2104 Idem.
705 2073 872 2114 Nymphas
886 2074 980 2106 etiam

275 2123 426 2164 mutasse]
448 2121 541 2154 Ride
567 2122 742 2154 homiuum
772 2123 976 2155 stultitiam:

276 2175 345 2215 qui,
358 2183 424 2205 non
439 2172 590 2205 contenti
607 2172 873 2204 innumerabiles
890 2183 979 2214 pene

276 2222 546 2264 Deos-finxisse,
570 2223 735 2255 mortales
759 2224 865 2255 etiam
882 2233 978 2266 quos-

276 2275 353 2306 dam
386 2284 430 2306 ex
472 2275 513 2306 iis
553 2273 755 2307 credebant.
813 2274 977 2316 Capella:

274 2325 283 2342 ‘
297 2324 424 2361 Panes,
436 2324 558 2364 Fauni,
568 2324 698 2365 Satyri,
709 2324 860 2365 Sylvani,
874 2325 978 2366 Nym-

274 2375 365 2415 phae,
380 2374 493 2413 Fami,
510 2374 710 2415 Fatuaeque,
726 2374 780 2405 vel
796 2375 898 2406 etiam
915 2376 977 2406 Fa-

273 2433 340 2461 nae,
354 2435 374 2456 a
388 2425 508 2467 quibus
524 2424 605 2456 fana
617 2424 724 2464 dicta,
739 2424 829 2467 quod
844 2425 978 2458 soleant

274 2473 443 2515 divinare,
464 2474 498 2505 hi
515 2483 634 2506 omnes
651 2478 730 2514 post
747 2474 913 2514 prolixum
931 2485 976 2506 ae-

275 2534 353 2556 vum
383 2525 573 2556 moriuntur
602 2528 640 2556 ut
669 2525 849 2556 homines.’
906 2524 977 2557 Adi

273 2574 479 2608 Pausaniam
513 2574 688 2612 Phocicis‚
727 2580 764 2607 et
798 2574 976 2617 Apollonii

273 2623 484 2655 Scholiasten
499 2634 508 2654 :
532 2624 600 2655 imo
616 2623 707 2666 quod
728 2625 835 2665 magis
851 2625 975 2656 ridicu-

273 2673 355 2711 lum,
400 2683 545 2714 praeesse
587 2674 766 2706 arboribus
808 2676 976 2716 putabant

272 2723 461 2764 Nymphas,
477 2733 639 2756 earumve
654 2729 798 2757 mortem
815 2725 858 2757 ab
875 2726 974 2758 arbo-

273 2772 319 2805 ris
357 2773 499 2806 interitu
539 2773 746 2815 dependere.
804 2774 972 2807 Ovidius:

744 212 890 245 NOTAE
923 211 1190 245 VARmRUM
1222 212 1275 244 m

1031 307 1041 326 ⁶
1058 307 1174 340 Naida
1189 306 1386 340 vulneribus
1398 305 1548 340 succidit
1562 305 1599 339 la
1608 305 1732 341 artare

1031 357 1149 391 factis.
1193 359 1263 391 Illa
1278 358 1380 400 perit.
1407 356 1515 389 fatum
1531 357 1665 390 Naidos
1677 366 1734 391 ar-

1032 410 1095 442 bor
1110 409 1209 443 erat!
1241 410 1312 442 Cur
1325 409 1414 441 enim
1427 414 1613 442 veneratur
1625 408 1734 452 Nym·

1032 460 1116 501 phas
1129 459 1276 492 AEneas?
1299 459 1363 491 nisi
1379 459 1457 501 quia
1470 457 1661 500 metuebat,
1672 457 1735 491 ah·-

1033 520 1142 552 quamss
1163 520 1280 543 earum
1307 520 1345 542 se
1375 510 1504 542 laesisse
1533 510 1568 542 iu
1594 509 1732 550 ubooe,

1032 562 1128 603 cujus
1150 570 1262 594 ramos
1287 562 1448 601 vulserat,
1464 565 1501 593 et
1515 569 1558 593 ex
1576 568 1735 601 quaeau-

1033 612 1169 653 gainem
1185 611 1318 644 stillare
1335 611 1487 646 videbat.
1502 620 1564 643 car
1578 611 1733 648 Quem

1032 672 1123 694 suam
1154 662 1242 694 dixit
1267 662 1424 694 Seneca?
1455 661 1520 694 nisi
1547 661 1628 704 quia
1654 661 1735 694 hnic

1034 712 1150 753 Dryas
1176 721 1324 750 annexa,
1347 716 1387 744 nt
1407 711 1631 744 credebatur-2
1654 720 1735 754 pre-

1034 763 1119 794 tium
1135 772 1251 804 operae
1267 763 1341 795 haec
1357 761 1440 794 talia
1454 771 1605 802 monere,
1626 762 1682 795 vel
1694 767 1735 795 at

1033 813 1204 855 intelligas
1228 813 1366 855 Papinii
1387 815 1536 846 mentem
1550 812 1735 846 Tiburtino

1033 864 1156 895 Manlii
1170 875 1179 896 ι
1196 865 1207 882 ‘
1219 863 1311 897 Quid
1323 868 1359 896 te
1374 873 1451 905 quae
1462 863 1582 896 mediis
1596 868 1736 898 senata

1033 914 1216 955 penatibus
1232 914 1347 954 arbor,
1365 914 1472 946 Tecta
1488 924 1551 956 per
1564 918 1603 946 et
1616 917 1734 956 postes

1032 964 1179 1006 liquidas
1202 963 1347 1005 emergis
1368 964 1402 996 ia
1425 963 1548 1005 auras,¹
1562 965 1628 997 &00
1649 963 1734 997 Ber-

1032 1017 1118 1046 nart.
1665 1028 1666 1031 ¹

1075 1068 1118 1097 99
1143 1064 1372 1106 Chaoniumque
1383 1064 1506 1106 nemas]
1528 1065 1632 1098 Ovid-
1646 1065 1734 1099 lranc

1034 1116 1324 1147 enumerationem
1333 1114 1489 1147 arborum
1497 1115 1658 1157 epithetis
1665 1116 1735 1149 ania

1034 1165 1168 1197 decimo
1195 1165 1284 1197 libro
1314 1165 1534 1198 monstravit:
1569 1167 1580 1184 ‘
1603 1166 1734 1200 Umbra

1034 1215 1110 1247 loco
1125 1215 1233 1255 venit,
1248 1225 1315 1247 non
1331 1215 1477 1247 Chaonis
1492 1215 1603 1249 abfuit
1621 1217 1736 1259 arbor,

1035 1265 1114 1296 Non
1130 1274 1249 1297 nemus
1266 1265 1463 1307 Heliadum,
1477 1276 1542 1299 nec
1556 1266 1733 1301 frondibus

1034 1316 1178 1347 aesculus
1200 1317 1291 1356 altis,
1314 1317 1389 1349 Nec
1411 1317 1495 1349 tilioe
1514 1318 1645 1360 molles,
1666 1329 1735 1353 nec

1034 1365 1147 1407 fagus,
1161 1370 1198 1398 et
1218 1367 1344 1399 innuba
1366 1367 1505 1408 laurus,'
1518 1370 1584 1400 &1:-
1630 1369 1732 1402 Chao-

1034 1416 1177 1457 niumque
1199 1419 1321 1459 nemus]
1352 1417 1504 1450 Arbores
1532 1418 1631 1460 dicit,
1655 1429 1732 1462 quae

1034 1467 1180 1499 maxime
1196 1467 1373 1501 abundant
1387 1469 1421 1500 in
1441 1479 1484 1501 eo
1498 1470 1736 1505 nemore-Iovi

1034 1525 1184 1558 sacrato,
1194 1518 1251 1550 ubi
1266 1519 1369 1550 etiam
1385 1519 1470 1560 ipsae
1484 1529 1546 1561 per
1560 1521 1736 1554 columba·

1035 1567 1165 1601 dabant
1180 1578 1355 1610 responsa.
1399 1570 1496 1612 Virg.
1518 1570 1528 1590 ⁴
1545 1570 1662 1613 Atque
1674 1571 1733 1605 lra-

1033 1619 1116 1653 bitae
1143 1621 1257 1653 Graiis
1289 1621 1426 1653 oracula
1452 1620 1623 1663 quercus!
1645 1621 1735 1655 dixit

1034 1675 1148 1703 autem
1171 1671 1345 1704 Chaonium
1364 1681 1482 1712 nemus,
1507 1681 1528 1703 a
1553 1676 1628 1704 toto
1653 1682 1733 1714 par-

1033 1724 1102 1752 tem
1113 1720 1307 1753 ostendens.
1338 1721 1443 1753 Iuaesa
1452 1721 1631 1763 cupream]
1642 1722 1731 1757 Qnae

1032 1780 1202 1812 nunquam
1231 1771 1370 1803 exuitur
1398 1772 1527 1804 bonore
1562 1771 1737 1807 foliorum!->

1031 1821 1133 1854 Idem.
1162 1823 1166 1829 '

1075 1875 1139 1903 109
1156 1872 1267 1905 Citius
1292 1876 1443 1905 nocturna
1469 1873 1607 1915 peredit]
1639 1875 1731 1908 Scri-

1033 1923 1181 1955 bendum
1208 1933 1252 1955 ex
1278 1924 1419 1956 membr.
1439 1926 1563 1966 peregit
1589 1925 1731 1959 Ham

1032 1984 1146 2006 nemus.
1177 1974 1252 2007 Lib.
1270 1984 1304 2006 v.
1328 1976 1338 1993 ‘
1356 1975 1475 2016 longus
1490 1976 1547 2007 vix
1563 1980 1637 2008 tota
1651 1985 1735 2019 pers

1031 2023 1103 2065 egit
1117 2023 1277 2055 Membra
1297 2023 1416 2056 dolor!
1457 2024 1614 2057 Valerius
1635 2026 1730 2059 Flac-

1030 2084 1090 2107 cus
1120 2075 1177 2107 lib.
1205 2083 1231 2106 1.
1269 2075 1279 2092 ‘
1302 2074 1441 2116 peragit
1464 2074 1579 2109 Clanis
1601 2075 1731 2108 Actora

1030 2124 1185 2166 quercu!
1226 2125 1356 2157 Eodem
1382 2134 1483 2157 sensu
1508 2135 1588 2168 quo,
1611 2125 1728 2160 coufe-

1030 2175 1090 2206 cit.
1121 2174 1259 2207 Gronov.

1072 2227 1134 2256 111
1156 2225 1288 2256 Arbiter
1301 2225 1432 2267 umbroe]
1457 2225 1498 2258 Id
1515 2231 1581 2268 est,
1605 2226 1727 2260 domus

1028 2283 1214 2306 nemorum.
1237 2275 1385 2308 Lactant-
1640 2288 1643 2290 ·

1071 2326 1133 2355 112
1144 2323 1376 2366 Semideumque
1384 2326 1494 2368 pecus]
1507 2326 1634 2360 Panes.
1663 2329 1728 2361 Te-

1027 2373 1108 2414 tigit
1146 2374 1234 2406 hanc
1275 2375 1482 2416 opinionem,
1519 2382 1558 2409 ut
1593 2377 1733 2411 diceret'

1028 2423 1204 2465 Nymphas
1233 2428 1269 2456 et
1295 2425 1426 2457 Faunos
1451 2436 1526 2458 esse
1552 2429 1726 2462 mortales.

1025 2473 1124 2514 Virg.
1150 2473 1239 2506 dixit
1259 2475 1408 2507 Turnum
1433 2486 1452 2507 a
1467 2477 1600 2509 Venilia
1617 2477 1726 2519 Nym·

1025 2523 1094 2564 pha
1108 2527 1238 2564 natum,
1263 2524 1307 2555 ab
1327 2525 1432 2557 AEnea
1452 2531 1621 2560 monstrat
1635 2528 1728 2560 occi-

1025 2582 1111 2612 sum,
1126 2582 1203 2604 cum
1219 2573 1324 2613 ipsius
1342 2580 1464 2607 auctor
1478 2577 1650 2617 sauguinis
1664 2577 1726 2609 im-

1025 2623 1178 2654 mortalis
1201 2628 1304 2655 esset.
1347 2624 1435 2657 Sunt
1457 2625 1516 2667 qui
1539 2625 1660 2659 dicunt
1685 2627 1725 2659 il-

1024 2673 1092 2704 lam
1126 2682 1240 2705 auram
1276 2675 1435 2715 numinis,
1464 2685 1540 2718 quoe
1569 2675 1724 2709 fontibus

1024 2723 1273 2767 arboribusque
1315 2725 1478 2758 devincta
1530 2731 1594 2766 est,
1641 2737 1725 2760 casn

1024 2779 1084 2808 aut
1123 2785 1212 2818 aqua
1254 2777 1394 2819 siccata,
1434 2782 1493 2811 aut
1520 2779 1638 2812 excisa
1671 2789 1735 2812 ar-‘
