1878 3164
226 188 341 230 1750

227 291 302 333 Ego
316 291 428 323 omnia
443 290 630 322 infortunia
645 284 705 322 tua
718 299 850 322 mecum
866 300 925 322 au-

223 342 310 376 fero.
353 343 412 375 Ita
435 346 530 374 recte
557 342 827 382 interpretamur
849 351 926 373 cum

224 393 400 432 Gevartio,
414 391 505 432 apud
522 400 621 433 quem
639 391 716 422 vide
731 391 804 423 haec
826 391 927 423 latius

224 442 335 475 Elect.
348 442 410 474 lib.
425 450 482 473 ιιι.
499 451 534 483 p.
550 442 624 472 115.
646 440 767 472 Barth.

268 497 331 527 188
356 495 536 535 Nuncquod
549 493 636 534 cupis
650 493 716 533 ipse
729 492 845 534 videri,
857 492 929 534 ξω]

223 544 343 575 Verba
367 553 410 575 ex
427 547 635 575 testamento
650 541 818 573 Priscillae
834 546 923 582 sunt,

224 592 305 626 fidei
320 593 435 625 mariti
451 592 708 628 committentis,
724 594 763 623 ut
778 595 928 623 statuam

226 643 372 674 Caesaris
387 642 422 673 in
436 641 606 683 Capitolio
621 640 853 672 collocandam
869 650 928 673 cu·

223 696 329 732 raret,
354 701 397 723 ex
426 692 500 723 auri
529 691 644 732 pondo
670 695 829 723 centum:
846 691 929 723 adu-

223 741 307 772 latio
337 742 509 773 Caesarum
540 750 614 772 aevo
643 739 930 782 frequentissima.

226 791 327 832 Lapis
340 795 439 823 vetus
454 791 488 822 in
512 790 714 832 Hispaniis:

437 849 595 872 minum.
618 849 705 874 sva.

248 898 280 921 1..
297 898 505 922 nvenemtvs.
521 897 743 921 FVLVIANVS.
761 898 912 922 runnu

266 949 344 972 con.
357 949 573 972 lMMvmvm.
586 948 816 972 Pnovus‘run

265 998 408 1022 ΒΑΕ-[ιο.
425 996 573 1022 Pom-11³.
589 997 799 1021 PERPETvvs

266 1048 402 1072 noluvs.
419 1048 558 1073 svm-⁷1¹.
575 1048 607 1070 P.
625 1049 652 1072 1.
670 1048 730 1071 nx.
745 1047 833 1072 ane.
849 1049 884 1071 P.

225 1088 417 1121 Meminere
427 1090 530 1121 etiam
543 1089 742 1131 frequenter
752 1089 776 1122 J
778 1090 928 1122 uriscon-

227 1141 307 1172 sulti
323 1140 446 1186 nostri.
461 1141 504 1172 ab
519 1141 584 1172 hac
598 1143 715 1171 mente
738 1140 842 1180 igitur
862 1139 930 1171 Pa-

223 1191 348 1231 pinius,
365 1189 427 1222 sed
444 1190 589 1231 pessime
612 1190 656 1221 ab
678 1189 850 1231 imperitis
874 1199 928 1221 ac-

223 1243 355 1281 ceptus,
370 1240 421 1271 uti
434 1239 578 1281 quilibet
593 1238 775 1280 perspicit,
789 1238 855 1270 nisi
870 1239 929 1280 qui

222 1299 342 1331 parum
370 1289 496 1330 sapiat,
519 1293 579 1321 aut
606 1288 743 1320 videat:
775 1292 814 1319 tu
841 1289 929 1320 viros

226 1339 347 1371 doctos
374 1339 455 1373 audi
484 1338 624 1380 (quibus
644 1338 857 1380 suffragatur
872 1348 929 1371 ve-

222 1388 297 1431 tus)
329 1388 560 1420 rescribentes
576 1399 587 1420 :
624 1391 634 1408 ·
650 1393 687 1420 et
715 1389 805 1430 quod
832 1389 930 1430 cupis

223 1439 297 1480 ipse
308 1439 448 1480 juberi.’
470 1439 622 1470 Bernart.

264 1491 329 1520 202
367 1487 519 1528 conjuge]
567 1487 754 1529 Eurydice,
796 1487 930 1529 Orphei

222 1547 320 1569 uxor.
354 1538 446 1570 Nota
462 1537 590 1569 fabula.
628 1537 710 1569 Fuit
725 1537 808 1569 item
821 1538 929 1579 Eury-

224 1588 301 1620 dice
314 1587 469 1629 Clymeni
484 1587 554 1619 filia
566 1597 652 1620 uxor
669 1588 839 1628 Nestoris,
852 1598 929 1630 quoe

224 1639 255 1669 ei
288 1639 426 1680 peperit
454 1642 588 1679 septem
617 1637 704 1670 filios
735 1644 772 1671 et
794 1639 930 1671 unicam

222 1687 341 1720 filiam.
386 1688 545 1729 Denique
575 1687 764 1729 Eurydice,
790 1688 834 1720 de
863 1699 930 1730 qua

223 1737 299 1769 haec
317 1737 692 1778 Pherecydesscribit:
708 1737 862 1780 Ἀκρίσιος
871 1750 938 1779 ’γα-Α

220 1788 276 1826 μεῖ
287 1786 453 1827 Εὐρυδίκην
473 1786 533 1825 τὴν
549 1788 790 1829 Λακεδαίμονος,
813 1791 877 1821 τῶν
897 1789 930 1821 δὲ

221 1836 340 1875 ’γίνεται
352 1835 469 1874 Δανάη·
479 1835 626 1877 χρωμένω
639 1837 708 1880 περὶ
722 1838 848 1880 ἆρσενὸς
858 1852 931 1871 παι·

221 1885 287 1926 δὸς,
314 1886 449 1928 ἔχρησεν
471 1888 488 1918 ὁ
502 1886 580 1924 θεὸς,
593 1899 622 1920 κ.
637 1900 668 1921 τ.
682 1894 717 1920 λ.
762 1890 809 1921 Et
824 1891 930 1931 Eury-

223 1938 303 1968 dice
328 1943 440 1969 mater
467 1933 653 1979 Haemonis,
678 1939 736 1980 qui
762 1939 805 1970 ad
821 1945 930 1972 tumu-

221 1988 290 2018 lum
320 1986 512 2028 Antigones
528 1997 564 2019 se
586 1988 739 2030 necavit,
754 1993 792 2020 ut
807 1990 931 2022 scribit

221 2037 470 2079 Apollodorus.
494 2038 617 2070 Domie.

265 2091 328 2120 205
355 2088 418 2120 Ille
439 2088 536 2120 etiam
560 2092 656 2129 certe,
670 2089 740 2131 εγω]
773 2090 932 2122 Scriben-

223 2137 316 2178 dum,
343 2141 451 2178 εει-ια’,
482 2138 516 2169 id
546 2144 600 2170 est
628 2139 718 2171 haud
749 2140 931 2182 ambiguae.

222 2186 359 2218 Alludit
370 2186 520 2219 fabulam
533 2186 674 2220 Admeti
686 2193 722 2220 et
734 2189 931 2222 Alcestidis.

222 2238 361 2277 Nempe
378 2247 454 2268 cum
471 2247 537 2269 non
550 2237 688 2270 dubium
701 2244 807 2280 esset,
819 2243 931 2271 utrum

222 2288 304 2327 ipsi,
325 2296 368 2318 an
391 2288 490 2318 uxori
516 2288 587 2319 vita
613 2288 803 2321 deserenda
828 2293 931 2328 esset,

228 2338 286 2369 Sic
302 2338 409 2370 Mart.
433 2339 443 2355 ‘
460 2338 516 2369 Tu
532 2339 653 2370 melius
668 2344 774 2371 certae
790 2340 932 2372 meruis-

222 2389 247 2418 ti
278 2388 421 2428 pignore
452 2388 545 2428 vitae,
574 2389 620 2420 Ut
647 2389 710 2421 tibi
744 2399 812 2422 uon
838 2395 933 2422 esset

224 2444 337 2469 morte
353 2438 547 2478 probandus
561 2438 679 2470 amor!
703 2440 803 2472 Gron.
819 2440 932 2473 Diatr.

266 2490 330 2518 213
355 2488 535 2526 Pataestini,
559 2489 630 2530 ἐγὼ]
653 2488 713 2519 Bis
736 2493 860 2530 peccat
875 2489 930 2521 hic

231 2536 429 2568 Gevartius.
475 2537 593 2568 Primo
619 2538 697 2569 dum
727 2538 932 2570 Palaestinos

228 2593 264 2618 et
281 2586 448 2617 Hebraeos
462 2586 609 2628 liquores
623 2596 685 2628 pro
702 2587 821 2619 eodem
835 2598 932 2619 usur·

225 2637 301 2679 pari
329 2641 444 2678 putat,
465 2647 588 2678 nempe
610 2648 672 2678 pro
689 2638 853 2678 balsamo,
874 2640 932 2680 qui

225 2694 338 2730 tam-en
356 2687 418 2719 nisi
436 2688 526 2728 apud
550 2688 696 2720 Statium
719 2688 932 2729 distinguun-

220 2742 290 2777 tur,
315 2736 426 2768 inanis
457 2737 619 2777 repetitio
646 2738 850 2772 admittatur
869 2749 930 2771 ne-

685 199 829 231 NO'I'AE
859 199 1125 232 VARIORUM
1161 202 1212 233 IN

977 301 1073 324 cesse
1087 297 1151 326 est.
1194 294 1316 336 Itaque
1342 294 1549 326 Palaesunos
1570 293 1681 337 llqflr-

979 352 1033 374 res
1055 343 1263 384 interpretor
1288 345 1459 386 Syriacos,
1478 348 1563 386 puta
1587 350 1682 376 mam·

978 403 1035 432 na,
1061 403 1159 435 quem
1176 403 1285 427 rorem
1301 395 1478 436 Syriacum
1495 394 1609 427 vocari
1620 393 1681 427 ob*

977 444 1129 475 servavit
1144 444 1270 476 Petrus
1285 445 1448 485 Crinitus,
1461 449 1496 476 et
1511 443 1679 477 Brodoefls

978 491 1012 524 in
1033 493 1180 524 Miscell.
1221 493 1410 525 Palaestina
1433 498 1548 526 autem
1575 493 1681 534 Syria

979 543 1056 573 olim
1079 543 1175 575 dicta
1200 544 1290 575 Plin.
1316 544 1375 576 lib.
1401 552 1438 575 v·
1459 553 1539 584 cap.
1564 546 1618 575 12.
1644 546 1683 576 et

978 593 1058 625 hinc
1074 592 1281 626 Palaestinus
1295 595 1402 636 Syrus
1412 594 1546 626 Tibullo
1555 594 1683 627 dieitur

978 642 1038 675 lib.
1056 652 1083 675 1.
1102 643 1272 675 Hebraeos
1287 653 1367 676 vcro
1382 644 1530 685 liquores
1543 646 1680 683 expono

978 692 1177 733 balsamum,
1193 692 1281 734 quod
1299 693 1461 725 Hebroels
1477 691 1680 734 Judoeisque

979 743 1164 783 peculiare,
1178 746 1267 774 teste
1283 743 1374 776 Plin.
1390 743 1450 775 lib.
1465 750 1534 774 xn.
1552 751 1631 784 cap.
1646 746 1682 774 θ.

979 796 1015 823 et
1026 791 1058 823 id
1076 794 1227 833 gratulor
1247 792 1379 823 venisse
1398 792 1432 823 in
1446 796 1593 824 mentem
1610 791 1682 824 Ge·

979 841 1100 873 vartio.
1143 842 1262 883 Syrios
1278 842 1399 873 odores
1425 842 1467 873 ad
1482 840 1608 873 funera
1621 841 1683 874 ad·

978 890 1107 922 hibitos
1123 891 1225 923 testis
1240 891 1444 932 Propertius
1459 890 1566 923 libat.
1582 891 1683 932 Eleg-

980 943 1033 973 13.
1063 941 1140 972 Nec
1152 941 1252 973 modo
1265 950 1388 972 manna
1402 940 1463 972 sed
1480 945 1515 972 et
1531 940 1683 973 maloba-

978 990 1091 1021 thrum
1106 999 1169 1030 per
1183 989 1384 1021 Palaestinos
1398 990 1546 1032 liquores
1560 989 1683 1022 licebit

979 1047 1163 1080 exponere,
1176 1040 1232 1080 qui
1256 1038 1373 1070 frutex
1389 1039 1420 1070 in
1443 1038 1542 1080 Syria
1569 1037 1681 1071 nasei-

981 1092 1036 1120 tur
1053 1099 1063 1120 :
1088 1098 1131 1120 ex
1160 1099 1200 1120 eo
1231 1092 1407 1129 unguenta
1435 1087 1510 1120 fieri
1539 1088 1685 1121 odorata

979 1142 1109 1179 praeter
1133 1137 1318 1170 Horatium
1343 1138 1443 1170 testis
1464 1138 1685 1170 Dioscorides

979 1189 1039 1221 lib.
1055 1198 1082 1220 1.
1098 1198 1174 1230 cap.
1185 1192 1238 1220 10.
1256 1193 1292 1221 et
1307 1189 1398 1222 Plin.
1414 1190 1436 1221 l.
1453 1197 1522 1223 ΧΠ.
1536 1199 1614 1230 cap.
1628 1192 1685 1222 2⁶.

979 1237 1110 1280 Aptum
1147 1242 1202 1270 est
1235 1238 1412 1270 servandis
1443 1239 1684 1280 cadaveribus,

979 1299 1055 1321 cum
1072 1289 1117 1320 sit
1138 1288 1285 1320 calidum
1304 1293 1342 1321 et
1364 1289 1505 1330 siccum,
1523 1294 1561 1321 nt
1574 1289 1686 1332 inquit

979 1338 1165 1371 Avicenna.
1210 1340 1305 1371 Cruc.
1348 1339 1534 1381 Palmati-ai]
1564 1340 1657 1380 Lege
1674 1349 1684 1370 :

979 1388 1165 1420 Palaestinis
1191 1389 1284 1420 simul
1314 1389 1504 1431 Hebroeique
1531 1389 1679 1432 liquores.

979 1439 1053 1470 Usu
1084 1439 1275 1481 particulae,
1299 1449 1367 1480 quo
1390 1439 1501 1472 Tacit.
1526 1439 1618 1472 Anu.
1635 1449 1686 1472 vr.

979 1489 990 1507 ⁴
1010 1488 1142 1530 Appius
1158 1489 1291 1520 Silanus
1308 1490 1438 1521 Scauro
1450 1490 1628 1521 Mamerco
1643 1489 1687 1521 si·

979 1540 1049 1570 mul
1064 1549 1104 1570 ac
1118 1540 1243 1571 Sabino
1259 1538 1434 1571 Calvisio!
1449 1539 1605 1572 Annan.
1627 1539 1686 1572 ‘et

981 1590 1240 1631 quindecimviri
1253 1589 1471 1630 septemviris
1487 1589 1612 1621 simul.'
1637 1590 1687 1622 Et

980 1640 1029 1671 sic
1055 1640 1176 1671 Salisb.
1207 1640 1384 1681 primaque
1414 1640 1563 1672 Veneta.
1621 1640 1685 1672 Se-

980 1691 1100 1732 quenti
1117 1698 1217 1721 versu
1233 1690 1307 1730 lege
1322 1693 1359 1721 et
1374 1688 1568 1731 distingue:
1587 1690 1686 1732 Ciny-

979 1750 1091 1781 reaque
1113 1740 1270 1780 germina.
1314 1739 1363 1771 At
1386 1739 1462 1771 ultis
1488 1740 1564 1781 Ipsa
1593 1741 1687 1773 toris.

982 1790 1134 1822 Gronov.

1023 1841 1086 1871 214
1100 1838 1299 1880 Corycioeque
1312 1837 1422 1878 comoe]
1435 1839 1587 1880 Corycus
1599 1839 1682 1871 urbs

983 1889 1115 1929 Cilissa,
1130 1887 1188 1919 ubi
1204 1889 1215 1906 ‘
1227 1888 1325 1929 spica
1336 1888 1460 1920 Cilissa
1471 1887 1481 1902 ’
1495 1887 1659 1931 frequens
1675 1900 1686 1921 =

982 1946 1021 1973 ut
1034 1941 1165 1972 Crocus
1179 1943 1324 1970 vocatur
1339 1938 1384 1970 ab
1394 1937 1559 1971 Amerino
1573 1938 1689 1981 poeta,

982 1990 1040 2022 lib.
1056 1998 1108 2021 ιν.
1129 1989 1286 2029 ‘Terque
1311 1988 1404 2019 lavet
1428 1992 1563 2020 nostras
1589 1989 1688 2030 spica

983 2040 1108 2072 Cilissa
1119 2037 1257 2070 comas!
1289 2038 1336 2069 Et
1351 2047 1371 2069 a
1386 2038 1531 2078 Peligno
1547 2038 1643 2070 Fast.
1659 2047 1687 2071 1.

982 2090 992 2108 ‘
1010 2090 1132 2122 Cernis
1162 2087 1312 2119 odoratis
1339 2091 1378 2118 ut
1403 2087 1519 2118 luceat
1544 2087 1685 2127 ignibus

982 2139 1104 2179 aether,
1118 2139 1163 2170 Et
1176 2141 1274 2169 sonet
1286 2137 1439 2169 accensis
1454 2136 1552 2177 spica
1565 2137 1688 2170 Cilissa

983 2189 1095 2222 focis!
1141 2189 1284 2230 Cynarea
1293 2186 1453 2228 germina]
1469 2186 1687 2228 Κακιηραφίι,

983 2238 1224 2278 Scribendum,
1252 2237 1401 2279 Cinyreia
1409 2247 1424 2275 ‚⁸
1447 2237 1687 2276 vebcinm'ein,

983 2290 1011 2320 si
1038 2288 1199 2320 laudetur
1224 2288 1302 2318 Lat.
1328 2287 1472 2319 mutatio
1485 2286 1543 2318 τοῦ
1556 2287 1688 2327 Υψιλοΰ

982 2341 1016 2372 in
1029 2344 1068 2372 A.
1098 2338 1267 2381 quomodo
1292 2338 1382 2369 calix
1408 2337 1448 2370 fit
1473 2347 1494 2370 a
1517 2336 1618 2379 κῦλιξ,
1641 2339 1686 2371 de

983 2399 1051 2431 quo
1067 2388 1255 2421 monuimus
1269 2387 1304 2418 in
1319 2387 1409 2419 huuc
1421 2396 1510 2419 vers.
1526 2398 1570 2420 ex
1585 2389 1685 2421 horte

983 2439 1193 2478 Columellae,
1216 2438 1276 2469 lib.
1292 2445 1329 2468 x.
1356 2446 1405 2469 va.
1422 2439 1497 2469 1⁷2.
1538 2439 1548 2455 ‘
1566 2438 1613 2469 Et
1638 2439 1687 2471 la-

983 2498 1114 2530 crymas
1129 2488 1263 2519 imitata
1281 2493 1356 2519 tuas
1375 2487 1538 2528 Cinyreia
1564 2488 1688 2528 virgo?

984 2539 1037 2571 De
1062 2538 1211 2579 Myrrhae
1227 2537 1362 2568 incestu
1379 2546 1455 2568 cum
1467 2543 1566 2578 patre
1581 2538 1685 2581 Ciny-

983 2599 1032 2626 ra,
1058 2589 1111 2619 vel
1140 2588 1308 2626 Thoante,
1335 2586 1550 2628 Assyriorum
1575 2588 1685 2629 Rege,

982 2640 1123 2680 ejusque
1169 2637 1203 2668 in
1245 2636 1404 2668 arborem
1440 2637 1688 2680 μεταμορφώσει,

983 2687 1211 2730 Apollodorus
1233 2687 1293 2718 lib.
1315 2695 1375 2718 nt.
1411 2688 1692 2730 Κατοικτείρανης·

982 2738 1078 2777 αὐτὴν
1098 2737 1141 2770 εἷς
1162 2735 1284 2778 δένδρον
1305 2735 1688 2780 μετήλλαξαν,δκαλοῦσι
