1878 3164
262 221 373 265 1932

255 326 412 368 perientia
433 325 518 367 eali]
552 325 722 358 Doctrina
749 329 784 357 et
813 323 958 362 scientia

260 377 489 419 auguriorum.
513 377 611 409 Idem.

301 430 366 460 702
377 427 416 459 Si
428 427 578 469 vacel]Si
594 427 708 459 liceat.
730 426 830 467 Virg.
845 426 855 444 ‘
870 425 959 458 Hac·

254 481 360 509 tenus
374 477 551 509 indulsisse
575 477 698 510 vacat!
743 476 960 518 cmo-mina]

254 528 383 574 ¹Vicina.
397 529 509 560 morti.
531 528 629 560 Iam.

300 582 366 611 706
388 578 554 619 Diversus]
568 577 761 610 Dissimilis.
784 577 885 610 Idem.

300 631 365 661 710
388 629 531 660 Immolut
544 628 676 669 umbris]
691 628 797 662 Quasi
809 627 962 668 victima,

254 683 299 712 -ut
327 679 401 720 ipse
425 679 458 710 in
479 679 585 711 sacris
613 682 860 718 consueverat3
882 688 960 710 nam

256 729 321 761 hoc
335 728 439 760 verbo
454 728 566 760 Poeta
582 728 624 760 ad
639 728 827 761 sacerdotis
838 737 960 760 nomen

261 778 376 809 allusit
390 788 397 808 :
422 782 541 819 aptum
554 783 608 810 est
621 778 710 810 enim
723 777 896 811 occidenti
909 788 961 809 sa-

260 828 438 861 cerdotale
455 829 607 872 verbum.
652 828 773 870 Virgil.
789 828 831 861 de
846 828 961 861 occiso

260 879 447 912 sacerdote
471 879 582 913 dixit:
607 879 814 922 ‘Lapsuque
842 888 961 920 super-
984 917 987 920 Α

260 928 383 961 stans?
427 929 496 961 Hie
512 929 555 961 de
576 930 757 962 occidente
782 929 961 963 sacerdote

258 979 310 1012 ita
325 978 426 1011 dixit.
451 979 550 1013 Idem.

256 1051 258 1057 ι
302 1032 367 1062 712
390 1030 520 1062 Fateato
533 1030 643 1071 curru]
669 1030 788 1063 Solent
814 1030 903 1063 enim
925 1030 961 1062 in

256 1079 379 1111 axibus
393 1088 552 1112 curruum
564 1079 669 1112 falces
682 1086 814 1121 extare,
825 1090 899 1123 quae
910 1081 960 1112 in-

257 1134 454 1162 currentem
469 1130 626 1163 hostilem
642 1132 805 1173 populum
815 1131 961 1164 caedant.

261 1180 363 1212 Idem.

303 1234 367 1263 714
392 1231 542 1264 Chromin
558 1232 770 1274 phimumque
781 1232 963 1275 Sagenque]

261 1280 363 1314 Quod
389 1282 537 1313 Chromin
559 1283 673 1323 priore
699 1289 859 1324 correpta
881 1283 962 1324 poni

261 1330 387 1373 ubique
402 1332 609 1364 meminisset
619 1333 898 1374 Lindenbrogius,
911 1331 962 1365 fe-

261 1380 330 1412 eit:
358 1381 507 1412 Chromin
535 1386 567 1414 et
595 1382 802 1424 Phinoe'mque
830 1383 963 1423 Segum-

261 1440 330 1472 que.
372 1431 442 1463 Sed
473 1432 601 1464 rectius
629 1433 776 1474 optimi:
813 1433 964 1465 Chromin

261 1481 485 1523 Iphinoumque
510 1481 685 1524 Sagenque.
738 1483 855 1520 Habet
876 1484 964 1517 hauc

261 1541 398 1574 quoque
414 1541 594 1573 personam
622 1533 666 1565 ab
685 1533 836 1566 Homero
860 1535 901 1566 ll.
922 1538 963 1567 Η.

262 1583 321 1614 ubi
337 1583 489 1615 Glaucus
503 1583 636 1623 Ἰφίνοον
648 1582 730 1621 βάλε
745 1583 835 1626 δουρί.
861 1585 963 1617 Gron.

303 1636 365 1665 725
393 1634 560 1675 Tirynthia
587 1635 710 1676 robora]
740 1634 898 1676 Agmina,
928 1635 964 1667 id

261 1686 316 1715 est
333 1683 482 1715 Nemeos
491 1684 648 1725 juvenes,
663 1690 701 1717 et
717 1685 874 1718 Graeeam
891 1695 964 1718 vas-

262 1733 361 1765 tabat
375 1733 496 1765 aciem.
521 1735 666 1766 Laetant.

304 1786 368 1816 727
390 1785 582 1817 Prohibebat
597 1785 718 1826 iniquo]
742 1785 783 1817 Id
797 1790 850 1818 est
868 1785 964 1828 Hyp-

260 1845 368 1877 seum,
382 1836 566 1868 multitudo
589 1846 663 1879 quae
678 1837 867 1879 stipaverat
884 1837 965 1869 Am·

263 1887 451 1928 phiaraum.
474 1886 573 1919 Idem.

305 1939 370 1968 728
391 1935 486 1977 Inde]
510 1937 562 1968 De
578 1936 653 1976 ipso
669 1945 789 1969 cuneo.
812 1937 912 1970 Idem.

305 1989 368 2018 731
391 1987 493 2028 Asope
511 1986 653 2027 favillis]
691 1987 845 2019 Fluvium
871 1988 963 2020 invo-

260 2040 332 2077 cat,
346 2046 446 2079 quem
460 2036 586 2068 dudum
604 2047 626 2068 a
637 2036 725 2069 Jove
737 2037 883 2069 diximus
898 2037 963 2069 ful-

263 2086 441 2126 minatum,
481 2087 539 2128 qui
569 2087 803 2127 indignatione
832 2094 962 2129 ereptae

262 2136 343 2169 filiae
370 2137 451 2170 Jovi
480 2137 596 2169 intulit
619 2137 756 2178 bellum,
780 2147 848 2179 quo
872 2136 964 2171 facto

263 2187 335 2227 igni
360 2187 475 2219 divino
497 2197 676 2229 percussus
692 2193 758 2228 est,
773 2194 809 2220 et
825 2193 862 2221 ut
878 2188 963 2220 iufa-

263 2237 332 2268 mia
346 2237 419 2278 ejus
430 2238 572 2279 excepti
586 2236 735 2270 fulminis
748 2240 779 2269 in
796 2243 963 2271 aeternum

263 2292 432 2329 maneret,
454 2288 582 2320 dicitur
603 2288 785 2330 hodieque,
801 2289 860 2321 illo
879 2293 962 2321 tem-

263 2347 347 2379 pore
362 2347 429 2380 quo
444 2338 531 2370 ictus
546 2342 612 2379 est,
633 2338 750 2380 prunis
765 2339 963 2371 ardentibus

263 2387 382 2420 fluere.
407 2389 507 2421 Idem.

304 2440 368 2469 733
392 2438 459 2469 Fas
480 2441 512 2470 et
528 2438 605 2470 mihi
619 2448 771 2479 spernere,
797 2439 867 2480 ssa]
893 2439 963 2471 No·

265 2491 316 2520 tat
345 2485 508 2528 fabulam,
535 2497 602 2530 qua
633 2488 772 2530 Jupiter
808 2489 963 2530 AEginam

264 2536 374 2578 Asopi
401 2537 503 2570 filiam
530 2539 685 2580 rapuisse
710 2539 863 2580 fingitur,
878 2538 963 2571 Aso-

265 2597 331 2630 pen
347 2598 383 2620 se
397 2588 477 2621 Jovi
492 2590 703 2631 opposuisse.
727 2590 856 2622 Statius
871 2601 879 2622 :
896 2589 962 2622 ‘fu-

264 2638 310 2670 rit
325 2639 444 2679 amnis,
467 2643 503 2670 et
527 2640 630 2671 astris
655 2640 812 2672 Infensus
835 2640 964 2672 bellare

264 2692 376 2730 parat,
394 2688 559 2731 (nondum
573 2689 639 2721 ista
654 2690 802 2722 licebant
815 2690 893 2722 Nec
908 2700 963 2723 su-

265 2737 387 2780 peris‚)
402 2739 500 2770 stetit
513 2739 661 2771 audaces
680 2739 807 2772 effusus
835 2741 868 2772 in
886 2741 964 2781 iras,

260 2788 514 2831 conseruitque
540 2798 671 2832 manus,
694 2799 759 2822 nee
782 2787 963 2833 quem'im·

720 230 863 263 NOTAE
896 227 1161 261 VAnloRUM
1199 229 1250 261 ΙΝ

1006 324 1157 367 ploraret
1182 322 1343 363 habebat,
1366 321 1486 355 Donec
1509 321 1542 354 vi
1558 321 1706 355 tonia-us

1006 374 1180 407 submotus
1206 379 1242 406 et
1278 373 1356 415 igne
1394 372 1537 405 trisuleo
1569 372 1708 405 Cessit-⁹

1008 424 1159 466 Hipseus
1187 425 1301 466 itaque
1319 423 1428 465 Asopi
1452 423 1539 455 filius
1554 432 1564 452 ε
1588 422 1709 455 Liceat

1007 474 1087 506 mihi
1098 474 1241 518 (inquit)
1256 478 1393 516 opater
1405 473 1564 505 resistere
1578 472 1708 515 Apolli-

1008 524 1057 565 ni,
1077 534 1152 557 cum
1181 530 1219 557 tu
1241 534 1308 557 nou
1328 523 1436 556 fueris
1453 524 1581 556 veritus
1596 523 1709 566 ipsum

1008 574 1129 608 Jovem
1145 575 1325 616 repellere.
1348 575 1500 608 Bermi-

1050 628 1115 658 734
1153 625 1306 666 Collatus]
1342 625 1442 658 Bello
1477 628 1708 668 comparatus.

1009 675 1158 708 metant.

1052 728 1116 757 736
1139 725 1308 764 Indulgere
1320 724 1486 767 colentem]
1507 724 1709 758 &uendere

1010 775 1216 817 cupientem.
1240 776 1338 809 Idem.

1052 829 1114 859 '141
1143 826 1278 858 Vulnera
1291 825 1388 867 ciem]
1410 826 1490 858 Sine
1514 825 1709 859 mineribus

1009 878 1081 910 solo
1098 882 1228 910 terrore
1243 877 1443 919 Amphiarai
1461 876 1710 910 moriebantur.

1011 927 1110 960 Idem.
1538 925 1566 941 “

1052 981 1117 1011 742
1140 977 1279 1019 Igmva]
1302 978 1384 1010 Sine
1402 976 1509 1012 ferro.
1530 979 1632 1012 Idem.
1687 1010 1689 1013 .

1051 1031 1114 1060 743
1139 1028 1276 1069 Infestos
1290 1030 1379 1070 onus]
1401 1028 1549 1061 Omnino
1559 1028 1711 1062 ocu-iben-

1011 1078 1092 1111 dum
1108 1087 1185 1110 cum
1203 1078 1353 1119 Nostris,
1370 1078 1629 1120 Lindenbrogii,
1643 1079 1711 1112 Be-

1011 1128 1096 1160 hotii
1114 1128 1221 1169 libris,
1240 1129 1384 1161 insessos.
1427 1129 1608 1161 Sumenti·
1631 1133 1708 1162 est:

1011 1178 1199 1212 Dubitares
1230 1179 1366 1211 intuens
1401 1182 1514 1211 utrum
1552 1182 1712 1220 gravaret

1011 1230 1178 1272 pondere,
1192 1239 1235 1261 an
1250 1230 1408 1262 incitaret
1426 1229 1583 1262 Numinis
1598 1229 1712 1262 eonci-

1012 1280 1141 1311 tatione
1174 1280 1289 1322 Equos
1326 1278 1537 1321 Amphiarai,
1573 1278 1710 1321 Apono.

1011 1330 1139 1362 Errant
1152 1330 1257 1361 etiam
1279 1329 1302 1361 ii
1323 1329 1415 1367 libri,
1430 1331 1487 1372 qui
1501 1339 1598 1362 sonus
1610 1337 1712 1372 repo-

1012 1389 1094 1412 nere
1122 1380 1273 1412 student.
1317 1380 1372 1412 De
1391 1380 1542 1422 pondere
1561 1380 1652 1412 enim
1674 1384 1712 1412 et

1012 1431 1045 1463 vi
1060 1431 1234 1473 Apollinei
1257 1431 1416 1463 Numinis
1443 1431 1522 1463 solis
1547 1431 1710 1474 loquitur.

1012 1481 1053 1513 In
1070 1482 1207 1514 Luctat.
1221 1481 1379 1513 addenda
1395 1491 1460 1514 vox
1489 1481 1499 1500 ‘
1510 1480 1711 1523 Amphiarai

1013 1531 1158 1564 currus!
1188 1531 1306 1563 Barth.
1623 1551 1627 1559 -

1055 1585 1119 1614 752
1144 1582 1228 1614 Telis
1249 1581 1429 1624 pariterque
1442 1582 1602 1616 minume
1621 1582 1712 1616 sabe-

1011 1632 1078 1674 m's]
1098 1632 1267 1673 Armigeri
1294 1637 1331 1664 et
1353 1633 1481 1674 aurigae
1507 1632 1633 1675 Apollo
1650 1633 1710 1665 im-

1013 1683 1131 1724 plebat
1148 1681 1305 1715 officium.
1328 1683 1427 1715 Idem.

1055 1735 1118 1765 754
1143 1732 1329 1773 Fortunam]
1344 1733 1467 1765 Casum
1480 1731 1627 1772 felicem,
1637 1732 1710 1765 sive

1012 1786 1174 1815 eventum
1189 1782 1350 1824 feriendi,
1369 1783 1476 1816 hastis
1495 1787 1617 1815 eontra
1628 1782 1710 1815 Am-

1013 1833 1186 1875 phiaraum
1221 1834 1435 1867 venientibus
1475 1834 1713 1878 detorquebat.

1053 1937 1118 1968 758
1144 1934 1300 1967 Vittatam
1309 1935 1465 1976 attingere
1477 1934 1627 1976 Meum]
1647 1934 1709 1967 Se·

1012 1990 1112 2018 cutus
1142 1995 1214 2017 sum
1243 1986 1347 2017 libros
1377 1989 1533 2018 veteres:
1572 1985 1708 2018 omnino

1012 2036 1102 2068 euim
1116 2035 1296 2077 legendum
1311 2035 1469 2076 mutuum,
1490 2045 1563 2076 non
1582 2041 1621 2068 ut
1636 2035 1710 2067 vui-

1012 2086 1242 2128 gatinitatam.
1285 2086 1376 2118 Nasu
1403 2091 1498 2119 vates
1514 2086 1586 2119 haee
1608 2086 1709 2118 Man-

1013 2137 1081 2170 tho.
1110 2137 1199 2169 Vide
1215 2147 1292 2179 quae
1305 2136 1347 2169 de
1362 2137 1456 2170 vinis
1468 2138 1582 2170 notavi
1595 2136 1709 2170 adex-

1013 2192 1156 2220 tremnm
1171 2187 1230 2220 lib.
1249 2197 1286 2219 v.
1315 2188 1466 2221 Bernart.
1564 2188 1567 2190 ’

1053 2240 1118 2270 759
1139 2237 1256 2279 Dedit]
1279 2238 1435 2271 Immisit.
1457 2238 1621 2279 lanatum.>

1054 2291 1116 2320 761
1141 2288 1312 2320 Rinmtur
1326 2288 1440 2329 terrm]
1462 2289 1576 2321 Rimas
1589 2292 1709 2330 agunt,

1011 2337 1046 2370 id
1062 2341 1128 2379 est,
1150 2342 1356 2370 scrutantur.
1388 2338 1514 2370 Rimari
1526 2339 1615 2371 enim
1631 2348 1709 2380 pro-

1011 2388 1086 2429 prie
1119 2387 1279 2420 dicuntur
1309 2397 1397 2429 suen,
1424 2398 1500 2421 eum
1530 2392 1708 2430 pascentes

1010 2437 1080 2470 eibi
1095 2438 1203 2479 gratia
1218 2441 1342 2469 terram
1357 2442 1506 2470 vertunt·
1529 2437 1593 2470 Per
1604 2438 1709 2480 urbm]

1012 2488 1226 2521 Cadaverum
1241 2488 1410 2521 membra:
1430 2489 1508 2521 haec
1519 2489 1631 2521 omnia
1641 2489 1711 2532 sig-

1012 2549 1055 2571 na
1069 2543 1167 2571 erant
1182 2539 1294 2571 hiatus
1302 2538 1423 2571 futuri.
1445 2539 1545 2571 Idem.
1674 2565 1681 2571 .

1053 2592 1118 2621 766
1143 2589 1208 2621 Nec
1220 2589 1328 2621 insisti
1341 2588 1499 2631 madidam]
1521 2588 1708 2626 Abundan-

1014 2640 1063 2672 tia
1098 2638 1265 2680 sanguinis
1299 2639 1463 2680 majorem
1500 2638 1707 2681 Amphiarao

1013 2688 1173 2722 curre-di
1188 2689 1319 2730 lapsum
1334 2687 1498 2722 faciebat.
1521 2691 1621 2722 Idem.

1054 2742 1118 2772 767
1156 2738 1321 2782 Difficiles]
1362 2739 1496 2772 Graves
1528 2740 1708 2773 nimietate

1008 2789 1185 2831 sanguinis
1199 2798 1364 2832 equorum
1377 2799 1521 2832 gressus.
1543 2791 1641 2826 Idem.
