1878 3164
312 214 425 258 1824

312 318 382 351 Res
395 320 494 359 gesta
508 317 682 359 descripta
697 322 750 350 est
767 326 869 360 supra
890 318 949 352 lib.
966 328 1008 352 11.

310 370 388 401 632.
402 370 466 400 &c.
503 367 633 400 Nescio
647 374 760 400 tamen
777 378 838 400 cur
853 368 1009 401 dicautur

311 419 430 461 procul
451 427 470 450 a
493 418 632 460 reliquis
646 418 791 459 inventi,
807 420 833 451 si
849 428 967 451 sensus
981 419 1010 451 is

312 468 446 501 Poetae.
473 468 586 500 Barth.

357 520 421 550 134
454 519 578 558 Magna
605 527 716 559 parens
736 518 902 561 Jutenum]
932 518 1013 551 Ibat

313 568 405 600 enim
436 568 478 600 ad
508 569 715 610 sepulturam
742 569 895 602 duorum.
940 569 1012 610 Ide]

315 618 450 651 Nomen
466 623 518 650 est
534 619 700 658 mulieris,
714 619 812 660 cujus
827 619 910 651 dnos
926 618 1013 652 filios

315 667 467 709 geminos
489 677 509 699 a
524 666 642 708 Tydeo
662 667 807 699 diximus
828 668 1014 710 interemp-

314 721 380 748 tos.
419 717 512 757 Ergo
527 716 654 748 Graeca
668 717 851 749 declinatio
867 717 1015 750 nomina-

315 766 387 798 tivo
403 766 471 807 Ide,
486 766 584 807 hujus
602 766 686 798 Ides.
709 767 866 799 Lactant.

360 818 422 847 136
459 815 591 847 Sublata
622 816 755 857 comm]
793 818 1015 859 Squalentem

315 874 445 897 comam
462 864 631 898 sublatam
646 867 786 898 habens.
809 868 908 900 Idem.

361 916 425 946 136
448 914 518 946 Nec
532 914 602 954 jam
615 916 741 957 infelix,
754 917 824 959 ξω]
847 919 952 951 Tetra
966 918 1016 950 fa-

316 963 387 996 cies
412 965 565 996 mulieris
585 966 659 1007 jam
686 977 752 999 nou
778 968 820 999 ad
846 968 1016 1001 miseriam

317 1017 528 1055 spectantes,
542 1015 601 1047 sed
617 1016 652 1047 in
670 1016 823 1048 timorem
841 1018 1016 1059 rapiebat:

318 1065 367 1096 sic
383 1074 507 1106 corpus
531 1067 708 1098 tormentis
734 1067 919 1100 laceratum
935 1068 1018 1100 Phi-

319 1114 401 1146 lotae
423 1115 677 1147 miserationem
694 1121 783 1148 tetro
801 1122 945 1158 aspectu
961 1127 1019 1149 ex-

317 1164 447 1196 imebat
463 1165 726 1198 Macedonibus.
761 1166 796 1197 Si
814 1171 926 1199 tamen
943 1167 1019 1208 ejus

319 1214 511 1255 exemplum
535 1218 605 1254 est,
628 1215 717 1256 quod
743 1216 913 1248 memoriae
934 1216 1018 1248 inci-

317 1262 382 1296 dit.
427 1264 571 1296 Dubito.
594 1265 712 1297 Barth.

362 1317 425 1346 137
451 1314 565 1346 Terror
586 1315 667 1347 inest
690 1315 870 1358 lachrymis]
890 1316 932 1348 Id
952 1320 1019 1357 est,

319 1373 394 1405 prae
410 1364 526 1396 dolore
549 1365 662 1396 luctus
686 1371 839 1407 coeperat
861 1376 934 1398 esse
951 1371 1020 1398 ter-

320 1424 389 1446 ror.
435 1415 578 1446 Sensus:
615 1415 736 1447 Oblita
767 1415 902 1457 quidem
933 1417 1020 1448 viro-

319 1472 393 1494 rum
409 1461 549 1495 fortium
565 1469 675 1495 mater
690 1464 883 1496 duraverat.
906 1465 1022 1497 Lucta-

320 1513 394 1544 tius.
437 1513 504 1545 Sed
531 1514 685 1545 emacula
709 1523 752 1546 ex
778 1514 1022 1556 Lindenbrogii

319 1563 449 1604 scripto
476 1563 612 1594 codice:
635 1565 646 1583 ⁴
669 1563 778 1595 Sexus
802 1563 920 1604 oblita,
944 1573 1020 1605 quae

320 1612 464 1644 duorum
490 1613 638 1644 virorum
666 1612 808 1645 fortium
831 1617 941 1646 mater
963 1614 1022 1645 din

321 1661 458 1694 fuerat:
488 1683 491 1686 <

366 1715 430 1744 139
443 1712 595 1752 Omnique
606 1711 640 1742 in
649 1721 776 1752 corpore
786 1710 928 1752 plangit]
941 1711 1022 1744 Om-

320 1762 380 1793 nia
390 1767 515 1804 putans
525 1761 671 1793 filiorum
682 1771 755 1793 esse
769 1761 950 1801 cadavera,
961 1770 1022 1802 per

322 1821 473 1843 errorem
502 1811 756 1844 lamentabatur
790 1821 853 1853 per
891 1811 1023 1853 singula

323 1870 479 1903 corpora.
501 1861 650 1894 Lactant.

368 1915 431 1943 140
456 1912 610 1944 Thessalis
624 1911 706 1943 haud
719 1911 826 1952 aliter]
846 1911 904 1944 Sic
919 1912 1022 1944 etiam

323 1961 358 1993 in
375 1962 501 1993 Lucan.
517 1971 616 2001 maga
631 1961 767 1993 videtur
782 1971 856 1993 esse
872 1962 1022 2003 descrip-

325 2016 374 2052 ta,
405 2021 527 2044 recens
557 2012 706 2044 cadaver
734 2021 891 2053 qnaereus
919 2012 1024 2044 occisi

323 2061 478 2093 hominis.
494 2062 640 2093 Constat
653 2061 741 2093 enim
755 2061 883 2093 animas
893 2072 1022 2103 eornm,

325 2111 383 2153 qui
416 2108 494 2142 olim
525 2111 681 2143 defuncti
709 2110 860 2152 fuerunt,
888 2113 1024 2144 evocari

323 2170 392 2192 non
408 2170 519 2201 posse.
541 2161 640 2193 Idem.

368 2214 429 2243 141
457 2212 517 2243 Cui
539 2212 658 2251 gentile
681 2210 785 2254 nefas]
810 2210 851 2244 Id
878 2215 943 2252 est,
968 2212 1024 2244 cui

325 2261 500 2302 proprium
512 2261 576 2293 hoc
588 2265 624 2292 et
637 2260 737 2293 facile
750 2266 814 2299 est,
828 2261 906 2303 quia
917 2262 1024 2294 omni·

324 2309 434 2341 modis
450 2320 521 2341 suae
539 2310 652 2350 gentis
675 2314 729 2342 est
751 2310 893 2349 crimen,
919 2311 1024 2342 homi-

325 2368 402 2390 nem
421 2369 603 2391 revocare:
624 2364 663 2391 ut
679 2359 800 2400 Vin-gil.
815 2361 824 2378 ‘
838 2360 941 2401 Saepe
953 2361 1023 2392 ani-

324 2408 397 2440 mas
425 2409 501 2440 imis
528 2409 643 2441 excire
669 2409 883 2450 sepulchris!
926 2410 1023 2441 Utin

326 2467 470 2499 corpora
483 2458 608 2490 iterum
624 2459 793 2490 homiuum
810 2459 923 2491 redire
934 2469 1023 2492 com·

326 2508 485 2549 pelleret.
507 2509 605 2541 Idem.

370 2561 433 2590 142
455 2559 633 2600 Multffida]
657 2558 846 2591 Multifurie
860 2558 950 2591 fissa.

370 2610 431 2640 145
457 2608 653 2653 Queruntur]
676 2609 718 2640 Id
743 2614 810 2651 est,
824 2609 943 2642 dolent
959 2609 1022 2641 sibi

326 2658 477 2699 requiem
495 2658 581 2690 tolli.
601 2659 700 2691 Idem.

370 2710 433 2740 147
455 2707 520 2740 Sub
549 2708 640 2748 rupe]
676 2709 715 2739 In
747 2712 846 2741 antro
875 2712 935 2742 aut
962 2709 1024 2741 sub

327 2762 439 2800 petra.
483 2757 564 2790 Non
577 2757 665 2790 euim
681 2759 827 2800 peremti
843 2763 938 2793 erant
947 2759 1023 2801 jac-

778 225 919 257 NO'I'AE
951 221 1213 258 VARIORUM
1246 224 1299 259 m

1058 323 1096 351 tu
1120 320 1206 359 saxi,
1230 320 1290 352 sed
1316 329 1382 352 uua
1402 319 1501 352 hasta
1525 317 1625 352 autho
1647 318 1756 354 imf-

1059 368 1153 402 feeti.
1177 370 1280 402 Schol-

1104 421 1165 451 150
1187 419 1430 462 Luohrymisque
1449 418 1546 461 oculi]
1567 417 1756 452 Obducti!-

1059 471 1117 500 tur
1133 469 1221 500 euim
1238 470 1411 502 oculorum
1435 470 1523 501 visus
1546 468 1699 502 humore
1708 466 1758 501 la·
1811 511 1813 513 Ι

1059 517 1287 560 chrymarum,
1304 520 1369 561 qui
1394 519 1451 551 ubi
1476 518 1634 561 profusus
1653 517 1760 553 fusrtt

1061 566 1176 599 reddit
1192 573 1380 610 aspectum.
1402 569 1559 604 Lat-tant.
1654 598 1657 600 .
1695 579 1700 585 “

1106 619 1168 649 152
1191 618 1232 649 In
1244 618 1314 660 fine
1337 618 1464 659 ligavit]
1488 600 1622 650 Memor
1647 617 1760 651 Poeta

1062 666 1246 706 superioris
1270 667 1526 708 descriptionis.
1569 667 1632 700 Ait
1647 667 1758 700 enim:

1062 716 1072 734 ‘
1083 716 1176 748 Fixit
1191 721 1227 748 et
1243 717 1277 749 in
1289 716 1443 755 fratrem,
1456 724 1669 760 cognataque
1680 725 1760 791 pee-

1063 770 1141 798 tora
1154 765 1247 798 ferro
1261 767 1428 808 Traiicit!
1451 768 1550 799 Idem.

1107 819 1168 848 156
1194 817 1350 858 Tangere]
1372 817 1531 859 AEquare,
1546 787 1760 889 contingere.

1065 866 1164 898 Idem.

1107 918 1170 947 156
1195 915 1325 956 Titulle]
1358 916 1493 948 Titulus
1518 919 1572 948 est
1600 915 1763 949 memoris

1064 965 1229 998 bonorum
1251 964 1433 1006 factorum,
1456 965 1516 1008 qui
1541 965 1629 998 solet
1642 972 1762 1007 super-

1064 1015 1146 1057 poni
1176 1016 1314 1048 tumulis
1349 1019 1571 1048 mortuorum.
1628 1013 1764 1047 Anteia

1061 1065 1223 1106 parentes]
1253 1065 1389 1098 Nioben
1418 1061 1614 1107 specialiter
1636 1063 1764 1106 tangit.

1067 1115 1165 1147 Idem.

1111 1167 1174 1196 158
1198 1164 1278 1201 Quis
1304 1164 1424 1196 steriles
1451 1161 1596 1204 imma]
1629 1161 1764 1196 Quibus

1067 1213 1205 1246 thalami
1234 1213 1433 1246 infoecundi.
1485 1213 1534 1246 Et
1559 1222 1622 1244 m
1645 1212 1766 1248 “lulum

1066 1264 1203 1305 Lucina]
1226 1264 1266 1296 Id
1283 1269 1349 1306 est,
1374 1274 1441 1296 non
1465 1264 1626 1296 invocata
1648 1267 1765 1304 partu-

1067 1313 1230 1345 rientibus
1256 1323 1326 1354 prae
1353 1313 1482 1346 dolore.
1531 1314 1671 1349 Quanto
1694 1321 1766 1345 me-

1068 1363 1144 1403 lius,
1172 1364 1296 1405 inquit,
1325 1373 1402 1395 curn
1432 1363 1500 1394 illis
1538 1362 1652 1403 agitur
1687 1371 1765 1404 quoe

1070 1417 1210 1453 propter
1225 1413 1444 1448 sterilitatem
1461 1421 1555 1445 suam
1570 1421 1637 1445 uon
1653 1411 1766 1454 subja·

1070 1468 1151 1495 cent
1165 1463 1321 1505 orbitati!
1348 1464 1446 1496 Idem.
1533 1479 1538 1483 ·

1113 1515 1176 1545 160
1199 1503 1302 1545 Causa
1325 1512 1427 1553 labor]
1444 1512 1540 1544 Mire
1554 1510 1657 1552 dixit,
1671 1494 1767 1545 utti-

1070 1561 1171 1594 beros
1193 1572 1269 1594 cum
1291 1562 1409 1594 labore
1424 1561 1580 1602 genunisse
1596 1561 1767 1602 videatur,

1070 1621 1153 1653 quos
1165 1621 1252 1643 nuuc
1264 1611 1373 1643 ceruit
1385 1611 1565 1643 extinctos.
1597 1611 1768 1646 Labonvi

1071 1672 1153 1703 ergo
1169 1666 1207 1694 ut
1221 1662 1339 1694 infelix
1354 1662 1485 1695 fierem.
1525 1663 1566 1694 In
1580 1662 1647 1695 luce
1659 1666 1767 1704 paten-

1071 1712 1114 1753 ti]
1149 1713 1308 1753 Publice,
1336 1713 1477 1744 honesto
1506 1712 1662 1751 interitu,
1687 1711 1769 1754 quia

1070 1767 1174 1794 nocte
1189 1762 1433 1802 occubuerunt,
1444 1771 1508 1794 nec
1522 1762 1598 1794 luce
1613 1770 1767 1802 pugnan-

1071 1811 1212 1852 tes‚‚ubi
1228 1812 1333 1843 virtus
1356 1811 1525 1852 potuisset
1549 1811 1677 1844 viden-iz
1702 1811 1769 1844 alia

1071 1863 1222 1904 querela,
1251 1861 1339 1903 quod
1367 1861 1504 1902 inglorii
1528 1863 1630 1894 nocte
1644 1861 1768 1903 „perie-

1072 1915 1161 1943 runt.
1184 1911 1284 1944 Idem.

1115 1964 1175 1994 161
1191 1960 1339 2002 AEterna]
1360 1960 1446 1994 Quoe
1462 1965 1578 1992 esseut
1591 1959 1682 2002 apud
1697 1969 1770 1995 om-

1072 2020 1132 2042 nes
1148 2015 1269 2052 gentes
1293 2010 1523 2042 memorabilia
1539 2011 1770 2043 numeranda-

1072 2070 1152 2102 que,
1173 2061 1231 2102 qui
1246 2059 1339 2091 inter
1353 2069 1480 2101 paucos
1503 2068 1568 2092 nee
1588 2060 1625 2092 in
1647 2068 1771 2101 magno

1073 2110 1191 2151 praelio
1220 2108 1443 2141 concidistis:
1476 2113 1537 2140 aut
1563 2109 1644 2151 qnia
1668 2113 1771 2142 nocte

1072 2159 1244 2202 perempti
1258 2158 1382 2191 fuistis.
1404 2159 1504 2191 Idem.

1116 2211 1178 2241 163
1201 2210 1441 2250 Miseranduque
1459 2208 1578 2248 funera
1591 2208 1692 2251 pund]
1712 2209 1772 2241 In-

1074 2260 1168 2300 genti
1183 2259 1435 2305 conspiratione
1450 2260 1591 2304 seripti:
1607 2269 1771 2294 nmmu-

1072 2310 1180 2350 daque.
1226 2310 1303 2341 Nec
1327 2309 1413 2349 legit
1435 2309 1537 2341 aliter
1557 2308 1771 2349 Lactantius,

1073 2359 1314 2401 explicatque:
1335 2359 1345 2376 ‘
1360 2359 1418 2400 qui
1440 2359 1531 2390 inter
1556 2367 1682 2400 paucos
1704 2367 1771 2391 nec

1073 2410 1107 2441 in
1125 2420 1245 2451 magno
1262 2403 1380 2452 proe'uo
1399 2410 1621 2443 concidistis.'
1664 2411 1772 2445 Quasi

1073 2468 1140 2491 non
1154 2460 1264 2500 possit
1280 2463 1316 2491 et
1330 2459 1421 2491 inter
1436 2469 1562 2501 paucos
1579 2459 1771 2493 enitescere

1074 2509 1194 2541 virtus.
1238 2509 1361 2541 Placet
1385 2509 1586 2551 conjectura
1607 2509 1773 2542 Gruteri:

1073 2561 1295 2601 mussandaque
1307 2560 1426 2599 funera
1439 2561 1534 2601 possi.
1578 2560 1717 2602 Quippe
1732 2563 1773 2592 ut

1073 2609 1256 2641 violatores
1275 2610 1366 2651 juris
1387 2610 1544 2650 gentium
1562 2610 1644 2643 caesi
1658 2615 1769 2644 erant.

1074 2660 1178 2692 Ovid.
1196 2660 1282 2691 Met.
1295 2669 1350 2692 ιιι.
1367 2660 1378 2678 ‘
1389 2660 1550 2692 Essemus
1564 2660 1679 2693 miseri
1696 2660 1769 2693 sine

1072 2709 1226 2750 crimine,
1244 2719 1384 2751 sorsque
1407 2710 1595 2751 querenda,
1618 2710 1696 2743 Non
1710 2719 1770 2743 ee-

1073 2760 1176 2792 landa
1196 2759 1310 2794 foret!
1334 2761 1471 2792 Gronov.
1700 2770 1705 2778 ’
