1878 3164
308 206 421 257 1864

308 313 459 354 imperat
473 313 511 343 ut
525 310 646 342 humor
661 318 704 341 ex
723 309 792 341 alto
807 310 842 342 ln
865 308 1003 351 profun-

309 361 389 398 dum
405 359 575 392 discedat.
589 360 698 392 Idem.

329 413 415 443 690
438 410 571 442 Phoebus
594 410 635 441 ad
660 409 725 441 hoec
745 408 878 450 summo]
900 409 1003 451 Opti-

307 470 382 495 mus
397 459 486 491 liber
498 459 654 500 scriptus
674 459 767 500 Lips.
799 459 936 491 Phoebus
949 461 1005 491 ad·

308 511 364 546 hoc
377 519 505 550 summo,
521 509 610 551 quod
628 509 727 541 valde
743 510 1002 550 amplectimur:

307 561 404 594 adhoc
425 571 487 602 pro
503 565 512 580 ‘
529 560 720 602 praeterea)
761 561 940 593 Terentius
956 560 1004 592 Α-

307 611 462 652 delphis:
486 612 496 628 ‘
511 611 599 642 Satis
622 610 730 642 adhoc
750 614 809 642 tua
831 620 891 643 nos
918 610 1005 642 frus-

307 665 400 692 trata
425 665 478 692 est
507 659 617 692 fides!
659 660 795 692 Tacitus
820 661 951 694 Histor.
979 672 1005 695 1.

307 711 438 743 *Multi
462 710 570 742 adhoc
592 710 750 742 nnmeri.'
792 711 859 743 Adi
883 712 1006 743 Sallus-

308 761 393 792 tium
439 761 495 802 qui
539 759 834 802 frequentissimus
871 762 907 793 in
943 763 1005 794 hac

308 810 435 851 phrasi.
458 810 608 842 Bernart-

349 863 414 893 692
437 861 593 900 Erigones
614 865 737 902 spumat
751 861 852 902 canis]
874 861 917 893 Id
939 866 1005 903 est,

306 920 406 953 quam
423 920 488 952 ego
503 910 684 952 vindicavi,
700 911 734 942 id
758 916 821 951 est,
834 912 1004 953 Erigone:

307 962 450 1003 singulis
477 961 565 993 enim
589 962 759 993 mensibus
786 963 927 994 aliorum
950 972 1005 1004 sy-

307 1012 427 1044 derum
460 1016 554 1044 ortus
583 1012 781 1053 ingreditur.
827 1014 1006 1045 Canicula-

309 1072 379 1094 rcm
396 1072 475 1103 ergo
487 1062 571 1095 dicit
580 1063 724 1103 stellam,
737 1073 813 1105 quae
826 1063 903 1095 ideo
916 1064 1007 1096 inter

307 1113 422 1145 sidera
437 1117 579 1154 recepta
601 1116 665 1154 est,
686 1114 763 1155 quia
785 1114 935 1146 servavit
949 1124 1005 1146 ca-

306 1163 413 1195 daver
442 1164 566 1196 Learci
592 1163 813 1206 interempti:
838 1169 899 1197 aut
927 1166 1007 1207 quia

305 1213 381 1254 ipsa
395 1213 543 1254 Erigone
566 1214 742 1246 nunciavit
755 1215 931 1247 interitum
946 1215 1006 1247 do-

306 1263 410 1295 mini:
435 1268 471 1295 et
499 1263 588 1295 bene
613 1263 673 1303 ait,
697 1274 844 1305 meoeque,
862 1269 1007 1306 propter

306 1313 443 1345 Icarum
458 1318 605 1354 patrem.
649 1313 832 1356 Hodieque
848 1315 937 1346 enim
954 1324 1006 1347 sa-

308 1372 367 1395 cra
379 1362 496 1395 Liberi
517 1363 641 1394 dantur
655 1364 690 1394 in
703 1363 864 1396 honorem
886 1365 1005 1406 Erigo-

308 1422 382 1444 nes.
403 1413 501 1453 Virg.
523 1413 664 1444 ‘oscilla
693 1422 735 1445 ex
765 1415 835 1446 alto
864 1424 1004 1456 suspen-

308 1461 395 1493 dunt
407 1462 522 1493 mollia
535 1462 643 1503 pinu!
663 1463 810 1497 Laetam.

350 1515 414 1544 695
437 1512 601 1544 Licentum
616 1514 826 1555 cornipedum]
843 1514 1006 1547 Licenter

309 1560 509 1594 facientium
533 1562 689 1601 Panum3
712 1572 788 1595 nam
817 1565 923 1595 Fanni
951 1575 1005 1596 so-

307 1613 381 1645 lent
404 1613 582 1654 Nymphas
602 1613 644 1644 ad
669 1623 767 1646 usum
785 1614 935 1647 libidinis
952 1625 1006 1647 ra-

309 1673 405 1705 pere.
427 1664 541 1695 Etiam
563 1664 697 1696 Faunos
722 1670 859 1706 sumpto
879 1666 957 1697 vino
972 1667 1006 1697 in

307 1715 479 1746 venerem
513 1719 650 1746 constat
687 1708 763 1746 esse
800 1716 1008 1756 petulantes.

310 1765 454 1797 Constat
466 1764 570 1796 etiam
584 1764 755 1804 Liberum,
766 1769 802 1797 et
814 1764 1008 1806 Apollinem

309 1825 400 1856 esse,
414 1818 451 1846 et
479 1815 605 1847 Solem.
627 1815 705 1847 ideo
724 1816 869 1857 juvenes
893 1826 1008 1849 omnes

308 1865 493 1902 imberbes,
521 1864 601 1907 quia
629 1864 714 1906 ignis
747 1875 813 1897 non
848 1867 1008 1899 senescit.

308 1916 408 1948 Idem.

309 1987 311 1989 -
352 1969 417 1998 699
439 1966 520 1998 Sitis
533 1966 638 2008 arida]
661 1966 788 1998 Omnes
809 1967 915 1998 nostri
931 1967 1008 2000 libri

308 2016 449 2055 babent,
481 2017 585 2057 igneo,
614 2020 650 2048 et
679 2020 791 2056 recte;
827 2028 892 2049 vox
917 2019 1007 2050 enim

304 2068 451 2109 protinus
475 2067 621 2099 subitam
647 2071 750 2108 atque
773 2068 1007 2100 extraordina-

310 2118 395 2150 riam
427 2117 495 2149 vim
526 2117 693 2158 designat.
723 2118 845 2158 Virgil.
876 2119 1004 2160 Georg.

309 2178 368 2201 nr.
401 2167 477 2200 ‘ubi
503 2167 603 2208 ignea
629 2167 722 2199 venis
753 2168 922 2200 Omnibus
950 2179 1005 2201 ac-

309 2223 346 2250 ta
375 2218 462 2259 sitis,
493 2217 634 2248 miseros
667 2217 860 2250 adduxerat
891 2218 1008 2251 artus?

308 2269 426 2301 Barth.
529 2291 531 2293 -

351 2322 416 2352 706
438 2320 514 2351 Eoae
530 2318 692 2360 liquentia]
715 2319 854 2360 AEgypti
874 2319 1005 2361 liquore

308 2370 486 2403 nascentia
498 2381 507 2402 ε
531 2380 614 2411 ergo
624 2369 688 2401 hoc
700 2368 783 2401 facit
795 2369 1005 2411 Nilus,quod

308 2420 399 2461 apud
414 2420 496 2451 alias
522 2423 642 2460 gentes
663 2416 795 2458 bruma,
809 2419 843 2450 id
860 2424 926 2459 est,
946 2419 1006 2451 im-

307 2471 399 2508 bres,
415 2473 453 2500 ut
469 2469 596 2500 Lucan.
615 2468 625 2484 ⁴
637 2472 740 2509 atque
755 2468 895 2508 hyemes
907 2467 1005 2500 affer-

308 2529 346 2551 re
374 2518 471 2550 suas!
510 2518 656 2558 Brumoe]
678 2516 741 2548 1110
763 2521 916 2558 tempore
939 2528 1006 2560 quo

308 2570 427 2601 bruma
442 2567 533 2610 apud
548 2567 733 2608 AEgyptum
755 2577 830 2599 esse
845 2567 1007 2600 creditur.

307 2620 453 2651 Laetam.

349 2671 412 2700 708
437 2667 556 2699 Hiulca
569 2666 750 2708 AEgyptos]
772 2667 894 2700 Calore
908 2667 1006 2701 fissa:

309 2723 348 2751 nt
363 2719 461 2760 Virg.
499 2717 592 2749 ‘Aut
617 2718 675 2749 ubi
700 2717 811 2750 hiulca
833 2719 891 2751 siti
905 2717 1007 2758 findit

308 2769 401 2803 canis
415 2767 548 2801 aestifer
563 2767 666 2799 arva.’
685 2767 782 2800 Idem.
961 2789 963 2791 .

769 216 912 247 NOTAE
946 213 1209 248 VARIORUM
1244 216 1309 247 1N‘·

1097 311 1161 341 ⁷12
1182 309 1415 350 Advolvemque
1426 309 1590 351 nutantia]
1602 309 1753 353 Um-

1054 368 1120 400 que
1135 359 1203 395 fide
1219 363 1257 392 et
1271 365 1375 392 aetate
1391 359 1573 400 praecellit,
1592 359 1752 395 exhibdz

1053 410 1276 451 adrem-erisque
1305 409 1448 441 natantia
1471 419 1549 441 saxa
1565 409 1755 446 Charo-iw-

1053 458 1212 490 Scholion
1229 459 1350 499 optimi
1366 469 1374 490 :
1397 460 1407 476 ‘
1421 459 1556 490 trahens
1570 457 1755 500 rapiditate

1055 508 1137 540 sua-²
1181 510 1312 541 Recte:
1351 509 1554 550 provolvens
1583 513 1620 541 et
1647 517 1754 550 agenn,

1054 568 1182 599 secum,
1207 563 1246 591 ut
1265 560 1375 591 solent
1390 559 1502 600 scopis
1521 563 1755 600 purgamenta,

1055 609 1115 649 qui
1128 614 1279 641 verrunt.
1310 610 1441 650 Supra:
1463 609 1586 649 ‘longa
1598 617 1756 650 spumam

1056 663 1124 691 tem
1142 660 1230 691 valle
1245 659 1476 692 Charadrum.’
1500 659 1635 692 Gronov.

1098 712 1160 743 713
1183 710 1300 742 Audax
1315 709 1484 751 Erasinus]
1509 709 1673 751 Quigripis
1685 710 1755 742 mia

1055 768 1091 791 se
1119 760 1286 792 contineri
1310 770 1377 792 non
1401 763 1544 802 patitur,
1564 760 1756 797 etidcirco

1055 810 1144 842 dixit
1156 811 1334 852 audacem,
1350 810 1384 843 id
1399 815 1462 852 est,
1472 811 1622 852 graviter
1634 819 1755 844 sonan-

1055 865 1136 893 tem.
1159 860 1309 892 Laetam.
1370 893 1373 895 Α

1097 913 1160 943 714
1198 910 1360 943 Fluctibus
1397 910 1562 952 Asterion]
1606 879 1754 946 Quidam

1044 960 1218 1000 fructibus,
1234 961 1282 992 uti
1299 961 1384 1001 legit
1398 970 1533 1003 qnoque
1544 961 1758 1013 Lactantius,

1053 1010 1143 1041 hunc
1180 1009 1297 1042 dicens
1340 1011 1485 1042 Erasino
1521 1011 1756 1045 contrarium·
1745 1034 1756 1045 .

1054 1070 1132 1091 nam
1150 1069 1226 1092 cum
1243 1060 1300 1092 ille
1323 1061 1368 1093 sit
1391 1061 1572 1102 populator
1586 1061 1757 1103 arborum.-

1054 1110 1144 1142 hunc
1162 1120 1235 1142 esse
1259 1109 1430 1143 fructibus
1446 1121 1595 1154 aequum.
1639 1111 1707 1144 Sed
1721 1112 1757 1145 in

1056 1165 1199 1203 utroque
1215 1160 1354 1193 fallitur.
1379 1162 1469 1194 Nam
1491 1164 1502 1180 ‘
1514 1171 1758 1204 nunquamnu-

1056 1211 1123 1242 dax
1147 1212 1181 1243 in
1205 1212 1306 1252 ripis'
1337 1212 1757 1246 describitur-Erasinumz

1056 1274 1137 1305 ergo
1154 1274 1323 1305 nunquam
1346 1265 1525 1306 egrediens
1544 1265 1650 1306 ripas,
1673 1270 1759 1298 nun*

1055 1324 1152 1355 quam
1185 1314 1343 1346 arborum
1374 1316 1581 1356 populator:
1607 1315 1758 1349 Asterion

1056 1371 1168 1398 autem
1195 1377 1300 1407 equus
1317 1367 1483 1409 fluctibus,
1499 1368 1544 1400 'id
1567 1373 1632 1409 est,
1660 1373 1757 1402 tanto

1055 1427 1189 1448 rumore
1208 1427 1248 1449 ac
1264 1419 1376 1449 sonitu
1397 1418 1577 1459 labundus,
1603 1423 1642 1451 ut
1663 1417 1757 1452 mire

1055 1468 1165 1509 possit
1182 1466 1301 1500 videri.
1344 1468 1403 1499 Ille
1422 1470 1487 1500 alta
1506 1478 1562 1510 per
1581 1469 1653 1500 avia
1666 1473 1759 1502 notin

1055 1517 1188 1558 Audiri]
1221 1518 1278 1549 Sic
1314 1519 1403 1550 enim
1435 1527 1558 1560 magno
1589 1528 1758 1552 consentu

1057 1567 1191 1608 scripti,
1220 1576 1286 1598 non
1314 1571 1430 1599 suetan.
1459 1568 1622 1602 Gronov.·
1662 1568 1758 1601 Διΐεὲ

1056 1617 1141 1658 riou]
1158 1618 1302 1649 Erasino
1313 1617 1502 1665 coniferi-m
1514 1616 1658 1651 fluvius:
1678 1627 1757 1652 nam

1058 1675 1134 1697 cum
1161 1667 1205 1698 sit
1227 1666 1285 1697 ille
1308 1666 1490 1708 populator
1509 1668 1679 1709 arborum,
1701 1668 1757 1701 hic

1057 1719 1110 1747 est
1133 1714 1302 1747 fructibus
1329 1725 1470 1757 aequus:
1494 1720 1531 1748 et
1554 1716 1627 1748 haec
1648 1716 1757 1749 flumi-

1057 1764 1151 1796 nain
1167 1765 1299 1797 Nemea
1324 1764 1410 1797 silva
1436 1770 1516 1797 suut
1534 1766 1656 1798 omnia.
1676 1766 1757 1799 Im:-⁴

1058 1818 1139 1848 tant.
1388 1839 1390 1841 v
1744 1824 1753 1843 ¹

1099 1869 1164 1898 716
1184 1866 1283 1898 Jussu
1306 1866 1458 1907 numinis]
1490 1866 1604 1909 Ipsius
1628 1867 1759 1901 Liberi.

1060 1917 1157 1949 Bona
1188 1925 1269 1948 vero
1298 1918 1498 1949 oeconomia.
1543 1919 1632 1950 Nam
1662 1918 1757 1950 si-ei

1057 1967 1189 2008 Langia
1218 1966 1397 1999 defecisset
1421 1968 1605 2009 periissent
1624 1968 1758 2010 Argivi,

1058 2023 1093 2050 et
1104 2028 1169 2050 non
1186 2023 1275 2050 esset
1286 2019 1409 2050 bellum
1423 2019 1513 2061 quod
1527 2018 1682 2053 fataliter
1695 2019 1755 2055 dea

1057 2069 1213 2101 bebatur.
1235 2070 1335 2101 Idem.

1099 2122 1161 2151 717
1184 2120 1325 2161 Langia]
1348 2120 1438 2151 Fons
1466 2123 1521 2151 est
1550 2118 1608 2162 qui
1635 2123 1757 2160 postea

1058 2174 1198 2201 vocatus
1214 2174 1267 2201 est
1280 2169 1522 2209 Archemorus,
1533 2175 1569 2201 et
1584 2169 1662 2202 huic
1676 2178 1758 2202 cou-

1057 2223 1208 2251 secratus
1231 2223 1284 2251 est
1305 2218 1380 2250 fons
1403 2225 1438 2251 et
1455 2218 1637 2261 Nympha3
1659 2219 1756 2260 cuju

1056 2268 1178 2301 famam
1195 2274 1314 2310 postea
1330 2268 1452 2310 Argivi
1468 2273 1611 2309 accepto
1627 2267 1754 2301 benefi-

1057 2321 1110 2353 cio
1134 2321 1342 2356 extulerunt,
1368 2320 1447 2362 quia
1466 2330 1532 2352 nou
1557 2320 1758 2362 perdiderat

1057 2380 1189 2412 aquam.
1198 2371 1302 2412 juxta
1318 2369 1448 2402 fontem
1460 2380 1549 2412 agon
1561 2370 1757 2404 celebratur

1058 2422 1093 2454 in
1113 2422 1276 2452 honorem
1297 2419 1505 2452 Archemori.
1523 2426 1755 2462 consecratum

1058 2475 1092 2502 et
1120 2471 1153 2502 in
1179 2470 1346 2511 Nymphae
1369 2469 1582 2504 beneficium.
1624 2470 1755 2504 Arche-

1057 2530 1170 2552 morus
1185 2524 1238 2551 est
1255 2519 1402 2560 Lycurgi
1416 2519 1504 2551 filius
1516 2520 1644 2560 Graeci,
1654 2525 1755 2563 'quem

1057 2570 1756 2613 Hypsipyleacceperatnutriendum,quoe

1057 2620 1136 2651 dum
1163 2619 1357 2651 sitientibus
1384 2619 1516 2651 Graecis
1540 2619 1672 2652 fontem
1693 2615 1754 2654 de-

1058 2672 1225 2700 monstrat
1253 2668 1429 2709 Langiam‚
1457 2669 1585 2709 regium
1610 2673 1754 2711 puerum

1057 2719 1126 2750 ictu
1144 2717 1451 2759 serpentisamisit.
1483 2718 1518 2750 Is
1534 2723 1588 2751 est
1604 2729 1688 2761 puer
1701 2721 1754 2753 0·

1056 2768 1201 2810 phelte's,
1217 2768 1275 2810 qni
1290 2773 1368 2810 post
1379 2767 1755 2803 ‘Archemorusest‘diet
