1878 3164
464 261 503 291 P.
535 259 725 291 PAPan
760 259 926 291 STATn
960 260 1107 292 THEB.
1144 261 1239 292 LlB.
1274 261 1361 292 vn.

173 353 327 398 injurioee
351 353 451 396 cujus
467 353 600 387 Niobes
615 352 703 386 lilios
721 357 880 395 quatuor-

172 405 289 438 deeim
304 410 449 447 uterque
464 403 548 436 deus
566 404 716 437 extinxit
733 404 881 446 saginis,

173 453 302 498 Apollo
324 463 466 497 pueros,
481 454 615 496 puellas
630 455 757 487 Diana.
791 456 880 487 Nuu-

170 503 276 547 blu]
298 504 368 538 Hic
387 505 465 538 Laii
494 504 562 538 fuit
585 505 716 547 auriga.
746 505 879 547 Securo]

167 555 255 589 Sine
267 558 361 589 metu
373 553 481 588 futuri
497 556 686 598 parricidii.
710 556 811 589 Idem.

213 608 280 640 868
300 605 466 648 snguine
493 608 620 650 cervix]
643 607 812 640 Ostendit
838 618 880 641 eo

169 661 342 703 tempore,
356 668 425 702 quo
448 659 632 692 Naubolus
649 660 723 692 Laii
739 658 807 692 fuit
821 670 880 692 au-

162 709 258 752 riga,
272 709 509 743 Phorbantem
524 710 730 752 armigerum
750 709 878 743 fuisse:

168 765 209 794 et
233 765 334 804 optat
355 765 399 794 ut
426 770 546 794 errore
577 771 645 804 quo
671 761 804 794 occisus
826 766 881 795 est

167 810 289 852 Laius,
302 810 365 845 filii
387 811 518 855 pariter
533 811 754 852 interiissent,
770 822 813 845 ue
836 813 879 845 ad

115 860 118 865 “
167 861 392 896 dividendum
421 862 570 896 fratrum
599 862 733 895 scelera
763 873 879 896 serva-

168 906 305 947 rentur.
326 913 428 946 Iden.

208 966 278 999 100
301 965 442 1008 Repens]
465 965 512 998 Εἰ
536 965 739 998 adverbium
762 968 880 1008 potest

168 1024 247 1048 csse
267 1015 448 1058 temporis,
462 1019 500 1049 et
514 1025 640 1049 nomen
661 1016 879 1059 participale.

169 1065 338 1100 Ostendit
350 1065 589 1099 Phorbantem
599 1066 795 1109 intercepta
808 1067 877 1099 sin-

169 1116 323 1159 gultibus
337 1125 423 1150 voce
438 1117 535 1161 loqui
555 1118 693 1150 minime
710 1118 877 1160 potuisse.

210 1221 277 1252 ⁸63
301 1217 479 1252 Somcitm
491 1219 602 1262 decus]
625 1219 778 1253 Quiailli
794 1230 878 1253 cura

166 1273 224 1302 est
249 1268 445 1312 Antigones
466 1270 678 1313 virginitatis
704 1271 875 1304 custodia.

209 1373 275 1404 ³⁶4
297 1371 397 1405 Serus
410 1371 471 1404 eibi
489 1372 646 1414 demoror]
671 1372 825 1415 Propter
841 1378 876 1406 te

162 1421 294 1454 seniles
305 1430 412 1455 annos
426 1422 536 1455 invita
548 1422 720 1456 demoror.
743 1424 844 1457 Idem.

159 1476 162 1479 “
210 1474 277 1506 ⁸69
301 1473 505 1506 fflmbim
533 1474 642 1516 duces]
667 1474 877 1508 Narratione

167 1524 279 1567 elapsi
304 1529 397 1558 sunt.
420 1525 521 1559 Idem.
568 1525 718 1558 Chromin
732 1531 825 1569 atque
840 1527 873 1558 in

160 1568 274 1618 tergo]
296 1575 392 1609 Alibi
416 1576 482 1610 hoc
508 1576 646 1609 nomine
671 1577 792 1618 utitur,
818 1578 878 1610 ubi

160 1626 296 1659 habent
334 1620 511 1670 integr‘um
549 1628 779 1660 membranae:
815 1629 875 1661 sed

163 1677 224 1712 hic
245 1677 392 1711 mirifice
415 1679 567 1717 minut,
584 1679 719 1720 ccomin,
739 1679 878 1722 domini,

166 1729 290 1770 domiti,
311 1729 430 1762 dorm.
453 1728 602 1761 Videtur
623 1728 743 1772 fuisse,
767 1730 875 1763 Cloni-

163 1788 243 1818 αις
268 1788 350 1812 nnm
379 1784 417 1813 et
442 1779 596 1812 Homero
624 1779 807 1823 Πρσθοήνωρ
839 1793 876 1813 τε

159 1829 300 1864 ῑλόνως
326 1842 377 1864 τε.
419 1831 591 1874 Idemque
621 1833 875 1865 restituendum

166 1885 253 1926 puto
263 1881 432 1915 hoc'libro
445 1891 493 1915 vs.
502 1885 579 1915 711.
600 1883 611 1901 ‘
628 1879 873 1917 falcatoChro-

162 1933 238 1966 inin
275 1936 312 1966 et
341 1933 595 1966 Chremetaona
623 1943 727 1967 curru
746 1934 767 1966 ι’
797 1945 875 1968 nam

163 1984 271 2018 tertio
298 1989 382 2027 post
408 1994 511 2017 versu
535 1994 653 2018 rursus
667 1985 678 2004 ‘
697 1986 853 2018 Chromis
866 1986 875 2001 ’

165 2035 271 2078 cadit,
295 2035 412 2079 ibique
436 2036 564 2075 liabent
588 2036 755 2070 illibatum
780 2043 876 2070 vete-

169 2094 224 2119 res
236 2097 247 2119 t
267 2086 325 2119 iric
343 2091 472 2127 autem,
485 2086 496 2105 ‘
515 2087 711 2129 cremium?
726 2089 736 2107 ‘
752 2088 876 2120 Clime-

167 2137 272 2179 num‚’
281 2138 293 2156 ⁴
303 2127 453 2171 Clo‘uin!
467 2137 573 2170 Liber
581 2138 742 2180 optimus,
751 2140 761 2157 ‘
773 2139 876 2172 Chro-

166 2187 263 2228 miu,’
278 2187 339 2220 sed
356 2187 406 2220 ita
427 2192 468 2220 ut
482 2187 591 2220 literis
611 2188 692 2220 HR.
707 2189 876 2222 subduca-

163 2243 225 2271 tur
237 2238 382 2281 virgula,
393 2239 668 2281 suprascriptum
683 2239 728 2271 sit
742 2239 783 2272 L.
808 2240 876 2273 Re·

167 2298 258 2331 pone
287 2288 415 2331 igitur:
441 2292 451 2307 ⁸
467 2289 623 2321 Clonium
651 2293 688 2322 et
711 2290 875 2323 Chreme-

163 2343 275 2372 taona
299 2338 425 2373 curm?
468 2339 590 2372 Habes
616 2343 653 2372 et
675 2341 769 2382 apud
797 2342 874 2374 Vir-

167 2386 285 2434 gilium
299 2391 363 2424 lib.
379 2399 435 2424 1¹.
451 2396 488 2425 et
503 2400 542 2425 x.
557 2391 689 2426 AEueid.
714 2393 855 2428 Gronov.

211 2443 276 2474 m
300 2441 441 2484 carine]
462 2441 583 2475 Insula
605 2447 660 2476 est
679 2443 785 2486 juxta
808 2445 876 2477 Eu-

166 2491 282 2525 boeum
306 2491 459 2525 fretum:
485 2503 588 2536 quam
618 2504 773 2526 saxosam
797 2495 875 2528 ideo

164 2541 231 2585 ait,
246 2543 404 2586 quoniam
428 2543 478 2576 ibi
492 2553 662 2577 marmora
677 2550 875 2584 nascuntur,

165 2602 245 2637 qun
272 2604 294 2627 a
319 2595 386 2627 loci
411 2595 576 2628 vocabulo
601 2597 612 2614 ‘
629 2596 801 2629 Caristia’
825 2597 875 2629 di·

167 2649 306 2684 cuntur.
351 2637 452 2678 Unde
481 2646 611 2679 Lucan.
644 2647 654 2665 ‘
671 2647 751 2681 Qua
773 2648 875 2680 maris

169 2699 334 2738 angustat
341 2694 464 2730 fauces
475 2706 596 2730 saxosa
606 2697 780 2732 Caristos:
794 2698 875 2731 Luc·

165 2749 239 2779 tant

211 2769 274 2830 ⁸7⁶1
299 2797 375 2830 Non
401 2798 532 2831 humiles
553 2798 671 2840 AEgas]
705 2799 875 2833 Omnibus

169 2847 268 2881 valde
290 2852 399 2882 notas.
425 2849 606 2893 Caphar-ea]
628 2850 730 2884 Mons
754 2855 808 2886 est
825 2853 875 2886 al·

1525 251 1639 296 1925

933 353 1099 395 tissimus,
1128 354 1311 397 naufragio
1338 355 1539 389 Graecorum
1569 366 1640 390 om-

932 405 1031 436 nibus
1046 410 1161 446 notus,
1174 407 1208 438 in
1225 406 1348 439 fluibus
1364 407 1516 440 Euboeae.
1541 408 1640 440 Idem.

975 459 1039 488 374
1065 457 1180 489 Reccor
1193 457 1232 489 ab
1242 467 1359 499 aggere
1369 458 1478 500 coepit]
1501 459 1556 492 Ad
1569 464 1640 492 m'o-

932 515 1003 538 rem
1027 507 1218 540 Romanum
1247 509 1414 550 respexit,
1440 519 1507 552 quo
1531 510 1641 543 tribu-

932 557 987 588 nal
1001 557 1223 599 Imperatoris
1237 569 1372 602 semper
1386 561 1421 592 in
1433 561 1555 593 castris
1565 571 1640 594 ces-

933 607 1098 648 piticium.
1147 610 1355 643 Plutarchus
1384 612 1418 644 in
1450 612 1637 654 Pompeio:

930 657 1073 698 Βήματος
1087 658 1121 692 δὲ
1135 660 1191 693 οὐκ
1206 660 1307 701 ὄντος,
1323 662 1393 695 οὐδὲ
1414 664 1472 695 τοῦ
1486 674 1640 706 στρατιω-

930 710 1019 741 τικοῦ
1049 709 1194 751 ’γενέσθαι
1233 711 1419 754 φθάσαντος,
1446 713 1464 745 ὁ
1500 715 1640 746 ποιοῦσιν

931 760 1030 799 αὐτοὶ,
1041 763 1098 801 τῆς
1109 764 1170 802 ’γῆς
1182 763 1314 804 ἐκτομὰς
1323 764 1450 801 βαθείας
1464 765 1640 805 λαμβάνον-

930 824 995 854 τες,
1009 813 1061 844 καὶ
1076 814 1288 854 κατ-αλλήλων
1302 815 1504 857 συντιθέντες,
1518 829 1547 850 κ.
1562 829 1594 849 τ.
1605 823 1639 851 λ.

931 862 1132 897 Ammianus
1148 869 1203 899 23.
1239 867 1250 885 ‘
1267 867 1349 909 Ipse
1365 877 1492 909 aggere
1510 868 1640 907 glebali

930 915 1105 953 assistens,
1117 925 1312 959 coronaque
1324 918 1491 950 celsarum
1505 919 1638 951 circuu-

929 965 1031 997 ‹latus
1060 969 1285 1007 potestatum,
1311 967 1394 999 talia
1424 977 1484 1000 ore
1514 977 1638 1000 sereno

930 1017 1118 1050 disseruit!
1139 1019 1291 1051 Noster:
1317 1020 1327 1036 ‘
1346 1018 1414 1051 Hic
1428 1023 1542 1051 suetus
1554 1019 1638 1051 dare

923 1067 1004 1109 jura
1028 1076 1167 1110 parens,
1179 1069 1245 1101 hoc
1261 1069 1394 1111 cespite
1420 1074 1549 1101 turmas
1566 1069 1638 1101 Ad-

928 1116 1021 1150 fari.'
1054 1118 1212 1151 Sidonius
1239 1119 1326 1152 Pan.
1350 1120 1491 1154 Soceri:
1517 1120 1527 1138 ‘
1547 1119 1637 1152 Cou-

927 1173 1071 1201 currunt
1098 1179 1272 1212 proceres,
1287 1181 1328 1203 ac
1353 1171 1462 1203 milite
1490 1171 1637 1204 circum-

926 1218 1004 1251 fuso
1029 1219 1167 1262 Aggere
1196 1223 1386 1264 composito
1411 1227 1580 1264 statuunt,
1596 1223 1637 1256 a'c

928 1275 1050 1313 torque
1065 1271 1243 1304 castrensi
1255 1277 1425 1315 moestum,
1437 1273 1637 1316 donantque

926 1319 1075 1361 iusignia
1090 1321 1216 1362 regni.’
1257 1322 1417 1355 Lucanus
1439 1323 1482 1355 de
1499 1325 1637 1356 Caesare

927 1371 1177 1404 concionante:
1216 1372 1227 1390 ‘
1256 1375 1361 1406 stetit
1392 1383 1519 1416 aggere
1556 1374 1638 1408 fulti

927 1421 1091 1462 Cespitis,
1108 1421 1302 1463 intrepidus
1322 1424 1428 1465 vultu,
1443 1424 1638 1467 meruitque

927 1471 1042 1503 timeri
1058 1472 1139 1504 Non
1162 1466 1346 1506 metueris:
1388 1474 1467 1506 Mos
1490 1475 1545 1507 hic
1568 1485 1637 1506 non

929 1521 1043 1563 prisca
1058 1523 1166 1554 solum
1192 1523 1397 1565 Republica,
1412 1525 1472 1556 sed
1496 1529 1535 1557 et
1550 1525 1638 1557 teni·

928 1582 1011 1614 pore
1047 1573 1249 1615 Principum
1280 1579 1449 1608 retentus.
1492 1576 1636 1608 Tacitus

929 1623 1094 1657 Annal.¹.
1137 1625 1147 1642 ‘
1164 1625 1271 1657 Simul
1301 1631 1496 1668 congerunt
1524 1626 1638 1669 cespi-

927 1677 992 1714 tes,
1006 1678 1170 1707 extruunt
1192 1675 1370 1707 tribuual.'
1418 1676 1553 1708 Plinius
1570 1677 1637 1709 Pa-

926 1725 1089 1767 negyrico
1116 1726 1282 1768 Trajaui:
1321 1729 1332 1746 ‘
1360 1728 1497 1761 Decora
1526 1727 1636 1761 facies

926 1776 1107 1809 Consulis:
1129 1778 1239 1809 multa
1267 1783 1345 1820 post
1372 1779 1501 1812 saecula
1526 1779 1638 1812 tribu·

926 1824 982 1858 nal
996 1828 1096 1859 viridi
1111 1828 1245 1869 cespite
1261 1834 1474 1871 extructum,
1489 1839 1553 1862 uec
1566 1828 1636 1862 fas-

925 1876 1017 1910 cium
1033 1883 1181 1919 tantum,
1196 1879 1258 1911 sed
1275 1880 1422 1921 pilorum
1446 1880 1636 1920 signorum-

925 1939 990 1971 que
1006 1929 1147 1962 horrore
1163 1930 1429 1963 circundatum?
1453 1931 1608 1964 Ber-nort.

968 1983 1032 2012 3⁷8
1059 1981 1167 2022 Ultro]
1205 1982 1287 2014 Nou
1317 1982 1441 2014 coacti.
1474 1983 1637 2024 Jurastis]

924 2031 935 2049 ‘
953 2031 974 2065 J
981 2041 1080 2064 urare
1091 2032 1100 2046 ’
1115 2033 1255 2074 proprie
1278 2037 1345 2069 est,
1362 2033 1636 2076 quotiescunque

927 2090 1141 2117 sacramento
1157 2085 1331 2117 exercitus
1353 2085 1387 2117 iu
1410 2085 1527 2128 aliquo
1543 2085 1636 2119 bello

926 2136 1117 2176 conspirat,
1147 2135 1218 2168 sive
1254 2136 1334 2179 quia
1370 2136 1520 2178 legiones
1556 2146 1635 2169 cum

925 2185 1135 2226 scribuntur,
1153 2191 1234 2218 ante
1258 2187 1292 2218 in
1317 2193 1533 2219 sacramenta
1549 2187 1636 2219 mili-
1660 2209 1662 2211 ·

926 2237 984 2267 tioe
999 2236 1255 2277 compelluntur
1263 2237 1398 2278 jinrare.
1420 2237 1569 2270 Ludunt.

967 2288 1033 2318 886
1055 2285 1232 2328 Etsrater]
1258 2287 1387 2320 Hostili
1398 2288 1525 2330 animo,
1538 2289 1636 2332 quasi

917 2339 991 2381 jam
1008 2349 1075 2372 non
1091 2347 1197 2381 esset,
1210 2339 1312 2373 dixit.
1337 2340 1438 2373 Idem.

967 2393 1032 2422 888
1058 2386 1221 2432 Reus-tus]
1237 2391 1288 2423 Ut
1312 2391 1466 2424 invenias
1495 2402 1552 2426 me
1578 2401 1635 2426 ca·

925 2446 1058 2474 rentem
1075 2441 1224 2480 auxiliis,
1241 2446 1276 2474 et
1291 2442 1442 2475 occidas.
1466 2444 1566 2477 Idem.

967 2494 1032 2523 898
1055 2491 1245 2534 Perspicuas
1273 2493 1319 2524 sic
1346 2494 1411 2525 luce
1426 2493 1532 2536 sores]
1553 2494 1634 2527 Sive

926 2541 1132 2575 adveniente
1160 2541 1217 2574 die
1248 2543 1461 2585 perspicuas,
1487 2545 1561 2577 sive
1589 2553 1634 2577 ex

925 2593 1078 2626 cratibus
1101 2591 1228 2635 factas,
1251 2603 1329 2636 quae
1358 2595 1503 2628 raritate
1521 2596 1634 2638 virga-

924 2655 998 2677 rum
1010 2654 1176 2677 connexoe
1189 2645 1300 2678 lucem
1310 2645 1514 2679 admittunt.
1533 2647 1634 2681 Idem.

967 2698 1032 2728 896
1056 2695 1197 2728 Humum
1217 2697 1376 2739 tractura]
1407 2697 1522 2731 Lectis
1548 2707 1632 2741 pon-

925 2747 1008 2779 dere
1023 2751 1251 2788 praegravata.
1273 2748 1374 2781 Idem.

968 2799 1031 2830 397
1054 2797 1241 2841 Succiduas]
1265 2798 1467 2841 Tardantes,
1482 2810 1503 2832 a
1521 2801 1632 2834 succi-

926 2848 1052 2883 dendo.
1090 2848 1173 2883 Sive
1187 2853 1224 2883 ut
1234 2847 1370 2884 foeturoe
1384 2850 1631 2885 succedentem
