1878 3164
265 202 387 264 '1818

275 328 467 367 nostraeque
504 325 624 366 injuria
663 325 767 357 caedis
805 325 971 358 Ambesas

274 374 409 414 subigat
446 374 541 406 malis
589 374 765 407 absumere
816 374 970 407 mensas!

275 425 442 456 Barthius.

317 476 380 505 682
403 474 564 513 Sanguine
577 474 700 515 plenus]
722 474 849 506 Sensus
861 474 914 505 hic
927 473 971 505 de

276 523 378 556 Hom.
395 524 487 555 venit
502 534 511 555 :
535 524 584 556 Ut
601 530 682 556 tunc
700 525 833 556 demum
849 524 971 556 castris

275 573 419 604 Dolonis
434 573 616 605 Diomedes
630 574 785 614 excedat,
796 577 974 605 comesset

275 622 467 654 admonitus
498 633 518 654 a
552 624 734 663 Minerva3
771 633 847 655 nam
876 624 971 664 Virg.

274 672 363 703 hunc
388 681 522 703 sensum
544 673 578 704 in
594 673 671 704 Nisi
687 677 721 703 et
739 673 878 713 Euryali
895 682 972 713 per-

275 721 365 752 sonis
390 722 560 753 servavit:
599 720 881 762 ‘Acceleremns‚
909 722 972 757 ait,

274 780 351 802 nam
377 771 434 802 lux
461 772 598 803 inimica
627 771 856 814 propinquat.'
893 773 972 804 Lac·

274 824 358 853 mut.

315 874 378 903 685
405 873 549 912 Caligine
569 874 707 914 plenum]
731 873 773 905 ld
789 878 854 913 est,
871 873 973 906 nimia

272 919 442 953 felicitate
472 923 593 954 mentis
620 923 842 955 obcaecatum.
886 923 973 955 Cali-

273 970 352 1011 gine
368 971 465 1012 dixit,
483 972 562 1013 quia
579 981 645 1003 non
665 972 895 1013 prospiciebat
919 971 972 1003 fu-

274 1023 352 1051 tura
367 1021 531 1061 pericula.
560 1023 654 1053 Idem.

315 1071 379 1101 688
400 1070 476 1101 Jam
502 1080 580 1110 pone
608 1072 743 1109 modum,
772 1071 971 1112 nimiumque,

272 1119 342 1160 ξω]
364 1119 395 1151 Ο
414 1128 491 1150 vere
507 1121 618 1152 Solem
640 1121 731 1152 iuter
746 1121 884 1161 Poiitas,
900 1122 972 1153 lon-

273 1178 316 1210 ge
331 1179 467 1211 semper
481 1170 590 1202 aciem
601 1171 727 1212 ingenii
735 1171 946 1211 jaculantem
960 1182 969 1204 ε

273 1219 414 1260 imbibe,
441 1220 565 1261 victor,
589 1222 651 1253 nisi
667 1222 767 1261 serio,
796 1222 855 1253 sed
882 1232 971 1262 sero,

272 1271 410 1312 plorare
425 1272 524 1304 velis.
569 1272 751 1303 Enimvero
776 1273 895 1313 optimi
910 1273 971 1304 du-

272 1320 322 1352 cis
336 1319 484 1353 officium
509 1321 772 1353 existimandum
795 1326 859 1363 est,
872 1332 971 1363 posse

272 1379 337 1402 non
354 1371 460 1402 solum
477 1371 648 1410 vincendi,
662 1381 776 1402 verum
797 1371 901 1403 etiam
917 1381 972 1404 ce·

272 1413 378 1451 dendi
405 1424 561 1460 tempora
587 1420 793 1460 perspicere.
837 1419 892 1451 Ab
912 1430 971 1452 ore

272 1478 376 1500 aureo
393 1478 532 1500 aureum
549 1469 698 1500 dictum:
722 1469 786 1500 ὅτε
800 1470 832 1501 ἐν
846 1470 972 1510 πολέμῳ

272 1517 401 1560 εὐτυχίᾳ
414 1516 601 1559 πλεονάζων,
617 1518 672 1550 οὐκ
695 1518 859 1559 ἐνθύμηται
871 1518 972 1561 θράσει

272 1567 395 1609 ἀπίστῳ
418 1567 622 1610 ἐπαιρόμενος.
668 1570 703 1601 Is
720 1570 820 1610 quiin
834 1571 909 1602 bello
935 1571 971 1601 ob

271 1628 323 1650 res
336 1620 485 1650 secundas
499 1620 647 1658 exsultat,
667 1629 728 1650 non
742 1619 860 1658 cogitat
881 1629 972 1660 quam

271 1671 372 1713 infida
383 1671 506 1712 fiducia
520 1680 553 1702 se
575 1671 716 1702 extollat.
760 1671 861 1702 Ratio
877 1670 970 1712 apud

272 1721 435 1753 Romanae
463 1720 623 1752 Historiae
653 1720 870 1760 Principem:
892 1720 969 1752 ‘Si-

271 1772 342 1803 mul
370 1774 467 1812 parta
491 1780 530 1803 ac
556 1774 697 1811 sperata
719 1770 844 1802 decora
871 1771 968 1802 unius

271 1822 364 1854 horae
388 1821 528 1854 fortuna
553 1825 710 1852 evertere
726 1820 864 1862 potest!
886 1822 967 1853 Ber-

272 1875 356 1904 nort.

313 1923 378 1953 689
401 1921 490 1952 Huic
514 1930 576 1953 una
591 1920 690 1962 fides]
716 1921 764 1952 Ut
779 1923 884 1952 tantae
901 1919 968 1951 vir-

271 1971 353 2003 tutis
378 1971 517 2011 gloriam
539 1971 627 2002 solus
647 1974 845 2002 consecutus
861 1969 966 2001 fuisse

270 2020 432 2052 videaris.
454 2020 603 2051 Lactant.

285 2095 288 2098 .
309 2072 374 2102 694
398 2070 466 2101 Nec
495 2068 628 2109 ver-itus]
652 2068 729 2100 Hoc
759 2068 864 2101 dicit:
889 2069 966 2100 Nec

269 2120 399 2153 veritus
421 2124 476 2151 est
498 2128 605 2159 augur
631 2119 811 2160 prohibere
835 2119 965 2159 ducem,

267 2171 303 2202 id
333 2174 397 2209 est,
418 2169 618 2208 Etheoclen,
643 2178 685 2200 ne
709 2169 887 2200 morituros
915 2173 967 2201 tot

267 2220 444 2252 mitteret:
469 2219 528 2250 sed
546 2219 710 2250 instantia
731 2219 901 2250 morituris
917 2218 966 2251 fa·

269 2275 302 2313 ta
316 2269 418 2301 fidem
445 2269 564 2310 auguri
587 2268 814 2309 derogavere:
838 2273 875 2300 ut
889 2269 967 2301 Vir-

267 2319 328 2359 gil.
350 2320 361 2338 ‘
374 2319 468 2350 Tunc
484 2318 588 2349 etiam
603 2316 683 2349 fatis
700 2318 810 2358 aperit
825 2319 965 2350 Cassan-

267 2368 329 2400 dra
359 2367 507 2400 futuris.'
543 2368 643 2399 Idem.
700 2368 763 2399 Sed
791 2369 867 2410 sata
902 2379 965 2400 mo-

265 2421 390 2450 nentem
433 2417 605 2448 Privavere
636 2416 719 2458 fide]
778 2417 871 2448 Nihil
910 2427 965 2449 ve-

266 2466 349 2507 rius,
364 2466 448 2497 nihil
471 2466 609 2497 certius.
655 2466 842 2498 obnubilat
864 2467 966 2509 siqui-

266 2516 356 2557 dem,
382 2517 450 2547 imo
470 2515 588 2547 adimit
603 2520 753 2547 mentem
768 2516 966 2557 hominibus,

266 2575 348 2607 quos
365 2565 482 2606 punire
498 2565 584 2604 vult,
598 2574 724 2605 supera
738 2565 796 2596 illa
807 2575 914 2606 mens,
928 2571 965 2598 et

265 2615 509 2656 cujuscumque
531 2615 626 2645 Deus
645 2613 816 2646 fortunam
833 2621 964 2647 mutare

266 2664 456 2699 constituit,
490 2663 561 2703 ejus
593 2664 735 2695 consilia
764 2666 966 2706 corrumpit.

266 2713 414 2755 Egregie
428 2713 471 2744 ad
499 2713 635 2754 Papinii
658 2714 765 2745 nostri
786 2715 874 2746 hanc
889 2725 962 2746 sen-

267 2763 408 2797 tentiam
423 2762 621 2795 Herodotus
647 2762 705 2795 lib.
724 2771 776 2795 xx.
819 2765 916 2806 Εεῖνε,
935 2763 964 2807 ὅ,

729 230 870 264 NOTAE
904 230 1167 264 vAmoRUM
1198 229 1252 264 IN

1020 336 1050 356 τι
1059 326 1107 356 δεῖ
1113 324 1254 365 γενέσθαι
1269 325 1304 356 ἐκ
1313 324 1370 356 τοῦ
1381 324 1461 362 θεοῦ,
1470 321 1629 364 ἀμήχανον
1637 323 1714 357 stiffi

1020 373 1128 415 τρέψαι
1142 373 1295 415 ἀνθρώπῳ·
1318 372 1387 405 οὐδὲ
1401 373 1463 415 ’γὰρ
1477 373 1572 406 πιστὰ
1584 373 1713 414 λέγωσὶ

1022 423 1118 455 ἐθέλει
1139 424 1293 455 πείθεσθαι
1307 423 1413 456 οὐδείς.
1448 425 1478 455 0
1497 424 1623 465 haym·
1635 424 1715 466 quod

1021 473 1171 506 divinitus
1197 475 1373 514 contingere
1400 474 1500 515 debet,
1524 474 1612 506 homo
1635 481 1656 506 a
1683 482 1716 506 se
1748 471 1752 477 “

1022 524 1106 554 nulla
1128 527 1197 555 arte
1222 524 1362 565 dispelle:
1376 535 1387 555 .·
1408 534 1445 555 ασ
1470 533 1510 555 ne
1534 523 1716 556 cerisims'lia

1021 574 1143 614 quidem
1167 573 1338 606 dicentibus
1351 574 1452 617 fidem
1474 573 1607 606 habebit.
1624 573 1714 606 Ber-

1021 627 1109 656 naris.

1063 677 1126 706 700
1151 674 1357 716 Circumspice
1378 675 1496 717 muros]
1518 675 1567 707 Ut
1586 674 1628 706 ad
1643 674 1714 706 bel·

1021 725 1088 755 lum
1119 733 1269 765 repares.
1304 725 1495 757 Ridiculum
1519 728 1633 756 antem
1650 725 1716 756 hoc

1023 772 1049 803 si
1087 773 1207 805 seriem
1246 778 1436 815 temporum
1481 773 1525 806 ad
1568 774 1716 806 calculos

1021 823 1232 855 Eusebianos
1258 824 1341 856 velis
1364 828 1534 865 reputare.
1579 824 1716 864 Europa

1022 878 1122 914 rapta
1146 874 1284 914 ponitur
1314 875 1405 907 circa
1440 883 1562 906 anunm
1597 873 1716 905 muudi

1022 931 1376 956 mmmccccmxxvn.
1404 933 1483 965 quo.
1513 923 1568 954 vel
1594 926 1631 954 et
1665 927 1717 954 se-

1022 974 1216 1014 quentibus,
1230 973 1395 1014 fingamus
1406 973 1569 1005 Cadmum
1581 971 1715 1005 Thebas

1022 1031 1218 1063 occupasse.
1262 1023 1403 1063 Tydeus
1426 1022 1542 1055 floruit
1560 1031 1636 1054 cnm
1651 1020 1718 1054 Ar-

1021 1073 1192 1114 gonautis,
1206 1076 1243 1104 ut
1265 1072 1458 1113 profectum
1473 1072 1575 1104 etiam
1590 1070 1718 1104 scribat

1021 1132 1199 1162 nonnemo,
1209 1123 1302 1154 velut
1312 1131 1412 1163 supra
1421 1121 1640 1154 ostendimus.
1653 1120 1718 1153 Ar·

1021 1176 1244 1212 gonantarnm
1260 1171 1398 1203 historia
1411 1170 1533 1203 incidit
1546 1171 1580 1202 in
1593 1178 1715 1202 anuum

1022 1229 1337 1253 MMM.ncccc.xxr.
1381 1220 1437 1252 Ita
1451 1220 1598 1252 nondum
1619 1220 1716 1261 quiu-

1021 1271 1184 1312 quaginta
1197 1270 1293 1302 annis
1305 1271 1466 1302 steterint
1478 1270 1511 1302 hi
1521 1269 1620 1310 muri,
1630 1277 1716 1312 quos

1021 1330 1094 1353 aevo
1109 1320 1247 1362 fragiles
1271 1321 1422 1362 appellat
1442 1321 1618 1362 Papinius.
1655 1320 1718 1352 *In-

1020 1372 1204 1403 ertissimus
1231 1380 1311 1412 ergo
1338 1370 1587 1403 aedificatornm
1610 1369 1717 1402 fuerit

1021 1421 1079 1452 ille
1109 1421 1266 1458 Phoenix,
1288 1421 1343 1453 cui
1369 1420 1547 1462 plurimam
1568 1420 1716 1463 alioquin

1021 1480 1091 1502 suae
1113 1471 1298 1511 Sapientiae
1326 1475 1458 1511 partem
1473 1470 1641 1502 Graecism
1656 1469 1716 1502 de-

1020 1520 1103 1552 bere
1118 1520 1270 1552 omnibus
1284 1525 1338 1552 est
1351 1519 1386 1551 in
1401 1519 1571 1552 confesso.
1614 1519 1718 1552 Paris

1021 1571 1172 1611 reperies
1198 1570 1288 1612 apud
1319 1569 1598 1611 chronographos
1620 1569 1721 1610 alios,·

1021 1621 1075 1662 qui
1092 1625 1205 1652 tamen
1223 1629 1265 1651 ex
1282 1619 1482 1652 Eusebianis
1495 1619 1572 1651 fere
1586 1619 1715 1661 depen-

1020 1670 1114 1701 dent.
1137 1670 1257 1701 Barth.

1061 1723 1124 1752 703
1147 1721 1188 1752 In
1205 1721 1281 1752 bella
1291 1720 1445 1761 venimus]
1461 1720 1527 1752 Et
1518 1729 1552 1752 in
1564 1720 1716 1752 Romam

1018 1770 1157 1802 historia
1171 1771 1234 1802 hoc
1251 1770 1413 1802 Porsenae
1438 1769 1571 1802 Mutius
1589 1769 1717 1801 dixisse

1018 1820 1139 1861 fertur,
1154 1830 1230 1851 cnm
1246 1820 1370 1852 dextra
1384 1819 1470 1852 focis
1488 1820 1648 1861 imposita
1663 1819 1715 1852 di·

1019 1875 1136 1902 ceret:
1159 1870 1257 1901 ‘Suae
1281 1870 1455 1911 patientiae
1478 1870 1604 1902 similes
1626 1870 1716 1902 viros

1018 1925 1122 1962 atque
1139 1919 1274 1951 virtutis
1287 1930 1307 1951 a
1321 1924 1440 1951 senatu
1453 1920 1569 1961 plnres
1589 1920 1625 1951 in
1638 1919 1715 1961 ejus

1018 1969 1158 2002 exitium
1174 1969 1379 2001 destinatos!
1399 1969 1544 2002 Lactant.

1059 2021 1122 2050 707
1166 2019 1244 2050 Jam
1279 2020 1396 2050 dudum
1438 2019 1534 2051 oblita
1553 2019 1714 2062 Juvenum]

1018 2068 1166 2110 Scripti:
1181 2069 1264 2108 ,iam
1279 2070 1405 2109 longum
1424 2070 1532 2103 oblita.
1576 2064 1718 2104 Recte:

1016 2119 1065 2150 sic
1093 2118 1215 2150 Achill.
1238 2128 1265 2150 1.
1285 2118 1377 2160 ‘jam
1402 2120 1537 2161 longum
1563 2121 1714 2163 coeloque

1017 2168 1185 2209 domoque
1201 2167 1378 2208 gregatae.'
1403 2170 1542 2203 Gronov.

1058 2220 1122 2249 710
1146 2218 1234 2249 Huic
1250 2218 1331 2250 leves
1349 2219 1477 2260 galeas]
1496 2220 1537 2252 In
1553 2221 1618 2253 hoc
1633 2231 1714 2253 con-‘¹

1017 2267 1182 2299 secrando
1196 2273 1334 2299 secutus
1359 2273 1414 2300 est
1428 2269 1547 2311 virgil.
1564 2280 1640 2302 nam
1655 2271 1713 2303 ille

1016 2318 1095 2350 dum
1109 2319 1214 2350 Marti
1226 2317 1365 2350 offerret
1375 2320 1515 2352 exuvias
1529 2321 1600 2353 ait.
1624 2321 1713 2364 ‘Ap-

1016 2373 1070 2400 tat
1084 2373 1238 2399 rorantes
1255 2369 1416 2408 sanguine
1431 2370 1553 2402 cristas
1563 2372 1713 2414 Telaque

1016 2423 1137 2449 trunca
1153 2417 1272 2449 virum.
1274 2417 1450 2451 ’.Lactant
1705 2432 1708 2440 =

1056 2470 1117 2499 715
1142 2467 1367 2508 Ingeniumque
1379 2469 1537 2510 parentis]
1553 2471 1675 2504 Bene'
1661 2481 1712 2504 m-

1011 2516 1152 2557 gem'um‚
1173 2526 1249 2557 quae
1274 2516 1318 2547 de
1343 2518 1455 2557 capite
1478 2526 1560 2551 nata
1588 2518 1712 2553 dicitur

1013 2565 1130 2598 Jovis:
1157 2570 1192 2597 et
1206 2566 1271 2597 hoc
1286 2566 1412 2607 antiqui
1427 2567 1514 2599 bene
1530 2568 1712 2610 figuratum

1014 2626 1088 2648 esse
1103 2616 1282 2647 dixerunt:
1308 2621 1357 2657 ut,
1368 2618 1446 2658 quia
1461 2624 1594 2652 naturae
1610 2623 1711 2656 ratio-

1014 2676 1057 2698 ne
1088 2666 1270 2707 prudentia
1299 2667 1406 2698 omnis
1435 2668 1469 2699 in
1498 2670 1614 2710 capite
1642 2677 1710 2714 est,

1012 2717 1183 2756 Minerva,
1202 2725 1276 2757 quae
1290 2717 1459 2757 sapientia
1478 2719 1555 2759 Dei,
1569 2725 1649 2754 naui
1663 2723 1708 2756 de

1011 2765 1107 2800 Jovis
1136 2766 1250 2808 capite
1280 2766 1488 2800 crederetur.
1533 2769 1595 2802 Est
1627 2779 1708 2804 vero
