1878 3164
299 221 417 265 1826

306 337 358 360 vr.
381 336 448 360 non
474 329 530 359 14.
553 325 604 358 uti
625 325 694 367 hic,
713 324 774 357 sed
795 327 848 358 12.
872 324 1004 357 Niobes

303 378 417 419 proles
426 376 600 418 agnoscitt
625 379 635 394 ‘
652 385 718 416 quo
731 375 873 416 geminis
888 375 1004 408 Niobe

302 431 505 468 consumpta
532 426 704 467 pharetris
730 426 907 467 Squallida
934 426 1002 458 bis-

302 487 402 510 senas
434 477 587 518 Sypylon
637 475 828 508 deduxerat
872 476 1003 509 urnas!

302 528 454 559 Bernarl.

343 580 407 609 203
433 576 576 617 Molossi]
600 577 798 610 Actaeonem
826 576 922 616 dicit,
945 576 1002 618 qui

300 633 452 661 mutatus
483 630 517 660 in
559 637 698 660 cervum
729 632 882 670 putatur,
909 627 1001 670 quod

300 680 451 711 Dianam
466 678 593 710 nudam
607 682 804 719 aspexerat,
827 683 865 710 et
889 687 909 710 a
934 678 1002 710 suis

300 728 427 760 dicitur
441 728 582 760 canibus
603 728 762 760 laniatus.
785 728 935 760 Luctuut.

342 780 405 809 205
420 778 460 809 In
472 777 591 809 subitos
599 777 710 818 regina
720 770 819 819 lacus]
835 778 1002 818 Respexit

299 826 465 864 fabulam,
479 837 546 869 qua
561 827 682 868 Dirce,
705 827 790 868 Lyci
806 827 1000 860 Thebarum

298 876 388 917 regis
413 876 578 917 conjunxi,
604 877 646 909 ab
671 876 863 918 Amphione
885 881 920 909 et
935 877 1002 909 Ze-

298 926 369 964 tho,
397 926 494 959 Jovis
520 931 558 959 et
585 926 745 968 Antiopae
766 926 856 964 filiis,
878 927 999 959 caudae

297 975 455 1007 indomiti
470 976 551 1018 eqni
566 977 707 1017 alligata
729 982 766 1010 et
793 987 855 1019 per
870 982 1000 1010 terram

297 1026 357 1058 din
374 1031 485 1067 rapta,
500 1027 639 1059 tandem
657 1028 690 1059 in
706 1028 756 1060 sui
769 1027 911 1059 nominis
926 1027 1000 1059 fon-

298 1079 367 1108 tem
390 1085 556 1108 conversa
570 1075 726 1117 fingitur.
749 1077 900 1109 Bernart.
944 1076 1000 1108 Sic

297 1128 377 1158 dura
403 1128 560 1168 sororum]
590 1127 676 1159 Ideo
706 1127 818 1169 inquit
849 1128 906 1159 illa
932 1137 998 1159 non

296 1175 375 1217 fleo,
391 1177 469 1218 quia
485 1177 670 1217 patientius
683 1176 806 1214 fertur,
819 1177 909 1219 quod
925 1176 998 1209 fato

296 1225 436 1258 accidit.
471 1226 573 1258 Nunc
585 1236 665 1267 ergo
679 1227 925 1269 quinquaginta
940 1227 998 1259 isti

297 1275 388 1316 regis
406 1275 487 1307 vitio
503 1275 713 1308 ceciderunt.
751 1276 808 1309 Sic
825 1277 947 1309 Cicero
963 1278 998 1308 in

294 1325 448 1367 Philipp.
481 1327 491 1344 ‘
510 1326 624 1358 Multa
653 1331 767 1359 autem
797 1327 997 1368 impendere

293 1373 468 1416 videntur,
493 1380 624 1417 praeter
645 1382 802 1409 naturam
818 1381 855 1409 et
871 1382 998 1418 praeter

294 1424 426 1457 fatum!
457 1426 543 1458 Ideo
559 1431 596 1459 et
610 1427 715 1469 poeta
729 1427 897 1460 describit
911 1429 996 1460 illud

293 1473 442 1507 fatorum
470 1475 589 1516 fuisse,
613 1477 678 1508 hoc
703 1485 790 1508 non:
815 1476 859 1508 de
876 1486 942 1519 qua
958 1486 996 1509 re

293 1534 418 1566 magna
432 1526 579 1567 quoestio
594 1529 657 1558 est.
701 1526 769 1558 Sed
795 1527 823 1558 si
849 1527 996 1568 philoso-

293 1574 394 1615 phice
424 1575 664 1616 investigemus
695 1585 830 1618 arcana,
858 1577 887 1608 si
919 1577 995 1609 haee

291 1625 374 1657 talia
391 1630 504 1657 tamen
521 1626 679 1658 evenisse
694 1627 883 1668 credamus,
898 1636 995 1668 repe·

291 1675 361 1707 rire
374 1685 554 1716 possumus
565 1676 630 1708 hoc
645 1677 751 1718 magis
764 1677 836 1709 fato
848 1676 993 1718 factum,

290 1727 380 1769 quod
398 1736 460 1768 per
475 1727 646 1759 Etheoclis
667 1728 806 1760 insidias
833 1729 993 1770 contigit.

291 1777 391 1810 Quod
408 1777 500 1809 enim
524 1777 665 1810 deorum
691 1778 876 1810 iracundiis
892 1783 994 1810 extra

231 1850 236 1854 -
290 1826 427 1859 fatum?
458 1828 541 1860 licet
579 1828 669 1860 enim
696 1828 786 1869 Diis,
814 1829 894 1870 quia
918 1829 993 1869 ipsa

289 1876 362 1910 fata
388 1882 581 1918 senserunt,
604 1877 721 1911 facere
752 1880 841 1921 quod
871 1879 991 1919 velint,

290 1928 368 1969 quia
383 1928 565 1960 humanum
591 1938 696 1970 genus
720 1930 784 1961 hoc
801 1929 935 1961 vinculo
950 1930 991 1961 li-

289 1982 470 2019 gaverunt,
501 1983 539 2009 ut
566 1978 659 2019 Juvit
687 1988 763 2010 suas
793 1979 990 2011 voluntates

289 2032 393 2070 atque
422 2028 593 2060 licentias.
636 2027 801 2060 Attamen
817 2029 844 2060 si
862 2033 990 2060 utrum·

288 2087 354 2120 que
372 2077 579 2119 perpendas,
606 2082 643 2110 et
668 2078 733 2110 hoc
755 2082 791 2110 et
814 2078 896 2110 illud
918 2078 989 2111 fato

287 2128 443 2159 evenisse
465 2138 670 2169 cognosces.
714 2129 804 2161 Nam
831 2134 870 2162 ut
893 2130 989 2172 quin-

286 2178 450 2219 quaginta
466 2182 697 2220 morerentur,
722 2189 784 2220 per
807 2179 898 2221 regis
913 2189 990 2221 per-

286 2227 404 2259 fidiam
420 2227 566 2268 contigit
580 2238 589 2260 :
614 2233 650 2260 et
665 2228 724 2260 illa
739 2239 814 2271 quae
832 2231 989 2271 ,superius

285 2276 382 2309 facta
396 2278 550 2310 narra-vit
574 2278 619 2310 de
640 2280 772 2320 Dyrce,
798 2279 841 2311 de
860 2280 988 2318 Niobe,

285 2327 328 2358 de
346 2328 514 2369 Pentheo,
530 2328 574 2360 de
590 2328 724 2370 Agave,
749 2330 793 2361 de
811 2330 989 2372 Actaeone,

285 2378 390 2409 etiam
418 2378 552 2410 decreti
580 2378 688 2411 fuisse
716 2381 903 2421 poterimus
927 2391 986 2422 ag-

283 2436 436 2459 noscere.
489 2428 600 2461 Omne
630 2430 719 2462 enim
760 2431 986 2473 quodcunque

283 2475 358 2508 fato
388 2477 551 2511 moritur:
587 2483 626 2511 ut
654 2480 842 2521 Virgilius:
880 2481 987 2514 ‘Stat

284 2535 344 2557 sua
359 2527 480 2568 cuique
496 2527 594 2560 dies.'
615 2529 764 2562 Lactant-

325 2579 389 2608 209
404 2578 558 2610 Extrema
570 2579 720 2621 dolemus]
737 2580 880 2612 Sensus:
899 2581 985 2613 Cum

282 2626 431 2657 nondum
447 2627 537 2658 bella
551 2629 728 2660 commissa
750 2629 830 2670 sint,
846 2630 917 2670 jam
943 2630 986 2662 ti-

282 2685 412 2707 memus
434 2681 591 2708 extrema
606 2677 786 2719 bellorum,
808 2688 884 2720 quae
901 2679 984 2712 victi

283 2727 357 2768 pati
373 2733 634 2761 consueverunt.
656 2729 755 2761 Idem.

323 2779 390 2809 216
415 2777 505 2810 Unde
519 2787 555 2809 ea
569 2778 713 2820 libertae]
737 2756 917 2817 Quaeritis,
931 2779 982 2811 in-

769 203 912 263 No‘rAE
943 231 1210 263 VARIORUM
1243 232 1297 265 IN

1055 325 1143 368 quit,
1167 330 1234 368 quo
1263 325 1359 358 vultu
1379 324 1523 358 Alethes
1546 325 1753 363 miniario

1055 384 1172 419 regem
1186 378 1293 409 libere
1308 377 1499 419 congerat?
1542 376 1753 411 Videt-enlm

1053 427 1117 459 sibi
1133 427 1213 459 vitae
1230 426 1330 459 finem
1347 428 1589 470 propinquum,
1600 433 1639 460 et
1652 432 1754 462 otene

1053 477 1294 510 incolumitatis
1324 478 1475 519 spacium
1505 487 1581 510 esse
1610 479 1753 511 transle-

1053 532 1139 568 tnm,
1155 532 1192 560 et
1207 534 1348 570 propter
1368 529 1433 561 hoc
1452 538 1496 560 ne
1518 528 1686 561 moriatur
1701 527 1754 561 in·

1054 578 1193 619 glorius,
1209 578 1303 620 quasi
1318 578 1405 611 liber
1420 583 1457 611 et
1471 583 1644 620 constans,
1656 583 1695 611 nt
1706 578 1753 612 de

1052 628 1110 659 illo
1125 629 1187 659 hoc
1203 633 1323 669 postea
1339 629 1485 670 populus
1500 628 1671 670 loquatur,
1690 637 1752 670 op-

1052 681 1104 709 tat
1123 677 1257 710 occidi:
1282 677 1383 710 Unde
1410 679 1590 711 Lucanus:
1611 679 1624 707 ἕ
1641 678 1751 712 Unum

1053 737 1150 769 spem
1186 728 1306 760 mortis
1349 727 1504 761 honestae
1541 727 1751 770 concipitis-J

1052 778 1198 810 Lactant.

1093 831 1157 860 217
1191 827 1338 869 Seroeque
1365 827 1475 869 morti]
1511 828 1583 860 Diu
1612 827 1749 861 dilatat

1052 878 1120 910 Vel
1145 878 1326 910 videbatur
1348 887 1459 910 serum
1480 879 1544 919 ipsi
1568 887 1631 919 per
1650 882 1752 911 natu»

1052 938 1123 960 ram
1138 929 1236 968 mori,
1261 928 1376 970 itaque
1401 927 1540 960 volebat
1563 936 1626 969 per
1643 927 1752 961 virtu-

1053 983 1121 1011 tem
1152 987 1349 1020 properare.
1366 978 1408 1010 ad
1439 983 1599 1010 mortem.
1643 977 1750 1012 Multi

1051 1035 1204 1062 veterum
1231 1029 1424 1071 sapientum
1446 1038 1610 1061 summam
1633 1034 1756 1062 aucto-⁴

1050 1080 1188 1111 ritatem
1210 1078 1383 1120 ponebant
1405 1079 1438 1111 in
1462 1083 1637 1111 contemtu
1659 1085 1750 1112 mor.

1050 1130 1106 1161 tis.
1134 1129 1204 1162 Vct.
1217 1129 1323 1161 Schol.

1091 1182 1154 1211 221
1178 1179 1351 1211 Biemann-s
1365 1182 1398 1211 et
1424 1177 1591 1220 Gabinus]
1614 1178 1748 1212 Gente-

1048 1228 1204 1260 Thraciae
1218 1228 1477 1268 crudelissime,
1492 1227 1536 1260 ob
1553 1237 1653 1269 quam
1669 1237 1750 1260 cau·

1049 1288 1118 1310 sam
1134 1279 1229 1310 Mars
1256 1287 1333 1309 esse
1357 1277 1399 1309 de
1423 1277 1571 1309 Thracia
1594 1277 1721 1310 dicitur
1737 1288 1748 1310 =

1049 1333 1087 1361 ut
1108 1329 1206 1368 virg.
1231 1328 1241 1346 ⁴
1253 1328 1510 1370 Gradivumque
1527 1331 1661 1368 patrem
1677 1327 1748 1361 Ge-

1049 1379 1149 1410 tliicis
1163 1378 1222 1420 qui
1236 1378 1399 1419 praesidet
1414 1378 1528 1410 arvis!
1550 1378 1699 1411 Lactanae.
1741 1394 1745 1398 ‚

1090 1431 1153 1460 223
1177 1428 1322 1460 Fulmina
1346 1427 1526 1468 cristatum]
1549 1427 1651 1461 Quod
1677 1427 1751 1460 exi-

1047 1477 1108 1510 bat
1123 1478 1166 1509 de
1188 1478 1293 1509 crista
1319 1477 1427 1519 galeae
1450 1477 1620 1510 infinitum
1635 1478 1748 1511 lumen

1047 1527 1191 1559 habens:
1214 1532 1359 1569 eratque
1375 1528 1474 1569 galea
1488 1528 1523 1559 iu
1534 1527 1672 1560 modum
1681 1526 1749 1560 sul·

1046 1577 1147 1609 minis
1161 1578 1274 1610 cristis
1290 1582 1423 1610 ornata.
1447 1578 1548 1611 Idem.
1742 1587 1745 1593 ·

1087 1630 1152 1659 224
1176 1628 1311 1669 Tristia]
1326 1629 1414 1662 Quae
1430 1637 1623 1670 quanquam
1634 1633 1750 1661 essent

1045 1686 1162 1719 aurea,
1177 1682 1294 1710 tamen
1319 1678 1462 1710 tristitia
1483 1687 1551 1710 non
1577 1682 1750 1719 carerent,

1044 1731 1083 1759 ut
1097 1732 1189 1760 esset
1203 1731 1317 1760 terror
1327 1728 1362 1760 in
1378 1728 1502 1770 pretio.
1515 1728 1617 1761 Idem.

1085 1780 1150 1809 226
1187 1777 1348 1818 AEmulus]
1383 1778 1468 1810 Luci
1501 1777 1649 1810 radianti
1684 1787 1747 1820 par

1042 1827 1290 1868 magnitudine.
1313 1828 1414 1860 Idem.

1084 1879 1147 1908 231
1173 1877 1353 1909 Exturbent
1361 1876 1607 1918 residesfrencs]
1622 1877 1665 1909 Id
1678 1882 1746 1918 est,

1042 1926 1179 1958 vincula
1191 1927 1276 1968 legis
1292 1931 1328 1959 et
1340 1927 1482 1966 foedera,
1496 1928 1616 1969 quibus
1626 1932 1746 1960 tenens

1043 1980 1101 2008 tur
1115 1977 1150 2008 in
1166 1987 1252 2018 pace
1266 1988 1275 2009 z
1301 1982 1341 2010 ut
1357 1977 1480 2019 Virgil.
1497 2002 1505 2009 .
1524 1979 1534 1995 ‘
1550 1977 1598 2009 Ni
1611 1975 1745 2011 frenum

1041 2026 1222 2068 accipere.¹
1244 2027 1344 2059 Idem.

1082 2079 1146 2108 233
1171 2077 1260 2118 Rape
1270 2076 1467 2118 cunctantes]
1480 2077 1616 2109 Excute
1630 2077 1744 2110 omnia

1040 2126 1185 2158 consilia
1212 2131 1248 2158 et
1277 2136 1362 2167 rape
1390 2127 1601 2168 praecipites,
1615 2136 1682 2169 quo
1707 2131 1744 2159 te

1039 2181 1100 2207 tua
1116 2177 1227 2208 rabies
1244 2176 1452 2217 praecipitat.
1495 2176 1537 2208 In
1561 2176 1649 2208 bello
1672 2185 1744 2208 omo

1038 2226 1098 2258 nia
1111 2226 1144 2258 vi
1170 2230 1206 2257 et
1222 2225 1302 2257 dolo
1318 2230 1477 2267 aguntur.
1523 2225 1594 2258 Ubi
1610 2225 1660 2258 vis
1673 2235 1743 2259 nou

1039 2283 1106 2318 est,
1122 2278 1168 2310 ibi
1181 2278 1292 2310 dolus.
1314 2278 1486 2310 Scholion.

1079 2330 1144 2360 246
1165 2328 1280 2360 Arcem
1295 2328 1376 2359 hanc
1389 2326 1557 2369 aternam]
1580 2327 1679 2360 Inter
1687 2337 1742 2360 or.

1038 2381 1111 2409 tum
1125 2382 1163 2409 et
1177 2387 1333 2409 occasum
1355 2386 1455 2408 omne
1480 2377 1571 2419 quod
1594 2377 1743 2410 medinm

1038 2432 1104 2470 est,
1116 2431 1126 2447 ‘
1140 2426 1318 2459 meridies’
1334 2432 1492 2460 vocatur.
1513 2428 1560 2460 Et
1573 2432 1629 2460 est
1641 2427 1740 2460 sedes

1036 2477 1198 2509 Deorum.
1222 2477 1373 2509 Laetam.

1077 2530 1142 2559 247
1166 2527 1276 2558 Etiam
1297 2527 1376 2559 mihi
1388 2528 1518 2560 numina
1530 2528 1656 2571 sontes]
1674 2529 1742 2562 Or·

1035 2576 1080 2610 do
1096 2588 1107 2609 :
1130 2578 1254 2609 Testor
1268 2578 1403 2619 Elysios
1415 2578 1544 2615 fontes,
1562 2580 1620 2622 qni
1637 2579 1739 2612 etiam

1035 2633 1116 2660 sunt
1130 2628 1212 2660 mihi
1226 2629 1374 2660 numina.
1402 2629 1503 2661 Unde
1518 2630 1642 2672 virgil.
1654 2631 1666 2649 ⁴
1677 2631 1738 2663 Dii

1035 2679 1249 2720 cnjusjurare
1265 2679 1399 2721 timent,
1412 2683 1449 2712 et
1457 2678 1577 2712 fallere
1589 2690 1728 2713 numen.
1729 2680 1740 2694 '

1034 2728 1135 2760 Idem.
1726 2742 1734 2754 ι

1075 2782 1140 2812 248
1162 2780 1234 2822 Ipse
1247 2790 1342 2813 manu
1360 2753 1495 2823 Thebas]
1516 2782 1564 2814 Ut
1581 2782 1736 2815 consoles
