1878 3164
282 211 393 258 1808

282 319 483 351 cantilenas.
507 316 653 352 Luceant.

324 371 387 401 379
409 369 511 401 Latus
544 369 639 410 Eoos]
677 367 844 411 Corynthi
889 370 977 401 latus

280 428 438 451 emensus
453 423 505 451 est
516 426 527 451 ἰ
551 425 588 451 et
604 420 768 451 orientem
782 419 868 452 dixit
882 420 978 461 Eoos,

279 468 492 500 occidentem
511 469 625 500 Euros.
647 468 756 501 Idem.

323 519 386 549 380
408 517 611 559 Sisyphique
632 518 755 558 sedent]
781 519 864 551 Cum
889 518 978 551 inter

280 566 348 599 duo
373 568 477 599 maria
497 573 646 599 montem
671 569 817 610 positum
845 568 977 600 crudeli

277 616 457 649 latrocinio
471 618 634 659 Sisyphus
656 623 872 659 occupasset,
897 618 976 660 (hac

278 666 368 698 enim
399 675 500 707 poena
535 668 724 699 mortalium
755 668 976 708 pascebatur,

276 716 428 747 homines
444 725 660 757 pra-»gravans
676 718 807 758 ingenti
822 728 902 750 saxo
916 727 975 750 ne-

277 764 387 806 care‚)
398 766 535 798 tandem
547 766 590 798 ab
601 768 726 799 accolis
742 768 882 800 deorum
897 768 974 808 lege

277 815 430 856 punitus,
447 814 538 856 apud
559 815 686 848 inferos
706 816 778 848 saxi
794 817 884 859 quod
903 818 974 849 vol·

275 865 327 896 vit
352 873 468 905 poenas
488 865 618 897 exolvit
640 867 804 907 pondere.
848 867 972 898 Portus

276 915 473 947 Corinthius
485 924 529 946 ex
545 920 687 958 utraque
703 922 801 958 parte
816 916 899 948 duos
914 916 973 949 ha-

275 963 349 1004 bet,
378 964 578 1006 Sisypheum
610 970 646 998 et
677 967 859 1006 Lecheum‚
888 976 970 1009 quos

273 1020 365 1045 nunc
390 1013 503 1046 Poeta
528 1011 779 1047 commemorat.
823 1017 972 1058 Irataque

274 1062 383 1103 terroe]
407 1063 560 1095 Isthmon
582 1065 751 1105 significat
768 1066 825 1098 ubi
851 1076 887 1098 se
905 1067 970 1099 Ino

272 1121 350 1144 curn
363 1113 557 1145 Palaemone
570 1115 810 1156 praecipitavit.
832 1117 972 1148 Lechae-

272 1172 329 1194 um
338 1172 421 1195 vero
433 1165 698 1205 promontorium
707 1166 972 1199 Corinthiorum.

275 1213 376 1245 Idem.

315 1265 379 1295 382
403 1264 534 1305 Nisum]
550 1265 727 1306 Megaram
743 1265 843 1304 dixit,
854 1265 888 1297 in
904 1275 972 1308 qua

271 1313 381 1345 Nisus
393 1315 558 1354 regnavit.
581 1314 725 1347 Quidam
740 1315 861 1347 Nisum
875 1324 970 1347 mon-

271 1366 342 1396 tem
360 1363 614 1404 Megarensium
630 1364 763 1403 dicunt‚
778 1366 812 1396 iu
824 1374 890 1407 quo
908 1365 970 1396 Ni-

270 1422 327 1444 sus
346 1417 400 1444 est
414 1414 579 1454 sepultus,
595 1423 694 1455 quem
710 1412 826 1445 ferunt
840 1415 969 1446 crinem

270 1462 430 1495 habuisse
442 1473 662 1504 purpureum.
689 1464 785 1495 Idem.
810 1465 854 1495 Et
866 1467 896 1496 te
911 1465 969 1496 mi-

270 1512 314 1545 tis
341 1512 481 1553 Eleusis]
513 1514 689 1553 Meliores,
716 1514 866 1545 Eleusin:
902 1522 969 1546 non

269 1563 326 1594 hic
348 1563 464 1602 modo,
490 1562 550 1594 sed
577 1566 614 1594 et
639 1563 697 1594 lib.
721 1572 789 1595 vu.
815 1573 865 1595 vs.
893 1565 969 1596 411.

268 1612 278 1629 ‘
296 1621 427 1653 pernox
443 1612 584 1644 ululavit
595 1611 756 1643 Eleusin-²
774 1613 815 1644 Et
827 1612 885 1644 lib.
899 1621 968 1644 xn.

270 1663 345 1694 131.
366 1662 376 1679 ‘
391 1662 544 1703 quamvis
579 1661 644 1693 sibi
682 1662 776 1702 luget
806 1660 970 1692 Eleusin!

270 1713 318 1744 Et
332 1714 408 1744 637.
426 1713 436 1730 ‘
452 1713 525 1744 Hos
547 1711 695 1744 Salamin
722 1711 877 1752 populos,
892 1711 967 1743 illos

269 1761 419 1794 Cerealis
450 1760 614 1794 Eleusiu.’
654 1761 791 1793 Gronov.
825 1761 966 1803 Eleusis]

270 1810 447 1852 Oppidum
457 1815 511 1842 est
522 1809 667 1842 Athenis
680 1810 838 1850 vicinum,
854 1810 888 1841 in
901 1821 967 1852 quo

268 1861 374 1893 Ceres
412 1861 536 1892 eximie
573 1860 716 1892 colitur:
745 1860 834 1891 unde
871 1869 967 1892 sacra

268 1910 406 1942 Cereris
438 1910 588 1942 Eleusina
621 1914 799 1942 vocantur.
840 1910 966 1951 Virgil.

266 1959 278 1978 ‘
293 1959 474 2001 Tardaque
489 1959 674 1991 Eleusiniae
694 1959 813 1991 matris
829 1959 966 1991 volven-

266 2009 317 2041 tia
333 2009 508 2050 plaustra!
520 2009 671 2042 Luceant.

308 2062 371 2090 383
397 2059 594 2099 Theumesia]
615 2059 682 2090 Vel
701 2057 865 2100 oppidum
888 2058 967 2091 '1’ae-

266 2117 398 2149 narum,
422 2108 478 2140 vel
500 2108 767 2149 promontorium
793 2108 897 2140 dicit:
922 2109 966 2140 de

267 2168 335 2200 quo
360 2167 398 2190 se
413 2158 476 2190 Ino
492 2168 568 2190 cum
584 2159 766 2198 Melicerte
787 2158 856 2190 filio
880 2168 965 2200 prae-

266 2208 407 2250 cipitem
442 2208 557 2240 dedit:
593 2209 673 2251 quia
699 2209 824 2241 Graece
855 2209 965 2241 Palae·

265 2268 357 2299 mon,
371 2258 495 2291 Latine
510 2258 719 2290 Portumnus
741 2259 877 2291 dicitur.
899 2258 964 2290 Ar-

264 2318 309 2340 va
324 2318 405 2349 ergo
422 2309 629 2341 Theumesia
644 2319 664 2340 a
675 2318 797 2350 campo
810 2308 964 2350 ejusdem

264 2358 418 2398 regionis
434 2358 558 2390 Thebis
573 2358 698 2390 vicino.
721 2358 768 2389 Et
781 2368 868 2389 arces
881 2358 965 2398 Age-

263 2408 388 2448 noreas]
412 2407 563 2449 Propter
575 2408 740 2440 Cadmum
752 2408 963 2441 conditorem

263 2456 468 2492 Thebarum,
484 2457 653 2498 Agenoris
668 2457 786 2490 filium.
801 2458 947 2490 Lactant.

307 2507 372 2537 386
398 2506 498 2538 Trans
511 2506 625 2546 legem]
647 2505 688 2537 Id
706 2511 770 2547 est,
781 2507 871 2539 ultra
882 2508 960 2539 anni

265 2556 390 2596 spatia,
403 2566 480 2597 quae
495 2557 633 2588 sortitus
658 2555 783 2597 fuerat,
798 2562 837 2589 ut
852 2558 962 2599 primo

263 2605 337 2646 ipse
353 2611 521 2646 regnaret.
545 2607 642 2638 Idem.

307 2657 371 2686 388
412 2656 621 2698 Queriturque
647 2657 763 2699 fidem]
799 2658 962 2692 oratorie

263 2703 446 2737 Etheocles
462 2705 496 2737 in
514 2714 609 2737 suum
630 2706 772 2739 fratrem
789 2710 964 2741 transtulit

262 2753 405 2795 crimen,
422 2755 511 2797 quod
530 2760 610 2788 tune
626 2756 760 2791 demum
781 2758 964 2800 Polances

733 224 874 259 NOTAE
907 225 1170 260 VARIORUM
1206 225 1259 260 IN

1025 320 1190 362 deposcat
1205 319 1406 362 imperium:
1430 320 1526 353 dolet
1537 328 1620 363 ergo
1632 318 1727 364 qud

1026 371 1239 402 cessantibus
1268 371 1402 412 legatis,
1425 375 1495 403 tam
1525 369 1727 405 serofratet·

1026 422 1271 454 vicissitudinis
1299 421 1400 453 fidem
1427 426 1600 463 reposcat,
1631 419 1732 464 quod·

1019 470 1220 511 jamdudum
1232 478 1358 512 negare
1372 472 1558 512 potuisset:
1572 472 1626 503 vel
1635 470 1727 514 quod

1025 520 1155 552 tardius
1176 521 1208 552 ei
1225 521 1448 562 perpetrandi
1470 521 1647 563 parricidii
1665 521 1727 554 de-

1027 573 1083 601 tur
1099 571 1244 603 occasio.
1260 571 1360 602 Idem.
1720 592 1723 596 ι

1068 623 1134 652 389
1161 620 1275 652 namus
1297 620 1486 660 ‘mnisestat
1516 621 1620 661 olivoe,
1652 620 1726 663 ξω]

1026 668 1105 700 Non
1123 669 1302 701 sollicitem
1325 669 1411 701 hanc
1435 670 1633 711 lectionem,
1647 671 1726 702 sim*—

1025 719 1149 760 plicem
1177 723 1217 752 et
1247 719 1450 754 absolutam.
1494 717 1574 753 'Non
1611 725 1727 763 potest

1026 772 1140 800 tamen
1171 769 1214 800 ab
1243 770 1311 802 alia
1340 776 1439 811 quant
1468 770 1592 803 Po'e'tae
1623 775 1725 803 manu

1023 827 1113 859 esse,
1126 818 1218 860 quod
1235 820 1268 851 in
1282 820 1412 860 optimo
1429 820 1581 853 Maximo
1596 820 1726 853 Codice

1022 867 1156 901 offendo
1170 880 1179 902 :
1204 870 1305 901 Rama
1320 870 1504 909 manifestus
1517 870 1610 902 oliva
1623 870 1726 910 Legu-

1020 921 1097 951 tum.
1136 919 1235 952 Quod
1259 923 1486 961 corruperunt
1507 918 1725 953 haletin-ones

1019 969 1147 1001 librarii
1164 969 1221 1011 qui
1241 978 1307 1001 non
1324 973 1503 1011 ceperunt.
1548 969 1606 1002 De
1620 977 1659 1002 re
1673 969 1728 1011 ip·

1019 1026 1056 1050 sa
1070 1022 1150 1051 uota
1167 1018 1293 1059 omnia,
1309 1018 1388 1051 vide
1402 1018 1563 1051 Car-olum
1579 1018 1726 1052 Pascha·

1019 1067 1100 1099 lium
1138 1068 1182 1100 de
1212 1067 1358 1100 Coronis
1388 1068 1451 1100 lib.
1481 1076 1534 1102 vr.
1563 1077 1640 1110 cap.
1669 1070 1724 1101 1⁷.

1019 1116 1138 1149 Barth.
1337 1120 1342 1121 ⁷

1060 1169 1124 1198 392
1145 1167 1174 1198 J
1174 1167 1251 1199 ustis
1258 1167 1390 1199 miscens
1400 1167 1519 1209 tamen]
1534 1168 1614 1200 Nou
1628 1168 1724 1200 blan-

1018 1215 1063 1248 da
1085 1217 1219 1249 locutus
1239 1222 1306 1257 est,
1328 1226 1404 1258 quae
1428 1221 1568 1258 possent
1582 1226 1724 1259 persua·

1018 1265 1112 1307 dere,
1125 1265 1186 1297 sed
1201 1275 1325 1307 aspera
1340 1275 1418 1308 quae
1433 1266 1543 1307 magis
1569 1266 1611 1298 ad
1637 1266 1723 1299 iram

1018 1316 1272 1349 accenderent:
1318 1320 1355 1348 et
1385 1316 1541 1348 ostendit
1568 1316 1722 1358 Tydeum

1017 1366 1124 1397 virum
1135 1365 1259 1398 fortem
1274 1366 1407 1398 militiae
1420 1367 1528 1408 magis
1540 1376 1642 1409 quam
1653 1367 1723 1399 elo*

1019 1417 1168 1458 quentiae
1186 1425 1323 1458 operam
1341 1417 1515 1449 tribuisse.
1530 1417 1678 1451 Laetam.

1061 1468 1123 1497 393
1147 1466 1185 1498 Si
1221 1466 1279 1498 tibi
1303 1467 1409 1507 plenu]
1432 1468 1534 1508 Quia,
1556 1472 1597 1500 ut
1617 1477 1722 1510 supra

1019 1514 1179 1547 edoctum
1203 1521 1270 1554 est,
1285 1516 1349 1548 hoc
1365 1516 1570 1557 juraverant
1584 1516 1722 1559 fratres,

1019 1567 1058 1596 ut
1085 1565 1181 1597 aunis
1197 1565 1337 1606 singulis
1366 1565 1544 1607 imperium
1561 1566 1724 1608 guberna·

1018 1618 1107 1645 rent.
1154 1615 1246 1656 Ergo
1277 1615 1445 1656 queritur,
1473 1615 1566 1658 quod
1599 1621 1723 1649 eontra

1016 1664 1141 1704 legem,
1169 1669 1228 1696 aut
1253 1670 1521 1708 sacramentum,
1557 1675 1720 1708 germano

1016 1718 1158 1754 negaret
1172 1723 1325 1755 regnum.
1342 1715 1491 1748 Luceant.

1057 1767 1119 1796 401
1145 1764 1315 1797 Redierunt
1327 1766 1482 1798 montibus
1492 1766 1623 1808 umbre]
1643 1765 1721 1799 Ma·

1015 1812 1142 1844 nifesta
1168 1814 1365 1854 corruptio:
1388 1815 1444 1856 qui
1472 1817 1564 1847 enim
1590 1815 1719 1848 umbroe

1016 1863 1050 1894 in
1080 1863 1274 1895 montibus?
1308 1873 1432 1904 nugae:
1456 1865 1561 1898 valles
1590 1865 1719 1898 habent

1015 1912 1160 1949 umbras,
1176 1917 1310 1945 montes
1320 1914 1471 1954 jaciunt.
1500 1914 1612 1947 Poeta
1624 1915 1718 1956 priu-

1015 1972 1117 2003 ceps:
1154 1963 1163 1980 ‘
1181 1963 1306 2004 Etjam
1323 1974 1451 1996 summa
1477 1965 1595 2005 procul
1621 1965 1717 1996 villa-

1014 2022 1088 2044 rum
1104 2013 1251 2044 culmina
1268 2012 1414 2054 fumant,
1426 2013 1645 2055 Majoresque
1660 2023 1716 2046 ca-

1015 2061 1101 2093 dunt
1110 2062 1188 2094 altis
1205 2061 1249 2093 de
1265 2062 1435 2094 montibus
1452 2062 1606 2094 umbroe.’
1619 2064 1716 2095 Bene

1014 2111 1131 2153 itaque
1153 2115 1190 2143 et
1206 2111 1344 2152 proprie
1367 2111 1473 2152 Lipsii
1500 2112 1649 2154 scriptus
1675 2113 1716 2144 lia

1014 2161 1097 2193 ber:
1121 2161 1282 2194 redierunt
1311 2161 1446 2192 vallibus
1474 2161 1603 2194 umbroe.
1628 2161 1718 2194 Ber·

1013 2215 1104 2244 nart.

1054 2263 1119 2294 417
1142 2261 1303 2304 Sufficeret
1326 2260 1377 2293 vel
1400 2261 1570 2303 solafides]
1592 2260 1634 2292 Id
1650 2265 1715 2302 est,

1012 2310 1078 2342 nisi
1103 2309 1217 2342 fratris
1245 2311 1278 2342 in
1303 2320 1358 2342 me
1382 2310 1463 2342 odia
1487 2319 1531 2342 ex
1553 2311 1716 2343 orationis

1013 2364 1082 2392 tuae
1096 2360 1210 2392 furore
1226 2370 1462 2401 agnoscerem,
1481 2360 1524 2392 ad
1541 2361 1715 2394 reddenda

1012 2419 1087 2451 quae
1122 2410 1273 2451 reposcis
1311 2410 1409 2451 potui
1445 2409 1512 2442 fide
1542 2412 1713 2452 compelli.

1014 2461 1084 2496 Qua
1109 2461 1231 2501 torvus]
1255 2459 1297 2492 Id
1319 2466 1387 2501 est,
1404 2471 1598 2502 quanquam
1614 2461 1712 2494 deest

1004 2509 1100 2550 justa
1126 2509 1280 2541 defensio
1296 2510 1471 2552 loquendi,
1486 2515 1601 2543 tamen
1617 2511 1711 2543 inve-

1011 2559 1105 2591 nitur
1127 2560 1289 2592 occasio:
1311 2565 1350 2592 nt
1375 2561 1410 2592 in
1433 2561 1574 2594 Terent.
1588 2556 1711 2593 validae

1011 2609 1235 2651 propositioni
1262 2609 1391 2642 lenonis
1410 2611 1489 2652 quia
1505 2612 1713 2653 respondere

1012 2658 1210 2691 adolescens
1240 2668 1306 2691 non
1337 2661 1461 2702 potuit,
1487 2661 1634 2693 minatus
1658 2665 1713 2695 est·

1011 2709 1155 2743 caedem.
1198 2710 1292 2749 Leno
1307 2711 1396 2743 enim
1412 2711 1570 2744 dixerat:
1592 2714 1603 2731 ‘
1617 2710 1711 2746 Quid

1012 2760 1041 2792 si
1057 2760 1149 2793 illam
1167 2769 1231 2803 ego
1244 2761 1322 2794 nolo
1336 2761 1498 2804 vendere,
1512 2771 1614 2805 coges
1624 2762 1710 2796 mer'
