1878 3164
474 201 515 232 P.
547 197 740 234 PAPINH
771 201 937 234 STA‘Pn
971 203 1118 236 THEB.
1151 204 1246 236 LIB.
1280 207 1347 237 IV.

1530 199 1644 244 1839

514 518 942 570 THEBAIDOS
996 520 1141 571 LIB.
1198 480 1307 572 IV.

211 639 231 669 1
258 634 418 680 Zephyris
451 638 633 680 Moverat]
670 639 873 682 Eleganter,

134 726 136 728 ‚
165 687 248 731 quin
260 688 383 731 hyena
404 689 574 732 liquentia
595 690 808 723 solidantur:
835 694 873 723 ut

164 737 290 780 Virssil.
334 744 345 759 ’
371 738 462 772 Nam
487 738 618 781 frigore
643 741 746 773 mella
769 740 874 782 Cogit

162 787 294 829 hyems.
303 789 492 833 eademque
503 791 599 823 calor
611 789 803 833 liquefacta
818 800 871 823 re-

162 837 296 873 mittit:
318 840 409 875 Item
433 843 444 860 ‘
460 841 667 884 caeduntque
691 841 870 874 securibus

161 887 303 924 hamid-
328 891 431 925 τίοι]
475 892 562 926 Quae
589 892 704 924 omnia
727 893 870 925 resolvit

162 947 269 973 verna
294 941 493 983 temperies.
527 941 656 974 Annum
684 951 767 983 ergo
805 952 869 984 pro

161 994 261 1031 pute
275 991 369 1033 anni,
384 1001 570 1034 perquam
591 992 747 1034 hyemem
764 992 868 1034 poeta

159 1039 342 1082 flimffieat.
384 1042 434 1076 Ut
450 1042 577 1084 Virgil.
601 1043 612 1061 ⁴
628 1043 675 1074 Et
702 1042 865 1085 Zephyro

159 1091 274 1133 putris
289 1101 327 1125 se
342 1092 444 1135 gleba
456 1091 625 1126 resolvit?
652 1093 799 1126 Laetam.

201 1143 224 1174 2
246 1141 403 1185 Phoebus]
437 1142 480 1175 Id
509 1147 579 1183 est,
605 1143 729 1174 tertius
760 1153 868 1176 annus

157 1201 203 1230 ex
231 1193 357 1226 emisso
393 1198 498 1235 pacto
535 1192 701 1226 fratrum:
736 1193 866 1235 primus

157 1242 248 1277 enim
264 1243 341 1279 >fnit
355 1253 423 1287 quo
449 1244 634 1286 imperavit
660 1243 841 1276 Etheocles
854 1255 869 1284 ς

156 1293 330 1329 seeundu-
343 1294 380 1327 in
399 1303 467 1337 qno
489 1298 680 1327 conventus
697 1298 751 1326 est
765 1303 785 1326 a
798 1295 867 1336 Ty·

155 1343 236 1385 deo,
250 1348 292 1377 ut
319 1344 485 1378 redderet
499 1354 665 1387 regnnm;
688 1355 756 1387 quo
774 1355 865 1378 anno

154 1393 224 1427 itus
236 1403 278 1428 te
293 1394 426 1427 reditus
434 1395 543 1438 Tydei
553 1400 777 1437 consumptus
787 1401 840 1429 est
853 1407 864 1437 ;

153 1445 280 1481 tertius
295 1454 317 1478 a
330 1455 399 1488 quo
413 1445 575 1488 incipitur
590 1445 730 1480 bellum.
755 1447 854 1479 Idem.

195 1498 217 1527 ὅ
242 1495 293 1528 De
305 1495 423 1529 vertice
431 1495 606 1538 Lan-ism]
629 1495 703 1529 Arx
715 1496 863 1539 Argivo-

153 1554 244 1587 rum,
260 1546 398 1579 Larissa
420 1546 517 1579 dicta
533 1557 554 1578 a
568 1546 709 1588 Pelasgi
724 1546 810 1587 filia,
825 1548 861 1580 in

152 1605 222 1639 qna
245 1595 363 1630 fanum
389 1598 560 1631 Minervae
575 1598 655 1641 fuit,
678 1600 780 1632 variis
794 1600 860 1643 sig-

151 1646 205 1680 uis
227 1653 444 1690 exornatum,
466 1654 503 1681 et
525 1649 695 1691 imprimis
723 1650 861 1683 simula-

151 1695 236 1731 chi-o
250 1696 351 1732 Jovis
363 1698 483 1733 nobile
498 1710 508 1732 ε
531 1700 708 1732 enimvero
731 1701 786 1734 hic
801 1701 860 1734 ille

149 1745 290 1791 Jupiter
302 1748 360 1791 qui
377 1748 413 1782 in
425 1749 556 1782 Priami
571 1751 668 1793 regia
689 1751 753 1784 sub
765 1752 862 1785 Divo

151 1791 299 1839 positus,
313 1803 351 1832 et
366 1798 410 1832 ad
426 1800 527 1842 cujus
539 1810 647 1843 aranu,
657 1807 761 1847 capto
782 1803 863 1845 Ilio,

149 1846 309 1881 Priamus
324 1849 537 1892 confugisse,
553 1855 590 1884 et
605 1861 624 1883 a
641 1852 778 1894 Pyrrho
802 1864 858 1886 oe-

148 1897 241 1931 cisus
251 1898 426 1947 ,scribitur
442 1909 452 1933 ι
475 1901 601 1942 obtigit
617 1911 696 1935 vero
724 1903 758 1935 in
775 1903 860 1935 divi-

149 1947 245 1982 sione
266 1949 393 1992 medoe
413 1951 581 1985 Sthenelo
596 1952 752 1995 Capanei
774 1953 859 1996 filio,

148 2002 187 2031 et
211 1998 276 2032 hoc
305 1999 381 2042 ipso
409 2001 445 2034 in
475 2003 564 2044 loco,
591 2003 635 2036 ab
662 2013 716 2044 eo,
742 2004 777 2036 in
807 2006 857 2038 rei

147 2048 348 2082 memoriam
378 2055 434 2084 est
458 2051 607 2085 dicatus.
652 2053 754 2088 Quod
779 2054 857 2087 ideo

147 2102 246 2141 noto,
272 2100 354 2142 quia
397 2101 640 2136 simulachrum
674 2104 740 2137 hoc
769 2105 855 2138 duos

148 2149 264 2182 oculos
280 2149 441 2194 habebat,
456 2162 526 2194 qua
552 2153 587 2185 in
603 2158 703 2195 parte
724 2164 782 2188 eos
797 2156 856 2189 ho-

146 2197 231 2230 mIni
258 2199 352 2232 Deus
378 2200 521 2244 locavit,
547 2205 690 2238 tertium
714 2215 796 2239 vero
820 2207 855 2239 in

145 2246 273 2282 fronte.
301 2251 425 2284 author
449 2251 702 2294 Agatharcides
727 2255 855 2290 Asiati-

145 2298 210 2340 cis,
225 2304 263 2332 et
277 2300 469 2335 Pausanias
490 2303 731 2348 Corinthiacis,
745 2308 803 2350 qui
818 2313 856 2341 et

143 2358 283 2384 causam
307 2351 437 2395 reddit,
461 2353 600 2396 dignam
622 2360 718 2389 certe
734 2362 773 2390 nt
798 2357 854 2391 hic

142 2401 404 2436 transcribatur.
426 2404 542 2437 Verba
553 2405 628 2438 haec
640 2412 740 2440 sunt:
757 2409 767 2427 ‘
781 2409 854 2441 Ha—

142 2449 226 2484 bere
241 2455 356 2484 autem
373 2458 443 2486 tres
466 2455 584 2488 oculos
598 2455 731 2490 idcirco
746 2459 853 2501 conji-

143 2509 224 2534 cere
237 2502 313 2545 quis
339 2505 456 2547 possit,
472 2505 563 2548 quod
579 2508 768 2540 communis
782 2518 852 2541 om-

142 2550 238 2585 nium
248 2553 421 2587 hominum
432 2565 544 2589 sermo
557 2566 704 2598 regnare
717 2559 752 2591 in
765 2561 851 2592 caelo

141 2601 266 2637 Jovem
281 2605 463 2648 praedicat.
492 2606 563 2640 Sed
576 2612 613 2640 et
628 2617 705 2640 eum
722 2610 851 2652 Deum,

142 2651 202 2694 qni
222 2653 286 2689 sab
312 2659 408 2688 terra
429 2655 601 2698 imperare
627 2659 767 2702 dicitur,
777 2660 850 2693 Ho-

141 2703 230 2736 meri
242 2703 381 2748 quidam
398 2716 517 2739 versus
530 2707 655 2741 Jovem
671 2710 847 2743 nominat:

139 2753 151 2771 ⁴
164 2753 303 2799 Jupiter
322 2756 478 2792 infernus
493 2758 594 2792 simul
609 2764 644 2793 et
668 2761 850 2805 Proserpi·

927 647 972 670 na
984 638 1102 672 Diva!
1118 640 1299 684 AEschylus
1312 642 1467 685 quidem,
1481 643 1638 686 Euphro-

927 688 980 721 nis
1003 689 1107 731 filius,
1121 691 1234 733 ipsum
1262 694 1364 725 maris
1387 694 1492 726 etiam
1519 705 1637 739 regem

925 739 1050 773 Jovem
1086 743 1253 783 appellat.
1281 753 1388 786 quare
1417 744 1481 777 hac
1511 744 1636 777 ductus

927 790 1075 831 ratione,
1089 792 1297 835 quicumque
1325 794 1422 826 illum
1449 794 1548 836 fecit,
1564 799 1636 828 tres

926 839 958 871 ei
986 841 1100 872 oculos
1126 842 1300 885 attribuit,
1316 854 1420 876 unum
1436 849 1472 878 et
1487 846 1634 878 eundem

925 889 1122 930 significans
1154 893 1268 925 Deum
1298 895 1420 937 tribus,
1454 906 1539 938 quas
1572 897 1634 930 Dii

924 944 994 972 tres
1017 942 1134 974 sortiti
1158 942 1252 975 inter
1275 954 1312 976 se
1338 945 1512 986 dicuntur,
1537 956 1634 979 mun·

923 989 959 1022 di
996 991 1153 1032 partibus
1192 994 1389 1035 imperare!
1435 995 1526 1028 Haec
1562 997 1643 1038 ine,-

925 1040 1120 1075 Christiaua
1146 1042 1215 1076 fide
1241 1044 1444 1085 destitutus,
1470 1046 1633 1079 Christia-

922 1100 977 1122 nae
994 1092 1155 1134 religioni
1171 1096 1496 1129 convenientissima
1511 1097 1633 1130 tradit.

921 1141 1077 1175 Bernart.

964 1194 986 1223 6
1010 1193 1160 1226 Ostendit
1198 1195 1332 1228 Bellona
1353 1197 1478 1240 facem]
1522 1198 1631 1240 Capio

921 1242 1043 1276 Poetoe
1067 1250 1243 1279 mentem:
1267 1258 1336 1280 non
1359 1249 1421 1282 abs
1448 1259 1487 1282 re
1512 1254 1630 1283 tamen

920 1291 1027 1326 fuerit
1049 1305 1204 1338 monere,
1229 1300 1411 1331 occasione
1436 1305 1506 1332 tam
1527 1301 1629 1343 hujus

919 1343 1021 1385 arcis,
1045 1354 1147 1387 quam
1172 1346 1272 1389 facis,
1297 1349 1463 1391 Lyncem,
1479 1360 1558 1383 cum
1585 1352 1636 1384 de>

917 1393 1172 1436 quinquaginta
1188 1397 1332 1440 AEgypti
1355 1398 1435 1432 filiis
1463 1409 1551 1432 unus
1575 1409 1628 1432 es-

919 1448 975 1477 set
989 1446 1084 1478 necis
1101 1448 1260 1489 periculo
1286 1449 1525 1491 liberatus,ad
1541 1451 1627 1492 Lyr—

917 1503 1015 1526 ceum
1030 1496 1196 1537 oppidum
1209 1497 1417 1540 confugisse,
1427 1505 1532 1543 atque
1548 1501 1627 1534 hinc

917 1543 996 1576 face
1021 1547 1168 1588 prolata,
1184 1548 1317 1590 signum
1339 1550 1632 1592 Hypermnestrae,

916 1594 1072 1628 dedisse:
1095 1597 1202 1639 ipsam
1224 1600 1330 1632 etiam
1346 1601 1510 1643 vicissim,
1525 1613 1544 1635 a
1561 1605 1626 1636 ha-

917 1644 1015 1686 rissa,
1032 1649 1216 1687 protulisse
1231 1648 1356 1692 facem,
1370 1662 1439 1694 quo
1459 1658 1497 1685 et
1512 1663 1549 1685 se
1573 1664 1626 1687 osh

915 1695 1078 1729 tenderet
1102 1699 1244 1740 salvam,
1259 1710 1406 1743 eamque
1421 1703 1466 1735 ob
1483 1713 1622 1737 causam

914 1745 1064 1788 Argivos
1095 1751 1278 1791 quotannis
1309 1756 1319 1770 ⁸
1336 1750 1464 1786 festum
1492 1753 1625 1787 facula·

914 1796 1010 1827 rum'
1041 1798 1161 1831 solitos
1197 1801 1388 1835 celebrare.
1432 1803 1623 1839 Pausanias

915 1846 1159 1881 Corinthiacis.
1194 1850 1296 1884 Idem.
1343 1853 1531 1897 Dea-traque
1556 1859 1623 1889 tra-

913 1895 1027 1939 balem]
1050 1899 1128 1931 Mos
1154 1900 1330 1934 indicendi
1352 1903 1433 1937 belli
1462 1906 1622 1948 projecta

914 1957 963 1980 se.
985 1949 1095 1982 hasta.
1119 1951 1212 1984 Vide
1232 1952 1388 1986 Servium
1406 1955 1450 1987 ad
1474 1956 1549 1990 init.
1565 1958 1621 1990 ΙΕ-

912 1997 1005 2031 neid.
1023 2008 1060 2031 x.
1100 2001 1266 2034 Trabatem
1281 2013 1363 2036 vero
1379 2005 1567 2047 ingentem,
1582 2013 1622 2040 ut

910 2049 993 2082 clavi
1014 2051 1150 2084 trabales
1171 2055 1335 2087 tormenti
1357 2066 1480 2097 genus,
1500 2057 1620 2100 ingen-

911 2103 979 2140 tes,
993 2101 1116 2142 quibus
1141 2102 1248 2136 fixum
1275 2115 1367 2146 aegre
1390 2106 1475 2148 quid
1498 2109 1620 2140 revelli

910 2151 1029 2191 possit.
1074 2153 1155 2187 Vid.
1183 2154 1368 2189 Scholiast.
1407 2157 1451 2189 ad
1492 2158 1618 2192 Horat.

911 2199 981 2233 od.
993 2210 1019 2234 1.
1035 2204 1089 2235 35.
1648 2209 1650 2211 ’

954 2253 994 2283 15
1018 2251 1157 2285 Simulat
1171 2255 1312 2296 sperare]
1337 2256 1422 2288 Cum
1448 2262 1542 2290 metu
1565 2258 1623 2291 fu-v

911 2301 981 2333 turi
997 2303 1077 2334 mali
1102 2305 1264 2337 sacerdos
1285 2306 1361 2347 ipse
1385 2308 1544 2350 palleret,
1560 2319 1619 2351 po-

909 2352 998 2394 pulis
1015 2357 1130 2386 tamen
1155 2356 1329 2398 propicios
1346 2359 1441 2391 Deos
1465 2369 1540 2391 esse
1556 2359 1617 2392 fin-

907 2403 1028 2446 gebat,
1054 2415 1098 2438 ne
1127 2407 1258 2440 animus
1287 2408 1438 2442 virorum
1474 2409 1616 2443 fortium

907 2454 1143 2496 minueretur;
1166 2457 1248 2499 quia
1272 2467 1318 2490 ne
1347 2460 1471 2492 armati
1494 2461 1616 2494 adver·

907 2512 980 2536 sum
1012 2514 1112 2537 omen
1142 2507 1327 2549 accipiant,
1354 2519 1522 2551 prospera
1551 2521 1615 2553 pro

907 2555 1119 2589 terribilibus
1135 2558 1288 2591 nunciat.
1312 2559 1463 2592 Luceant.

951 2610 993 2640 19
1017 2608 1140 2650 Triste]
1168 2609 1238 2642 Pro
1264 2610 1274 2628 ‘
1293 2611 1613 2652 tristiterssvnomen

905 2667 970 2700 pro
1000 2659 1177 2693 adverbio.
1203 2661 1304 2693 Idem.
1345 2662 1396 2694 Ab
1420 2662 1534 2705 armis]
1568 2663 1611 2695 Id

904 2715 969 2748 est,
1001 2711 1044 2744 ab
1068 2711 1219 2745 humeris
1251 2717 1288 2745 et
1312 2712 1474 2746 brachiis.
1517 2714 1612 2746 Armi

904 2761 996 2795 enim
1006 2766 1189 2806 utrumque
1198 2768 1278 2798 sunt
1287 2763 1400 2799 simul.
1414 2764 1612 2807 &spir-anda
