<?xml version="1.0" encoding="UTF-8"?>
<!DOCTYPE html PUBLIC "-//W3C//DTD XHTML 1.0 Transitional//EN"
    "http://www.w3.org/TR/xhtml1/DTD/xhtml1-transitional.dtd">
<html xmlns="http://www.w3.org/1999/xhtml" xml:lang="en" lang="en">
 <head>
  <title>
</title>
<meta http-equiv="Content-Type" content="text/html;charset=utf-8" />
  <meta name='ocr-system' content='tesseract 3.04.00' />
  <meta name='ocr-capabilities' content='ocr_page ocr_carea ocr_par ocr_line ocrx_word'/>
</head>
<body>
  <div class='ocr_page' id='page_1' title='image "./operaomniaexedit04statuoft/operaomniaexedit04statuoft_0274.png"; bbox 0 0 1878 3164; ppageno 0'>
   <div class='ocr_carea' id='block_1_1' title="bbox 241 263 354 306">
    <p class='ocr_par' dir='ltr' id='par_1_1' title="bbox 241 263 354 306">
     <span class='ocr_line' id='line_1_1' title="bbox 241 263 354 306; baseline -0.009 -1"><span class='ocrx_word' id='word_1_1' title='bbox 241 264 297 306; x_wconf 76' lang='lat'><strong>20</strong></span> <span class='ocrx_word' id='word_1_2' title='bbox 304 263 354 305; x_wconf 76' lang='lat'><strong>[0</strong></span> 
     </span>
    </p>
   </div>
   <div class='ocr_carea' id='block_1_2' title="bbox 204 363 946 2853">
    <p class='ocr_par' dir='ltr' id='par_1_2' title="bbox 238 363 935 645">
     <span class='ocr_line' id='line_1_2' title="bbox 238 363 935 408; baseline -0.006 -10"><span class='ocrx_word' id='word_1_3' title='bbox 238 366 430 408; x_wconf 85' lang='lat' dir='ltr'><strong>imperium,</strong></span> <span class='ocrx_word' id='word_1_4' title='bbox 456 364 611 396; x_wconf 88' lang='lat' dir='ltr'><strong>Minerva</strong></span> <span class='ocrx_word' id='word_1_5' title='bbox 636 363 851 403; x_wconf 84' lang='lat' dir='ltr'><strong>sapientiam,</strong></span> <span class='ocrx_word' id='word_1_6' title='bbox 868 363 935 394; x_wconf 89' lang='lat' dir='ltr'><strong>Ve-</strong></span> 
     </span>
     <span class='ocr_line' id='line_1_3' title="bbox 240 412 935 458; baseline -0.007 -11"><span class='ocrx_word' id='word_1_7' title='bbox 240 425 303 447; x_wconf 87' lang='lat' dir='ltr'><strong>nus</strong></span> <span class='ocrx_word' id='word_1_8' title='bbox 333 423 580 458; x_wconf 77' lang='lat' dir='ltr'><strong>quamcumque</strong></span> <span class='ocrx_word' id='word_1_9' title='bbox 611 414 715 446; x_wconf 87' lang='lat' dir='ltr'><strong>vellet</strong></span> <span class='ocrx_word' id='word_1_10' title='bbox 750 412 935 453; x_wconf 86' lang='lat' dir='ltr'><strong>pulcherri-</strong></span> 
     </span>
     <span class='ocr_line' id='line_1_4' title="bbox 238 461 935 505; baseline -0.004 -9"><span class='ocrx_word' id='word_1_11' title='bbox 238 473 327 496; x_wconf 87' lang='lat' dir='ltr'><strong>mam</strong></span> <span class='ocrx_word' id='word_1_12' title='bbox 354 465 579 505; x_wconf 80' lang='lat' dir='ltr'>polliceretur,</span> <span class='ocrx_word' id='word_1_13' title='bbox 602 462 643 494; x_wconf 90' lang='lat' dir='ltr'><strong>ad</strong></span> <span class='ocrx_word' id='word_1_14' title='bbox 659 463 828 494; x_wconf 82' lang='lat' dir='ltr'><strong>Venerem</strong></span> <span class='ocrx_word' id='word_1_15' title='bbox 843 461 935 493; x_wconf 88' lang='lat' dir='ltr'><strong>incli-</strong></span> 
     </span>
     <span class='ocr_line' id='line_1_5' title="bbox 239 511 936 555; baseline -0.006 -9"><span class='ocrx_word' id='word_1_16' title='bbox 239 514 348 555; x_wconf 79' lang='lat' dir='ltr'><strong>navit,</strong></span> <span class='ocrx_word' id='word_1_17' title='bbox 363 518 398 546; x_wconf 92' lang='lat' dir='ltr'><strong>et</strong></span> <span class='ocrx_word' id='word_1_18' title='bbox 420 514 509 545; x_wconf 86' lang='lat' dir='ltr'><strong>malo</strong></span> <span class='ocrx_word' id='word_1_19' title='bbox 532 514 592 544; x_wconf 89' lang='lat' dir='ltr'><strong>illo</strong></span> <span class='ocrx_word' id='word_1_20' title='bbox 608 513 787 552; x_wconf 78' lang='lat' dir='ltr'><strong>dignissim</strong></span> <span class='ocrx_word' id='word_1_21' title='bbox 781 521 832 543; x_wconf 76' lang='lat' dir='ltr'><strong>im</strong></span> <span class='ocrx_word' id='word_1_22' title='bbox 841 511 936 553; x_wconf 80' lang='lat' dir='ltr'><strong>judi-</strong></span> 
     </span>
     <span class='ocr_line' id='line_1_6' title="bbox 241 560 934 604; baseline -0.007 -8"><span class='ocrx_word' id='word_1_23' title='bbox 241 565 344 597; x_wconf 86' lang='lat' dir='ltr'><strong>cavit.</strong></span> <span class='ocrx_word' id='word_1_24' title='bbox 382 563 465 604; x_wconf 82' lang='lat' dir='ltr'><strong>Idae]</strong></span> <span class='ocrx_word' id='word_1_25' title='bbox 487 562 554 595; x_wconf 85' lang='lat' dir='ltr'><strong>Ubi</strong></span> <span class='ocrx_word' id='word_1_26' title='bbox 563 562 754 604; x_wconf 77' lang='lat' dir='ltr'><strong>judicatum</strong></span> <span class='ocrx_word' id='word_1_27' title='bbox 771 570 791 593; x_wconf 90' lang='lat' dir='ltr'><strong>a</strong></span> <span class='ocrx_word' id='word_1_28' title='bbox 806 560 934 592; x_wconf 88' lang='lat' dir='ltr'><strong>Paride</strong></span> 
     </span>
     <span class='ocr_line' id='line_1_7' title="bbox 242 614 430 645; baseline 0 0"><span class='ocrx_word' id='word_1_29' title='bbox 242 618 308 645; x_wconf 89' lang='lat' dir='ltr'><strong>est.</strong></span> <span class='ocrx_word' id='word_1_30' title='bbox 331 614 430 645; x_wconf 83' lang='lat' dir='ltr'><strong>Idem-</strong></span> 
     </span>
    </p>

    <p class='ocr_par' dir='ltr' id='par_1_3' title="bbox 238 659 939 1094">
     <span class='ocr_line' id='line_1_8' title="bbox 281 659 934 704; baseline -0.009 -8"><span class='ocrx_word' id='word_1_31' title='bbox 281 667 324 696; x_wconf 84' lang='lat'><strong>69</strong></span> <span class='ocrx_word' id='word_1_32' title='bbox 345 663 400 695; x_wconf 79' lang='lat' dir='ltr'><strong>Sic</strong></span> <span class='ocrx_word' id='word_1_33' title='bbox 418 663 593 704; x_wconf 72' lang='lat' dir='ltr'><strong><em>pensamus]</em></strong></span> <span class='ocrx_word' id='word_1_34' title='bbox 625 660 728 694; x_wconf 80' lang='lat' dir='ltr'>Quasi</span> <span class='ocrx_word' id='word_1_35' title='bbox 754 660 859 700; x_wconf 80' lang='lat' dir='ltr'><strong>dicat,</strong></span> <span class='ocrx_word' id='word_1_36' title='bbox 885 659 934 691; x_wconf 84' lang='lat' dir='ltr'><strong>sic</strong></span> 
     </span>
     <span class='ocr_line' id='line_1_9' title="bbox 239 708 935 755; baseline -0.009 -9"><span class='ocrx_word' id='word_1_37' title='bbox 239 717 437 755; x_wconf 80' lang='lat' dir='ltr'><strong>compensat</strong></span> <span class='ocrx_word' id='word_1_38' title='bbox 460 717 496 745; x_wconf 88' lang='lat' dir='ltr'><strong>et</strong></span> <span class='ocrx_word' id='word_1_39' title='bbox 517 711 624 744; x_wconf 77' lang='lat' dir='ltr'>refert</span> <span class='ocrx_word' id='word_1_40' title='bbox 639 711 782 751; x_wconf 80' lang='lat' dir='ltr'><strong>gratiam</strong></span> <span class='ocrx_word' id='word_1_41' title='bbox 795 708 935 741; x_wconf 84' lang='lat' dir='ltr'><strong>Venus?</strong></span> 
     </span>
     <span class='ocr_line' id='line_1_10' title="bbox 240 758 937 804; baseline -0.01 -9"><span class='ocrx_word' id='word_1_42' title='bbox 240 764 362 795; x_wconf 79' lang='lat' dir='ltr'><strong>Patmoe</strong></span> <span class='ocrx_word' id='word_1_43' title='bbox 378 761 545 804; x_wconf 78' lang='lat' dir='ltr'><strong>Phrygioe]</strong></span> <span class='ocrx_word' id='word_1_44' title='bbox 571 760 750 799; x_wconf 84' lang='lat' dir='ltr'><strong>Victoriae,</strong></span> <span class='ocrx_word' id='word_1_45' title='bbox 763 768 862 801; x_wconf 83' lang='lat' dir='ltr'><strong>quam</strong></span> <span class='ocrx_word' id='word_1_46' title='bbox 878 758 937 789; x_wconf 81' lang='lat' dir='ltr'><strong>ad·</strong></span> 
     </span>
     <span class='ocr_line' id='line_1_11' title="bbox 239 807 937 854; baseline -0.009 -10"><span class='ocrx_word' id='word_1_47' title='bbox 239 816 322 854; x_wconf 89' lang='lat' dir='ltr'><strong>epta</strong></span> <span class='ocrx_word' id='word_1_48' title='bbox 333 811 514 852; x_wconf 84' lang='lat' dir='ltr'><strong>estjudice</strong></span> <span class='ocrx_word' id='word_1_49' title='bbox 526 810 676 851; x_wconf 85' lang='lat' dir='ltr'><strong>Phrygio</strong></span> <span class='ocrx_word' id='word_1_50' title='bbox 688 808 829 840; x_wconf 88' lang='lat' dir='ltr'><strong>Paride.</strong></span> <span class='ocrx_word' id='word_1_51' title='bbox 866 807 937 849; x_wconf 90' lang='lat' dir='ltr'><strong>Sic,</strong></span> 
     </span>
     <span class='ocr_line' id='line_1_12' title="bbox 240 859 938 903; baseline -0.01 -9"><span class='ocrx_word' id='word_1_52' title='bbox 240 862 275 894; x_wconf 86' lang='lat' dir='ltr'><strong>in</strong></span> <span class='ocrx_word' id='word_1_53' title='bbox 306 862 475 903; x_wconf 86' lang='lat' dir='ltr'><strong>injuriam,</strong></span> <span class='ocrx_word' id='word_1_54' title='bbox 511 865 548 893; x_wconf 90' lang='lat' dir='ltr'><strong>et</strong></span> <span class='ocrx_word' id='word_1_55' title='bbox 581 859 740 891; x_wconf 87' lang='lat' dir='ltr'><strong>damnum</strong></span> <span class='ocrx_word' id='word_1_56' title='bbox 771 861 938 898; x_wconf 85' lang='lat' dir='ltr'><strong>nostrum,</strong></span> 
     </span>
     <span class='ocr_line' id='line_1_13' title="bbox 241 907 938 952; baseline -0.007 -9"><span class='ocrx_word' id='word_1_57' title='bbox 241 911 338 952; x_wconf 83' lang='lat' dir='ltr'><strong>quasi</strong></span> <span class='ocrx_word' id='word_1_58' title='bbox 362 911 466 950; x_wconf 87' lang='lat' dir='ltr'><strong>dicat,</strong></span> <span class='ocrx_word' id='word_1_59' title='bbox 480 911 651 942; x_wconf 83' lang='lat' dir='ltr'><strong>Venerem</strong></span> <span class='ocrx_word' id='word_1_60' title='bbox 677 909 705 939; x_wconf 89' lang='lat' dir='ltr'><strong>si</strong></span> <span class='ocrx_word' id='word_1_61' title='bbox 727 907 846 939; x_wconf 86' lang='lat' dir='ltr'><strong>Paridi</strong></span> <span class='ocrx_word' id='word_1_62' title='bbox 861 916 938 948; x_wconf 84' lang='lat' dir='ltr'><strong>gra-</strong></span> 
     </span>
     <span class='ocr_line' id='line_1_14' title="bbox 238 957 937 1001; baseline -0.009 -7"><span class='ocrx_word' id='word_1_63' title='bbox 238 961 514 999; x_wconf 75' lang='lat' dir='ltr'><strong>tificatum-erat,</strong></span> <span class='ocrx_word' id='word_1_64' title='bbox 530 960 595 992; x_wconf 86' lang='lat' dir='ltr'><strong>alia</strong></span> <span class='ocrx_word' id='word_1_65' title='bbox 610 958 746 1001; x_wconf 90' lang='lat' dir='ltr'><strong>quidem</strong></span> <span class='ocrx_word' id='word_1_66' title='bbox 762 957 816 989; x_wconf 87' lang='lat' dir='ltr'><strong>via</strong></span> <span class='ocrx_word' id='word_1_67' title='bbox 829 961 866 989; x_wconf 86' lang='lat' dir='ltr'><strong>et</strong></span> <span class='ocrx_word' id='word_1_68' title='bbox 884 967 937 988; x_wconf 90' lang='lat' dir='ltr'><strong>ra-</strong></span> 
     </span>
     <span class='ocr_line' id='line_1_15' title="bbox 241 1007 939 1053; baseline -0.009 -9"><span class='ocrx_word' id='word_1_69' title='bbox 241 1012 334 1044; x_wconf 86' lang='lat' dir='ltr'><strong>tione</strong></span> <span class='ocrx_word' id='word_1_70' title='bbox 361 1013 508 1053; x_wconf 83' lang='lat' dir='ltr'><strong>gratiam</strong></span> <span class='ocrx_word' id='word_1_71' title='bbox 536 1010 667 1042; x_wconf 88' lang='lat' dir='ltr'><strong>referre</strong></span> <span class='ocrx_word' id='word_1_72' title='bbox 693 1008 842 1050; x_wconf 83' lang='lat' dir='ltr'><strong>potuisse</strong></span> <span class='ocrx_word' id='word_1_73' title='bbox 866 1007 939 1039; x_wconf 84' lang='lat' dir='ltr'><strong>sine</strong></span> 
     </span>
     <span class='ocr_line' id='line_1_16' title="bbox 242 1060 671 1094; baseline -0.007 -1"><span class='ocrx_word' id='word_1_74' title='bbox 242 1071 304 1094; x_wconf 78' lang='lat' dir='ltr'><strong>auo</strong></span> <span class='ocrx_word' id='word_1_75' title='bbox 319 1061 498 1093; x_wconf 89' lang='lat' dir='ltr'><strong>maleficio.</strong></span> <span class='ocrx_word' id='word_1_76' title='bbox 519 1060 671 1092; x_wconf 70' lang='lat' dir='ltr'><strong>Britann.</strong></span> 
     </span>
    </p>

    <p class='ocr_par' dir='ltr' id='par_1_4' title="bbox 236 1106 940 1539">
     <span class='ocr_line' id='line_1_17' title="bbox 282 1106 938 1149; baseline -0.008 -6"><span class='ocrx_word' id='word_1_77' title='bbox 282 1114 326 1143; x_wconf 84' lang='grc'><strong>70</strong></span> <span class='ocrx_word' id='word_1_78' title='bbox 348 1111 398 1142; x_wconf 85' lang='lat' dir='ltr'><strong>Hi</strong></span> <span class='ocrx_word' id='word_1_79' title='bbox 428 1111 551 1142; x_wconf 78' lang='lat' dir='ltr'><strong>Veneris</strong></span> <span class='ocrx_word' id='word_1_80' title='bbox 572 1108 686 1149; x_wconf 83' lang='lat' dir='ltr'><strong>mores]</strong></span> <span class='ocrx_word' id='word_1_81' title='bbox 706 1106 757 1139; x_wconf 88' lang='lat' dir='ltr'><strong>Ut</strong></span> <span class='ocrx_word' id='word_1_82' title='bbox 777 1107 855 1139; x_wconf 84' lang='lat' dir='ltr'><strong>mali</strong></span> <span class='ocrx_word' id='word_1_83' title='bbox 880 1107 938 1139; x_wconf 86' lang='lat' dir='ltr'><strong>ali·</strong></span> 
     </span>
     <span class='ocr_line' id='line_1_18' title="bbox 240 1157 939 1202; baseline -0.001 -11"><span class='ocrx_word' id='word_1_84' title='bbox 240 1160 323 1201; x_wconf 89' lang='lat' dir='ltr'><strong>quid</strong></span> <span class='ocrx_word' id='word_1_85' title='bbox 338 1170 472 1202; x_wconf 85' lang='lat' dir='ltr'><strong>semper</strong></span> <span class='ocrx_word' id='word_1_86' title='bbox 486 1159 711 1198; x_wconf 78' lang='lat' dir='ltr'><strong>machinetur,</strong></span> <span class='ocrx_word' id='word_1_87' title='bbox 727 1162 763 1189; x_wconf 92' lang='lat' dir='ltr'><strong>et</strong></span> <span class='ocrx_word' id='word_1_88' title='bbox 779 1163 831 1189; x_wconf 87' lang='lat' dir='ltr'><strong>tot</strong></span> <span class='ocrx_word' id='word_1_89' title='bbox 852 1157 939 1190; x_wconf 81' lang='lat' dir='ltr'><strong>mala</strong></span> 
     </span>
     <span class='ocr_line' id='line_1_19' title="bbox 241 1207 939 1251; baseline -0.001 -10"><span class='ocrx_word' id='word_1_90' title='bbox 241 1210 346 1241; x_wconf 82' lang='lat' dir='ltr'><strong>veluti</strong></span> <span class='ocrx_word' id='word_1_91' title='bbox 363 1209 538 1251; x_wconf 79' lang='lat' dir='ltr'><strong>praemium</strong></span> <span class='ocrx_word' id='word_1_92' title='bbox 559 1207 697 1240; x_wconf 87' lang='lat' dir='ltr'><strong>Paridis</strong></span> <span class='ocrx_word' id='word_1_93' title='bbox 718 1207 843 1249; x_wconf 87' lang='lat' dir='ltr'><strong>judicii</strong></span> <span class='ocrx_word' id='word_1_94' title='bbox 857 1209 939 1240; x_wconf 87' lang='lat' dir='ltr'><strong>Tro·</strong></span> 
     </span>
     <span class='ocr_line' id='line_1_20' title="bbox 236 1258 939 1300; baseline -0.003 -9"><span class='ocrx_word' id='word_1_95' title='bbox 236 1260 330 1300; x_wconf 85' lang='lat' dir='ltr'><strong>janis</strong></span> <span class='ocrx_word' id='word_1_96' title='bbox 358 1259 536 1292; x_wconf 84' lang='lat' dir='ltr'><strong>retribuat.</strong></span> <span class='ocrx_word' id='word_1_97' title='bbox 558 1259 681 1291; x_wconf 73' lang='lat' dir='ltr'><strong>Matar.</strong></span> <span class='ocrx_word' id='word_1_98' title='bbox 724 1258 796 1290; x_wconf 84' lang='lat' dir='ltr'><strong>Hoc</strong></span> <span class='ocrx_word' id='word_1_99' title='bbox 822 1261 939 1299; x_wconf 81' lang='lat' dir='ltr'><strong>gratoe,</strong></span> 
     </span>
     <span class='ocr_line' id='line_1_21' title="bbox 240 1308 939 1350; baseline -0.004 -9"><span class='ocrx_word' id='word_1_100' title='bbox 240 1309 309 1350; x_wconf 56' lang='grc' dir='ltr'><strong>ξω]</strong></span> <span class='ocrx_word' id='word_1_101' title='bbox 333 1309 378 1341; x_wconf 91' lang='lat' dir='ltr'><strong>Et</strong></span> <span class='ocrx_word' id='word_1_102' title='bbox 392 1310 455 1341; x_wconf 89' lang='lat' dir='ltr'><strong>hoc</strong></span> <span class='ocrx_word' id='word_1_103' title='bbox 465 1318 584 1340; x_wconf 85' lang='lat' dir='ltr'><strong>munus</strong></span> <span class='ocrx_word' id='word_1_104' title='bbox 599 1308 680 1340; x_wconf 87' lang='lat' dir='ltr'><strong>mihi</strong></span> <span class='ocrx_word' id='word_1_105' title='bbox 691 1308 850 1349; x_wconf 84' lang='lat' dir='ltr'><strong>largitur,</strong></span> <span class='ocrx_word' id='word_1_106' title='bbox 861 1317 939 1339; x_wconf 89' lang='lat' dir='ltr'><strong>cum</strong></span> 
     </span>
     <span class='ocr_line' id='line_1_22' title="bbox 241 1356 940 1399; baseline -0.003 -9"><span class='ocrx_word' id='word_1_107' title='bbox 241 1358 277 1390; x_wconf 90' lang='lat' dir='ltr'><strong>in</strong></span> <span class='ocrx_word' id='word_1_108' title='bbox 305 1359 391 1391; x_wconf 88' lang='lat' dir='ltr'><strong>mari</strong></span> <span class='ocrx_word' id='word_1_109' title='bbox 417 1358 566 1390; x_wconf 85' lang='lat' dir='ltr'><strong>enutrita</strong></span> <span class='ocrx_word' id='word_1_110' title='bbox 591 1358 681 1399; x_wconf 86' lang='lat' dir='ltr'><strong>apud</strong></span> <span class='ocrx_word' id='word_1_111' title='bbox 707 1367 760 1389; x_wconf 90' lang='lat' dir='ltr'><strong>me</strong></span> <span class='ocrx_word' id='word_1_112' title='bbox 786 1357 852 1389; x_wconf 83' lang='lat' dir='ltr'><strong>sit?</strong></span> <span class='ocrx_word' id='word_1_113' title='bbox 896 1356 940 1388; x_wconf 84' lang='lat' dir='ltr'><strong>In</strong></span> 
     </span>
     <span class='ocr_line' id='line_1_23' title="bbox 240 1407 940 1449; baseline -0.003 -8"><span class='ocrx_word' id='word_1_114' title='bbox 240 1409 328 1441; x_wconf 85' lang='lat' dir='ltr'><strong>mari</strong></span> <span class='ocrx_word' id='word_1_115' title='bbox 343 1413 423 1441; x_wconf 84' lang='lat' dir='ltr'><strong>nata</strong></span> <span class='ocrx_word' id='word_1_116' title='bbox 447 1419 489 1440; x_wconf 84' lang='lat' dir='ltr'><strong>ex</strong></span> <span class='ocrx_word' id='word_1_117' title='bbox 508 1408 713 1449; x_wconf 81' lang='lat' dir='ltr'><strong>genitalibus</strong></span> <span class='ocrx_word' id='word_1_118' title='bbox 736 1407 888 1448; x_wconf 81' lang='lat' dir='ltr'><strong>Saturni,</strong></span> <span class='ocrx_word' id='word_1_119' title='bbox 904 1411 940 1439; x_wconf 85' lang='lat' dir='ltr'><strong>et</strong></span> 
     </span>
     <span class='ocr_line' id='line_1_24' title="bbox 241 1456 940 1491; baseline -0.003 -2"><span class='ocrx_word' id='word_1_120' title='bbox 241 1458 312 1490; x_wconf 85' lang='lat' dir='ltr'><strong>illic</strong></span> <span class='ocrx_word' id='word_1_121' title='bbox 334 1459 438 1490; x_wconf 87' lang='lat' dir='ltr'><strong>etiam</strong></span> <span class='ocrx_word' id='word_1_122' title='bbox 460 1458 605 1491; x_wconf 84' lang='lat' dir='ltr'><strong>educata</strong></span> <span class='ocrx_word' id='word_1_123' title='bbox 628 1458 746 1489; x_wconf 88' lang='lat' dir='ltr'><strong>Venus</strong></span> <span class='ocrx_word' id='word_1_124' title='bbox 771 1456 897 1488; x_wconf 85' lang='lat' dir='ltr'><strong>dicitur</strong></span> <span class='ocrx_word' id='word_1_125' title='bbox 920 1466 940 1488; x_wconf 89' lang='lat' dir='ltr'><strong>a</strong></span> 
     </span>
     <span class='ocr_line' id='line_1_25' title="bbox 241 1507 496 1539; baseline 0 0"><span class='ocrx_word' id='word_1_126' title='bbox 241 1507 372 1539; x_wconf 73' lang='lat' dir='ltr'><strong>Poetis.</strong></span> <span class='ocrx_word' id='word_1_127' title='bbox 396 1508 496 1539; x_wconf 85' lang='lat' dir='ltr'><strong>Idem.</strong></span> 
     </span>
    </p>

    <p class='ocr_par' dir='ltr' id='par_1_5' title="bbox 204 1555 943 2343">
     <span class='ocr_line' id='line_1_26' title="bbox 283 1555 941 1598; baseline -0.006 -8"><span class='ocrx_word' id='word_1_128' title='bbox 283 1560 325 1590; x_wconf 78' lang='lat'><strong>⁷1</strong></span> <span class='ocrx_word' id='word_1_129' title='bbox 357 1558 429 1590; x_wconf 85' lang='lat' dir='ltr'><strong>Has</strong></span> <span class='ocrx_word' id='word_1_130' title='bbox 455 1557 580 1598; x_wconf 80' lang='lat' dir='ltr'><strong>saltem]</strong></span> <span class='ocrx_word' id='word_1_131' title='bbox 617 1556 654 1589; x_wconf 91' lang='lat' dir='ltr'><strong>Si</strong></span> <span class='ocrx_word' id='word_1_132' title='bbox 683 1556 774 1588; x_wconf 89' lang='lat' dir='ltr'><strong>illam</strong></span> <span class='ocrx_word' id='word_1_133' title='bbox 802 1555 941 1589; x_wconf 70' lang='lat' dir='ltr'><strong>‚Iasonis</strong></span> 
     </span>
     <span class='ocr_line' id='line_1_27' title="bbox 241 1604 941 1649; baseline -0.007 -9"><span class='ocrx_word' id='word_1_134' title='bbox 241 1612 427 1649; x_wconf 84' lang='lat' dir='ltr'><strong>propterea</strong></span> <span class='ocrx_word' id='word_1_135' title='bbox 441 1606 602 1639; x_wconf 86' lang='lat' dir='ltr'><strong>fluctibus</strong></span> <span class='ocrx_word' id='word_1_136' title='bbox 617 1615 770 1647; x_wconf 84' lang='lat' dir='ltr'><strong>mergere</strong></span> <span class='ocrx_word' id='word_1_137' title='bbox 794 1604 941 1642; x_wconf 90' lang='lat' dir='ltr'><strong>noluisti,</strong></span> 
     </span>
     <span class='ocr_line' id='line_1_28' title="bbox 245 1655 941 1701; baseline -0.006 -11"><span class='ocrx_word' id='word_1_138' title='bbox 245 1658 337 1701; x_wconf 86' lang='lat' dir='ltr'><strong>quod</strong></span> <span class='ocrx_word' id='word_1_139' title='bbox 353 1657 523 1689; x_wconf 79' lang='lat' dir='ltr'><strong>semideos</strong></span> <span class='ocrx_word' id='word_1_140' title='bbox 536 1662 572 1688; x_wconf 90' lang='lat' dir='ltr'><strong>et</strong></span> <span class='ocrx_word' id='word_1_141' title='bbox 595 1657 761 1688; x_wconf 79' lang='lat' dir='ltr'><strong>Theseum</strong></span> <span class='ocrx_word' id='word_1_142' title='bbox 782 1655 941 1695; x_wconf 85' lang='lat' dir='ltr'><strong>vehebat,</strong></span> 
     </span>
     <span class='ocr_line' id='line_1_29' title="bbox 241 1706 941 1748; baseline -0.006 -8"><span class='ocrx_word' id='word_1_143' title='bbox 241 1709 363 1740; x_wconf 87' lang='lat' dir='ltr'><strong>saltem</strong></span> <span class='ocrx_word' id='word_1_144' title='bbox 379 1709 438 1740; x_wconf 85' lang='lat' dir='ltr'><strong>has</strong></span> <span class='ocrx_word' id='word_1_145' title='bbox 463 1707 597 1739; x_wconf 83' lang='lat' dir='ltr'><strong>Paridis</strong></span> <span class='ocrx_word' id='word_1_146' title='bbox 616 1716 718 1738; x_wconf 85' lang='lat' dir='ltr'><strong>naves</strong></span> <span class='ocrx_word' id='word_1_147' title='bbox 733 1706 850 1742; x_wconf 86' lang='lat' dir='ltr'><strong>obrue,</strong></span> <span class='ocrx_word' id='word_1_148' title='bbox 865 1715 941 1748; x_wconf 87' lang='lat' dir='ltr'><strong>quae</strong></span> 
     </span>
     <span class='ocr_line' id='line_1_30' title="bbox 241 1755 941 1789; baseline -0.004 0"><span class='ocrx_word' id='word_1_149' title='bbox 241 1758 444 1789; x_wconf 87' lang='lat' dir='ltr'><strong>sceleratum</strong></span> <span class='ocrx_word' id='word_1_150' title='bbox 461 1757 589 1788; x_wconf 87' lang='lat' dir='ltr'><strong>vehunt</strong></span> <span class='ocrx_word' id='word_1_151' title='bbox 605 1761 640 1788; x_wconf 90' lang='lat' dir='ltr'><strong>et</strong></span> <span class='ocrx_word' id='word_1_152' title='bbox 656 1756 858 1787; x_wconf 87' lang='lat' dir='ltr'><strong>adulterum.</strong></span> <span class='ocrx_word' id='word_1_153' title='bbox 884 1755 941 1787; x_wconf 79' lang='lat' dir='ltr'><strong>Se-</strong></span> 
     </span>
     <span class='ocr_line' id='line_1_31' title="bbox 241 1805 942 1847; baseline -0.004 -8"><span class='ocrx_word' id='word_1_154' title='bbox 241 1807 370 1847; x_wconf 71' lang='lat' dir='ltr'><strong>mideos]</strong></span> <span class='ocrx_word' id='word_1_155' title='bbox 391 1806 458 1840; x_wconf 79' lang='lat' dir='ltr'><strong>Qui</strong></span> <span class='ocrx_word' id='word_1_156' title='bbox 483 1816 561 1838; x_wconf 89' lang='lat' dir='ltr'><strong>cum</strong></span> <span class='ocrx_word' id='word_1_157' title='bbox 577 1806 705 1839; x_wconf 84' lang='lat' dir='ltr'><strong>Jasone</strong></span> <span class='ocrx_word' id='word_1_158' title='bbox 727 1805 942 1845; x_wconf 84' lang='lat' dir='ltr'><strong>navigarunt,</strong></span> 
     </span>
     <span class='ocr_line' id='line_1_32' title="bbox 204 1855 941 1902; baseline -0.005 -13"><span class='ocrx_word' id='word_1_159' title='bbox 204 1899 207 1902; x_wconf 15' lang='grc' dir='ltr'><strong>ψ</strong></span> <span class='ocrx_word' id='word_1_160' title='bbox 242 1861 282 1889; x_wconf 88' lang='lat' dir='ltr'><strong>ut</strong></span> <span class='ocrx_word' id='word_1_161' title='bbox 297 1857 470 1898; x_wconf 85' lang='lat' dir='ltr'><strong>Orpheus,</strong></span> <span class='ocrx_word' id='word_1_162' title='bbox 495 1856 616 1887; x_wconf 83' lang='lat' dir='ltr'><strong>Castor</strong></span> <span class='ocrx_word' id='word_1_163' title='bbox 638 1860 674 1886; x_wconf 88' lang='lat' dir='ltr'><strong>et</strong></span> <span class='ocrx_word' id='word_1_164' title='bbox 696 1855 831 1895; x_wconf 84' lang='lat' dir='ltr'><strong>Pollux,</strong></span> <span class='ocrx_word' id='word_1_165' title='bbox 854 1855 941 1886; x_wconf 86' lang='lat' dir='ltr'><strong>Her-</strong></span> 
     </span>
     <span class='ocr_line' id='line_1_33' title="bbox 243 1903 939 1945; baseline -0.006 -5"><span class='ocrx_word' id='word_1_166' title='bbox 243 1907 349 1939; x_wconf 80' lang='lat' dir='ltr'><strong>cules.</strong></span> <span class='ocrx_word' id='word_1_167' title='bbox 377 1907 462 1938; x_wconf 89' lang='lat' dir='ltr'><strong>Sunt</strong></span> <span class='ocrx_word' id='word_1_168' title='bbox 473 1910 584 1937; x_wconf 87' lang='lat' dir='ltr'><strong>autem</strong></span> <span class='ocrx_word' id='word_1_169' title='bbox 597 1903 737 1936; x_wconf 79' lang='lat' dir='ltr'><strong>semidei</strong></span> <span class='ocrx_word' id='word_1_170' title='bbox 750 1913 832 1945; x_wconf 88' lang='lat' dir='ltr'><strong>quos</strong></span> <span class='ocrx_word' id='word_1_171' title='bbox 843 1903 939 1945; x_wconf 70' lang='grc' dir='ltr'><strong>ἠρῶας</strong></span> 
     </span>
     <span class='ocr_line' id='line_1_34' title="bbox 243 1954 941 1996; baseline -0.004 -8"><span class='ocrx_word' id='word_1_172' title='bbox 243 1960 370 1988; x_wconf 87' lang='lat' dir='ltr'><strong>vocant</strong></span> <span class='ocrx_word' id='word_1_173' title='bbox 383 1956 510 1993; x_wconf 62' lang='lat' dir='ltr'><strong>Graeci,</strong></span> <span class='ocrx_word' id='word_1_174' title='bbox 524 1955 614 1996; x_wconf 91' lang='lat' dir='ltr'><strong>quod</strong></span> <span class='ocrx_word' id='word_1_175' title='bbox 628 1954 698 1986; x_wconf 88' lang='lat' dir='ltr'><strong>nati</strong></span> <span class='ocrx_word' id='word_1_176' title='bbox 712 1954 780 1985; x_wconf 89' lang='lat' dir='ltr'><strong>sint</strong></span> <span class='ocrx_word' id='word_1_177' title='bbox 795 1963 839 1985; x_wconf 83' lang='lat' dir='ltr'><strong>ex</strong></span> <span class='ocrx_word' id='word_1_178' title='bbox 853 1964 941 1986; x_wconf 83' lang='lat' dir='ltr'><strong>mor-</strong></span> 
     </span>
     <span class='ocr_line' id='line_1_35' title="bbox 243 2004 942 2046; baseline -0.004 -6"><span class='ocrx_word' id='word_1_179' title='bbox 243 2008 318 2040; x_wconf 79' lang='lat' dir='ltr'><strong>tali.</strong></span> <span class='ocrx_word' id='word_1_180' title='bbox 362 2008 514 2038; x_wconf 76' lang='lat' dir='ltr'><strong>Nostrum</strong></span> <span class='ocrx_word' id='word_1_181' title='bbox 537 2004 667 2045; x_wconf 67' lang='lat' dir='ltr'><strong>Thesea]</strong></span> <span class='ocrx_word' id='word_1_182' title='bbox 690 2005 768 2037; x_wconf 87' lang='lat' dir='ltr'><strong>Fuit</strong></span> <span class='ocrx_word' id='word_1_183' title='bbox 791 2004 821 2035; x_wconf 87' lang='lat' dir='ltr'><strong>is</strong></span> <span class='ocrx_word' id='word_1_184' title='bbox 844 2004 942 2046; x_wconf 83' lang='lat' dir='ltr'><strong>AEgei</strong></span> 
     </span>
     <span class='ocr_line' id='line_1_36' title="bbox 242 2056 941 2098; baseline -0.003 -9"><span class='ocrx_word' id='word_1_185' title='bbox 242 2057 334 2098; x_wconf 82' lang='lat' dir='ltr'><strong>regis</strong></span> <span class='ocrx_word' id='word_1_186' title='bbox 348 2056 559 2089; x_wconf 85' lang='lat' dir='ltr'><strong>Athenarum</strong></span> <span class='ocrx_word' id='word_1_187' title='bbox 575 2056 673 2088; x_wconf 87' lang='lat' dir='ltr'><strong>filius.</strong></span> <span class='ocrx_word' id='word_1_188' title='bbox 717 2056 839 2096; x_wconf 75' lang='lat' dir='ltr'><strong>AEgeus</strong></span> <span class='ocrx_word' id='word_1_189' title='bbox 859 2065 941 2087; x_wconf 83' lang='lat' dir='ltr'><strong>vero</strong></span> 
     </span>
     <span class='ocr_line' id='line_1_37' title="bbox 243 2106 942 2151; baseline -0.004 -9"><span class='ocrx_word' id='word_1_190' title='bbox 243 2109 410 2151; x_wconf 78' lang='lat' dir='ltr'><strong>Neptuni.</strong></span> <span class='ocrx_word' id='word_1_191' title='bbox 442 2109 572 2141; x_wconf 87' lang='lat' dir='ltr'><strong>Rumor</strong></span> <span class='ocrx_word' id='word_1_192' title='bbox 582 2113 695 2140; x_wconf 85' lang='lat' dir='ltr'><strong>autem</strong></span> <span class='ocrx_word' id='word_1_193' title='bbox 705 2106 772 2139; x_wconf 82' lang='lat' dir='ltr'><strong>fuit</strong></span> <span class='ocrx_word' id='word_1_194' title='bbox 785 2118 804 2139; x_wconf 89' lang='lat' dir='ltr'><strong>a</strong></span> <span class='ocrx_word' id='word_1_195' title='bbox 820 2108 942 2140; x_wconf 88' lang='lat' dir='ltr'><strong>Pitheo</strong></span> 
     </span>
     <span class='ocr_line' id='line_1_38' title="bbox 244 2157 941 2199; baseline -0.006 -7"><span class='ocrx_word' id='word_1_196' title='bbox 244 2166 401 2192; x_wconf 85' lang='lat' dir='ltr'><strong>materno</strong></span> <span class='ocrx_word' id='word_1_197' title='bbox 423 2168 486 2191; x_wconf 88' lang='lat' dir='ltr'><strong>avo</strong></span> <span class='ocrx_word' id='word_1_198' title='bbox 509 2158 721 2199; x_wconf 84' lang='lat' dir='ltr'><strong>dissipatum,</strong></span> <span class='ocrx_word' id='word_1_199' title='bbox 736 2168 756 2189; x_wconf 90' lang='lat' dir='ltr'><strong>a</strong></span> <span class='ocrx_word' id='word_1_200' title='bbox 778 2157 941 2198; x_wconf 87' lang='lat' dir='ltr'><strong>Neptuno</strong></span> 
     </span>
     <span class='ocr_line' id='line_1_39' title="bbox 245 2208 943 2250; baseline -0.006 -8"><span class='ocrx_word' id='word_1_201' title='bbox 245 2209 350 2242; x_wconf 84' lang='lat' dir='ltr'><strong>fuisse</strong></span> <span class='ocrx_word' id='word_1_202' title='bbox 361 2214 572 2250; x_wconf 82' lang='lat' dir='ltr'><strong>generatum,</strong></span> <span class='ocrx_word' id='word_1_203' title='bbox 581 2213 615 2241; x_wconf 88' lang='lat' dir='ltr'><strong>et</strong></span> <span class='ocrx_word' id='word_1_204' title='bbox 627 2213 811 2249; x_wconf 86' lang='lat' dir='ltr'><strong>propterea</strong></span> <span class='ocrx_word' id='word_1_205' title='bbox 822 2208 943 2249; x_wconf 88' lang='lat' dir='ltr'><strong>inquit,</strong></span> 
     </span>
     <span class='ocr_line' id='line_1_40' title="bbox 244 2259 943 2300; baseline 0 -9"><span class='ocrx_word' id='word_1_206' title='bbox 244 2260 254 2277; x_wconf 89' lang='lat'>‘</span> <span class='ocrx_word' id='word_1_207' title='bbox 271 2264 422 2293; x_wconf 82' lang='lat' dir='ltr'><strong>nostrum</strong></span> <span class='ocrx_word' id='word_1_208' title='bbox 451 2259 604 2298; x_wconf 64' lang='lat' dir='ltr'><strong>Thesea:</strong></span> <span class='ocrx_word' id='word_1_209' title='bbox 627 2259 662 2290; x_wconf 85' lang='lat' dir='ltr'><strong>id</strong></span> <span class='ocrx_word' id='word_1_210' title='bbox 695 2263 760 2299; x_wconf 90' lang='lat' dir='ltr'><strong>est,</strong></span> <span class='ocrx_word' id='word_1_211' title='bbox 781 2262 943 2300; x_wconf 83' lang='lat' dir='ltr'><strong>nepotem</strong></span> 
     </span>
     <span class='ocr_line' id='line_1_41' title="bbox 247 2310 666 2343; baseline -0.002 0"><span class='ocrx_word' id='word_1_212' title='bbox 247 2316 343 2343; x_wconf 87' lang='lat' dir='ltr'><strong>tuum</strong></span> <span class='ocrx_word' id='word_1_213' title='bbox 359 2311 413 2342; x_wconf 91' lang='lat' dir='ltr'><strong>vel</strong></span> <span class='ocrx_word' id='word_1_214' title='bbox 427 2310 544 2342; x_wconf 87' lang='lat' dir='ltr'><strong>filium.</strong></span> <span class='ocrx_word' id='word_1_215' title='bbox 567 2310 666 2342; x_wconf 83' lang='lat' dir='ltr'><strong>Idem.</strong></span> 
     </span>
    </p>

    <p class='ocr_par' dir='ltr' id='par_1_6' title="bbox 247 2360 942 2554">
     <span class='ocr_line' id='line_1_42' title="bbox 288 2360 942 2401; baseline -0.008 -6"><span class='ocrx_word' id='word_1_216' title='bbox 288 2366 329 2395; x_wconf 76' lang='lat'><strong>75</strong></span> <span class='ocrx_word' id='word_1_217' title='bbox 355 2364 423 2394; x_wconf 79' lang='lat' dir='ltr'><strong>Nec</strong></span> <span class='ocrx_word' id='word_1_218' title='bbox 434 2362 494 2393; x_wconf 75' lang='lat' dir='ltr'><strong>tihi</strong></span> <span class='ocrx_word' id='word_1_219' title='bbox 506 2363 544 2394; x_wconf 79' lang='lat' dir='ltr'><strong>de</strong></span> <span class='ocrx_word' id='word_1_220' title='bbox 556 2362 655 2393; x_wconf 78' lang='lat' dir='ltr'><strong>tantis</strong></span> <span class='ocrx_word' id='word_1_221' title='bbox 665 2361 784 2401; x_wconf 79' lang='lat' dir='ltr'><strong>placeat</strong></span> <span class='ocrx_word' id='word_1_222' title='bbox 797 2370 845 2392; x_wconf 89' lang='lat' dir='ltr'><strong>me</strong></span> <span class='ocrx_word' id='word_1_223' title='bbox 859 2360 942 2401; x_wconf 79' lang='lat' dir='ltr'><strong>fluc-</strong></span> 
     </span>
     <span class='ocr_line' id='line_1_43' title="bbox 248 2410 942 2453; baseline -0.006 -8"><span class='ocrx_word' id='word_1_224' title='bbox 248 2414 330 2445; x_wconf 73' lang='lat' dir='ltr'><strong>tibus</strong></span> <span class='ocrx_word' id='word_1_225' title='bbox 343 2413 451 2453; x_wconf 79' lang='lat' dir='ltr'><strong>unum]</strong></span> <span class='ocrx_word' id='word_1_226' title='bbox 474 2412 590 2444; x_wconf 78' lang='lat' dir='ltr'><strong>Suasio</strong></span> <span class='ocrx_word' id='word_1_227' title='bbox 605 2417 656 2443; x_wconf 89' lang='lat' dir='ltr'><strong>est</strong></span> <span class='ocrx_word' id='word_1_228' title='bbox 668 2411 712 2443; x_wconf 86' lang='lat' dir='ltr'><strong>ab</strong></span> <span class='ocrx_word' id='word_1_229' title='bbox 722 2410 942 2442; x_wconf 83' lang='lat' dir='ltr'><strong>incommodis</strong></span> 
     </span>
     <span class='ocr_line' id='line_1_44' title="bbox 247 2460 942 2503; baseline -0.009 -6"><span class='ocrx_word' id='word_1_230' title='bbox 247 2472 284 2497; x_wconf 86' lang='lat' dir='ltr'><strong>et</strong></span> <span class='ocrx_word' id='word_1_231' title='bbox 298 2464 439 2496; x_wconf 85' lang='lat' dir='ltr'><strong>miseriis</strong></span> <span class='ocrx_word' id='word_1_232' title='bbox 463 2463 528 2493; x_wconf 85' lang='lat' dir='ltr'><strong>suis</strong></span> <span class='ocrx_word' id='word_1_233' title='bbox 552 2471 634 2503; x_wconf 82' lang='lat' dir='ltr'><strong>quas</strong></span> <span class='ocrx_word' id='word_1_234' title='bbox 657 2470 796 2502; x_wconf 86' lang='lat' dir='ltr'><strong>passura</strong></span> <span class='ocrx_word' id='word_1_235' title='bbox 810 2464 865 2492; x_wconf 80' lang='lat' dir='ltr'><strong>est</strong></span> <span class='ocrx_word' id='word_1_236' title='bbox 879 2460 942 2492; x_wconf 89' lang='lat' dir='ltr'><strong>nisi</strong></span> 
     </span>
     <span class='ocr_line' id='line_1_45' title="bbox 248 2510 848 2554; baseline -0.01 -7"><span class='ocrx_word' id='word_1_237' title='bbox 248 2516 485 2554; x_wconf 72' lang='lat' dir='ltr'><strong>submergatur</strong></span> <span class='ocrx_word' id='word_1_238' title='bbox 500 2512 609 2544; x_wconf 88' lang='lat' dir='ltr'><strong>Paris.</strong></span> <span class='ocrx_word' id='word_1_239' title='bbox 633 2510 848 2543; x_wconf 73' lang='lat' dir='ltr'><strong>Britannicus.</strong></span> 
     </span>
    </p>

    <p class='ocr_par' dir='ltr' id='par_1_7' title="bbox 249 2558 946 2853">
     <span class='ocr_line' id='line_1_46' title="bbox 291 2558 944 2602; baseline -0.006 -7"><span class='ocrx_word' id='word_1_240' title='bbox 291 2567 334 2595; x_wconf 82' lang='grc'><strong>76</strong></span> <span class='ocrx_word' id='word_1_241' title='bbox 356 2565 400 2595; x_wconf 81' lang='lat' dir='ltr'><strong>Et</strong></span> <span class='ocrx_word' id='word_1_242' title='bbox 427 2562 521 2594; x_wconf 75' lang='lat' dir='ltr'><strong>Iliaci</strong></span> <span class='ocrx_word' id='word_1_243' title='bbox 547 2561 687 2602; x_wconf 71' lang='lat' dir='ltr'><strong>scopulos</strong></span> <span class='ocrx_word' id='word_1_244' title='bbox 709 2559 877 2600; x_wconf 73' lang='lat' dir='ltr'><strong>sepulchri]</strong></span> <span class='ocrx_word' id='word_1_245' title='bbox 900 2558 944 2591; x_wconf 91' lang='lat' dir='ltr'><strong>Id</strong></span> 
     </span>
     <span class='ocr_line' id='line_1_47' title="bbox 249 2608 942 2652; baseline -0.007 -8"><span class='ocrx_word' id='word_1_246' title='bbox 249 2617 313 2652; x_wconf 86' lang='lat' dir='ltr'><strong>est,</strong></span> <span class='ocrx_word' id='word_1_247' title='bbox 338 2611 430 2652; x_wconf 81' lang='lat' dir='ltr'><strong>Sigei</strong></span> <span class='ocrx_word' id='word_1_248' title='bbox 466 2609 699 2652; x_wconf 85' lang='lat' dir='ltr'><strong>promontorii,</strong></span> <span class='ocrx_word' id='word_1_249' title='bbox 721 2609 826 2650; x_wconf 86' lang='lat' dir='ltr'><strong>juxta</strong></span> <span class='ocrx_word' id='word_1_250' title='bbox 853 2608 942 2650; x_wconf 87' lang='lat' dir='ltr'><strong>quod</strong></span> 
     </span>
     <span class='ocr_line' id='line_1_48' title="bbox 251 2659 944 2700; baseline -0.007 -5"><span class='ocrx_word' id='word_1_251' title='bbox 251 2662 402 2696; x_wconf 81' lang='lat' dir='ltr'><strong>Achilles</strong></span> <span class='ocrx_word' id='word_1_252' title='bbox 418 2661 582 2700; x_wconf 89' lang='lat' dir='ltr'><strong>templum</strong></span> <span class='ocrx_word' id='word_1_253' title='bbox 596 2659 702 2692; x_wconf 74' lang='lat' dir='ltr'><strong>habet</strong></span> <span class='ocrx_word' id='word_1_254' title='bbox 715 2663 752 2691; x_wconf 87' lang='lat' dir='ltr'><strong>et</strong></span> <span class='ocrx_word' id='word_1_255' title='bbox 767 2659 944 2699; x_wconf 81' lang='lat' dir='ltr'><strong>tumulum,</strong></span> 
     </span>
     <span class='ocr_line' id='line_1_49' title="bbox 250 2708 945 2754; baseline -0.006 -11"><span class='ocrx_word' id='word_1_256' title='bbox 250 2712 308 2754; x_wconf 89' lang='lat' dir='ltr'><strong>qui</strong></span> <span class='ocrx_word' id='word_1_257' title='bbox 323 2712 415 2743; x_wconf 88' lang='lat' dir='ltr'><strong>locus</strong></span> <span class='ocrx_word' id='word_1_258' title='bbox 439 2709 626 2741; x_wconf 86' lang='lat' dir='ltr'><strong>Achilleum</strong></span> <span class='ocrx_word' id='word_1_259' title='bbox 641 2708 844 2740; x_wconf 87' lang='lat' dir='ltr'><strong>nominatur.</strong></span> <span class='ocrx_word' id='word_1_260' title='bbox 886 2708 945 2739; x_wconf 86' lang='lat' dir='ltr'><strong>Ili-</strong></span> 
     </span>
     <span class='ocr_line' id='line_1_50' title="bbox 251 2757 946 2798; baseline -0.006 -5"><span class='ocrx_word' id='word_1_261' title='bbox 251 2771 350 2793; x_wconf 81' lang='lat' dir='ltr'><strong>enses</strong></span> <span class='ocrx_word' id='word_1_262' title='bbox 366 2760 452 2791; x_wconf 85' lang='lat' dir='ltr'><strong>enim</strong></span> <span class='ocrx_word' id='word_1_263' title='bbox 468 2759 500 2790; x_wconf 91' lang='lat' dir='ltr'><strong>ei</strong></span> <span class='ocrx_word' id='word_1_264' title='bbox 511 2763 547 2790; x_wconf 94' lang='lat' dir='ltr'><strong>et</strong></span> <span class='ocrx_word' id='word_1_265' title='bbox 561 2758 739 2798; x_wconf 84' lang='lat' dir='ltr'><strong>Patroclo,</strong></span> <span class='ocrx_word' id='word_1_266' title='bbox 752 2757 946 2795; x_wconf 81' lang='lat' dir='ltr'><strong>Antilocho‚</strong></span> 
     </span>
     <span class='ocr_line' id='line_1_51' title="bbox 249 2807 946 2853; baseline -0.006 -9"><span class='ocrx_word' id='word_1_267' title='bbox 249 2816 286 2844; x_wconf 86' lang='lat' dir='ltr'><strong>et</strong></span> <span class='ocrx_word' id='word_1_268' title='bbox 297 2810 394 2853; x_wconf 83' lang='lat' dir='ltr'><strong>Ajaci</strong></span> <span class='ocrx_word' id='word_1_269' title='bbox 403 2808 607 2842; x_wconf 78' lang='lat' dir='ltr'><strong>sacrificant.</strong></span> <span class='ocrx_word' id='word_1_270' title='bbox 624 2807 795 2849; x_wconf 70' lang='lat' dir='ltr'><strong>Habitare]</strong></span> <span class='ocrx_word' id='word_1_271' title='bbox 804 2808 946 2841; x_wconf 82' lang='lat' dir='ltr'><strong>Reside-</strong></span> 
     </span>
    </p>
   </div>
   <div class='ocr_carea' id='block_1_3' title="bbox 694 269 1216 302">
    <p class='ocr_par' dir='ltr' id='par_1_8' title="bbox 694 269 1216 302">
     <span class='ocr_line' id='line_1_52' title="bbox 694 269 1216 302; baseline -0.006 0"><span class='ocrx_word' id='word_1_272' title='bbox 694 270 836 302; x_wconf 81' lang='lat' dir='ltr'><strong>NOTAE</strong></span> <span class='ocrx_word' id='word_1_273' title='bbox 869 269 1131 300; x_wconf 73' lang='lat' dir='ltr'>VARJORUM</span> <span class='ocrx_word' id='word_1_274' title='bbox 1163 269 1216 299; x_wconf 87' lang='lat' dir='ltr'><strong>IN</strong></span> 
     </span>
    </p>
   </div>
   <div class='ocr_carea' id='block_1_4' title="bbox 982 357 1727 2606">
    <p class='ocr_par' dir='ltr' id='par_1_9' title="bbox 983 357 1677 400">
     <span class='ocr_line' id='line_1_53' title="bbox 983 357 1677 400; baseline 0.001 -8"><span class='ocrx_word' id='word_1_275' title='bbox 983 370 1020 392; x_wconf 89' lang='lat' dir='ltr'><strong>re</strong></span> <span class='ocrx_word' id='word_1_276' title='bbox 1037 360 1095 392; x_wconf 90' lang='lat' dir='ltr'><strong>ubi</strong></span> <span class='ocrx_word' id='word_1_277' title='bbox 1110 361 1143 392; x_wconf 89' lang='lat' dir='ltr'><strong>in</strong></span> <span class='ocrx_word' id='word_1_278' title='bbox 1157 359 1325 393; x_wconf 81' lang='lat' dir='ltr'><strong>continuis</strong></span> <span class='ocrx_word' id='word_1_279' title='bbox 1336 368 1395 391; x_wconf 87' lang='lat' dir='ltr'><strong>ero</strong></span> <span class='ocrx_word' id='word_1_280' title='bbox 1410 358 1602 400; x_wconf 73' lang='lat' dir='ltr'><strong>lachrymis.</strong></span> <span class='ocrx_word' id='word_1_281' title='bbox 1624 357 1677 393; x_wconf 80' lang='lat' dir='ltr'><strong>Id·-</strong></span> 
     </span>
    </p>

    <p class='ocr_par' dir='ltr' id='par_1_10' title="bbox 982 409 1682 692">
     <span class='ocr_line' id='line_1_54' title="bbox 1025 409 1677 451; baseline -0.002 -9"><span class='ocrx_word' id='word_1_282' title='bbox 1025 413 1067 442; x_wconf 81' lang='grc'><strong>78</strong></span> <span class='ocrx_word' id='word_1_283' title='bbox 1091 411 1206 442; x_wconf 81' lang='lat' dir='ltr'><strong>Rector</strong></span> <span class='ocrx_word' id='word_1_284' title='bbox 1215 410 1377 451; x_wconf 79' lang='lat' dir='ltr'><strong>aquarum]</strong></span> <span class='ocrx_word' id='word_1_285' title='bbox 1396 410 1506 442; x_wconf 74' lang='lat' dir='ltr'><strong>Nemo</strong></span> <span class='ocrx_word' id='word_1_286' title='bbox 1519 409 1677 443; x_wconf 74' lang='lat' dir='ltr'><strong>damnet:</strong></span> 
     </span>
     <span class='ocr_line' id='line_1_55' title="bbox 983 459 1682 500; baseline -0.001 -7"><span class='ocrx_word' id='word_1_287' title='bbox 983 465 1118 493; x_wconf 88' lang='lat' dir='ltr'><strong>veteres</strong></span> <span class='ocrx_word' id='word_1_288' title='bbox 1148 465 1259 492; x_wconf 87' lang='lat' dir='ltr'><strong>tamen</strong></span> <span class='ocrx_word' id='word_1_289' title='bbox 1281 461 1400 500; x_wconf 88' lang='lat' dir='ltr'><strong>reponi</strong></span> <span class='ocrx_word' id='word_1_290' title='bbox 1424 459 1591 491; x_wconf 82' lang='lat' dir='ltr'><strong>suadent:</strong></span> <span class='ocrx_word' id='word_1_291' title='bbox 1613 462 1682 492; x_wconf 68' lang='lat' dir='ltr'><strong>tm</strong></span> 
     </span>
     <span class='ocr_line' id='line_1_56' title="bbox 982 509 1681 551; baseline -0.001 -8"><span class='ocrx_word' id='word_1_292' title='bbox 982 512 1090 543; x_wconf 73' lang='lat' dir='ltr'><strong>ductor</strong></span> <span class='ocrx_word' id='word_1_293' title='bbox 1100 520 1250 551; x_wconf 75' lang='lat' dir='ltr'><strong>aquarum</strong></span> <span class='ocrx_word' id='word_1_294' title='bbox 1259 520 1272 547; x_wconf 90' lang='lat'><strong>,·</strong></span> <span class='ocrx_word' id='word_1_295' title='bbox 1294 509 1383 551; x_wconf 86' lang='lat' dir='ltr'><strong>quod</strong></span> <span class='ocrx_word' id='word_1_296' title='bbox 1401 518 1596 550; x_wconf 72' lang='lat' dir='ltr'><strong>germanum</strong></span> <span class='ocrx_word' id='word_1_297' title='bbox 1612 518 1681 542; x_wconf 76' lang='lat' dir='ltr'><strong>non</strong></span> 
     </span>
     <span class='ocr_line' id='line_1_57' title="bbox 984 557 1681 599; baseline -0.004 -7"><span class='ocrx_word' id='word_1_298' title='bbox 984 560 1182 592; x_wconf 79' lang='lat' dir='ltr'><strong>abnuerim:</strong></span> <span class='ocrx_word' id='word_1_299' title='bbox 1205 568 1283 591; x_wconf 86' lang='lat' dir='ltr'><strong>nam</strong></span> <span class='ocrx_word' id='word_1_300' title='bbox 1301 557 1340 589; x_wconf 75' lang='grc' dir='ltr'><strong>τὸ</strong></span> <span class='ocrx_word' id='word_1_301' title='bbox 1353 559 1464 591; x_wconf 65' lang='lat' dir='ltr'><strong>ducator</strong></span> <span class='ocrx_word' id='word_1_302' title='bbox 1491 567 1552 599; x_wconf 86' lang='lat' dir='ltr'><strong>pro</strong></span> <span class='ocrx_word' id='word_1_303' title='bbox 1565 561 1681 598; x_wconf 70' lang='lat' dir='ltr'><strong>rector,</strong></span> 
     </span>
     <span class='ocr_line' id='line_1_58' title="bbox 983 606 1682 650; baseline -0.001 -9"><span class='ocrx_word' id='word_1_304' title='bbox 983 609 1148 650; x_wconf 84' lang='lat' dir='ltr'><strong>Papinius</strong></span> <span class='ocrx_word' id='word_1_305' title='bbox 1172 611 1285 640; x_wconf 82' lang='lat' dir='ltr'><strong>amat:</strong></span> <span class='ocrx_word' id='word_1_306' title='bbox 1308 608 1463 648; x_wconf 84' lang='lat' dir='ltr'><strong>exempla</strong></span> <span class='ocrx_word' id='word_1_307' title='bbox 1481 606 1605 649; x_wconf 82' lang='lat' dir='ltr'><strong>passim</strong></span> <span class='ocrx_word' id='word_1_308' title='bbox 1621 607 1682 640; x_wconf 76' lang='lat' dir='ltr'><strong>ob-</strong></span> 
     </span>
     <span class='ocr_line' id='line_1_59' title="bbox 984 659 1172 692; baseline 0 -1"><span class='ocrx_word' id='word_1_309' title='bbox 984 659 1048 692; x_wconf 83' lang='lat' dir='ltr'><strong>via.</strong></span> <span class='ocrx_word' id='word_1_310' title='bbox 1070 660 1172 691; x_wconf 82' lang='lat' dir='ltr'><strong>Bern.</strong></span> 
     </span>
    </p>

    <p class='ocr_par' dir='ltr' id='par_1_11' title="bbox 983 707 1683 1053">
     <span class='ocr_line' id='line_1_60' title="bbox 1025 707 1679 750; baseline -0.005 -8"><span class='ocrx_word' id='word_1_311' title='bbox 1025 713 1067 742; x_wconf 81' lang='lat'><strong>82</strong></span> <span class='ocrx_word' id='word_1_312' title='bbox 1090 708 1239 750; x_wconf 67' lang='lat' dir='ltr'><strong>Europe]</strong></span> <span class='ocrx_word' id='word_1_313' title='bbox 1271 708 1377 750; x_wconf 86' lang='lat' dir='ltr'><strong>Cujus</strong></span> <span class='ocrx_word' id='word_1_314' title='bbox 1407 711 1536 749; x_wconf 78' lang='lat' dir='ltr'><strong>partem</strong></span> <span class='ocrx_word' id='word_1_315' title='bbox 1565 707 1679 740; x_wconf 64' lang='lat' dir='ltr'><strong>Grani</strong></span> 
     </span>
     <span class='ocr_line' id='line_1_61' title="bbox 983 760 1681 802; baseline 0 -8"><span class='ocrx_word' id='word_1_316' title='bbox 983 766 1117 795; x_wconf 83' lang='lat' dir='ltr'><strong>tenent.</strong></span> <span class='ocrx_word' id='word_1_317' title='bbox 1140 763 1319 793; x_wconf 69' lang='lat' dir='ltr'><strong>Matura-nt.</strong></span> <span class='ocrx_word' id='word_1_318' title='bbox 1355 760 1456 801; x_wconf 76' lang='lat' dir='ltr'><strong>Asioe]</strong></span> <span class='ocrx_word' id='word_1_319' title='bbox 1482 760 1681 802; x_wconf 74' lang='lat' dir='ltr'><strong>Cujnspm</strong></span> 
     </span>
     <span class='ocr_line' id='line_1_62' title="bbox 983 809 1682 853; baseline -0.003 -9"><span class='ocrx_word' id='word_1_320' title='bbox 983 812 1138 853; x_wconf 86' lang='lat' dir='ltr'><strong>Trojanis</strong></span> <span class='ocrx_word' id='word_1_321' title='bbox 1154 816 1264 852; x_wconf 87' lang='lat' dir='ltr'><strong>paret,</strong></span> <span class='ocrx_word' id='word_1_322' title='bbox 1278 821 1298 843; x_wconf 90' lang='lat' dir='ltr'><strong>a</strong></span> <span class='ocrx_word' id='word_1_323' title='bbox 1313 810 1469 843; x_wconf 78' lang='lat' dir='ltr'><strong>Gadibus</strong></span> <span class='ocrx_word' id='word_1_324' title='bbox 1483 809 1527 842; x_wconf 70' lang='lat' dir='ltr'><strong>ad</strong></span> <span class='ocrx_word' id='word_1_325' title='bbox 1540 810 1682 843; x_wconf 74' lang='lat' dir='ltr'><strong>Tanaim</strong></span> 
     </span>
     <span class='ocr_line' id='line_1_63' title="bbox 985 859 1680 906; baseline 0.001 -13"><span class='ocrx_word' id='word_1_326' title='bbox 985 862 1171 906; x_wconf 84' lang='lat' dir='ltr'><strong>porrigitur</strong></span> <span class='ocrx_word' id='word_1_327' title='bbox 1182 862 1337 902; x_wconf 80' lang='lat' dir='ltr'><strong>Europa,</strong></span> <span class='ocrx_word' id='word_1_328' title='bbox 1347 871 1367 893; x_wconf 87' lang='lat' dir='ltr'><strong>a</strong></span> <span class='ocrx_word' id='word_1_329' title='bbox 1381 860 1488 893; x_wconf 75' lang='lat' dir='ltr'><strong>&#39;runai</strong></span> <span class='ocrx_word' id='word_1_330' title='bbox 1503 859 1546 893; x_wconf 66' lang='lat' dir='ltr'><strong>sd</strong></span> <span class='ocrx_word' id='word_1_331' title='bbox 1561 859 1680 894; x_wconf 77' lang='lat' dir='ltr'><strong>Num</strong></span> 
     </span>
     <span class='ocr_line' id='line_1_64' title="bbox 985 909 1683 954; baseline 0.003 -11"><span class='ocrx_word' id='word_1_332' title='bbox 985 910 1079 944; x_wconf 84' lang='lat' dir='ltr'><strong>Asia.</strong></span> <span class='ocrx_word' id='word_1_333' title='bbox 1122 911 1295 953; x_wconf 69' lang='lat' dir='ltr'><strong>Europam</strong></span> <span class='ocrx_word' id='word_1_334' title='bbox 1313 913 1436 954; x_wconf 42' lang='lat' dir='ltr'><strong>,autem</strong></span> <span class='ocrx_word' id='word_1_335' title='bbox 1473 909 1587 951; x_wconf 65' lang='lat' dir='ltr'><strong>poetae</strong></span> <span class='ocrx_word' id='word_1_336' title='bbox 1619 919 1683 951; x_wconf 67' lang='lat' dir='ltr'><strong>pn</strong></span> 
     </span>
     <span class='ocr_line' id='line_1_65' title="bbox 987 957 1683 1002; baseline -0.003 -8"><span class='ocrx_word' id='word_1_337' title='bbox 987 961 1184 994; x_wconf 72' lang='lat' dir='ltr'><strong>Graecorum</strong></span> <span class='ocrx_word' id='word_1_338' title='bbox 1220 964 1352 1002; x_wconf 89' lang='lat' dir='ltr'><strong>ponunt</strong></span> <span class='ocrx_word' id='word_1_339' title='bbox 1381 959 1535 1000; x_wconf 85' lang='lat' dir='ltr'><strong>imperio,</strong></span> <span class='ocrx_word' id='word_1_340' title='bbox 1565 957 1683 993; x_wconf 70' lang='lat' dir='ltr'><strong>Asin</strong></span> 
     </span>
     <span class='ocr_line' id='line_1_66' title="bbox 987 1009 1577 1053; baseline -0.005 -10"><span class='ocrx_word' id='word_1_341' title='bbox 987 1021 1048 1053; x_wconf 88' lang='lat' dir='ltr'><strong>pro</strong></span> <span class='ocrx_word' id='word_1_342' title='bbox 1064 1011 1206 1052; x_wconf 87' lang='lat' dir='ltr'><strong>imperio</strong></span> <span class='ocrx_word' id='word_1_343' title='bbox 1220 1010 1453 1051; x_wconf 85' lang='lat' dir='ltr'><strong>Trojanorum.</strong></span> <span class='ocrx_word' id='word_1_344' title='bbox 1477 1009 1577 1041; x_wconf 68' lang='lat' dir='ltr'><strong>Idan-</strong></span> 
     </span>
    </p>

    <p class='ocr_par' dir='ltr' id='par_1_12' title="bbox 985 1057 1727 1844">
     <span class='ocr_line' id='line_1_67' title="bbox 1028 1057 1682 1099; baseline -0.006 -7"><span class='ocrx_word' id='word_1_345' title='bbox 1028 1063 1069 1092; x_wconf 83' lang='grc'><strong>84</strong></span> <span class='ocrx_word' id='word_1_346' title='bbox 1095 1061 1193 1096; x_wconf 85' lang='lat' dir='ltr'><strong>Quem</strong></span> <span class='ocrx_word' id='word_1_347' title='bbox 1207 1063 1242 1091; x_wconf 80' lang='lat' dir='ltr'><strong>tu</strong></span> <span class='ocrx_word' id='word_1_348' title='bbox 1254 1059 1321 1091; x_wconf 76' lang='lat' dir='ltr'><strong>illic</strong></span> <span class='ocrx_word' id='word_1_349' title='bbox 1332 1062 1438 1090; x_wconf 75' lang='lat' dir='ltr'><strong>natum</strong></span> <span class='ocrx_word' id='word_1_350' title='bbox 1450 1057 1546 1097; x_wconf 64' lang='lat' dir='ltr'><strong>Sigeo</strong></span> <span class='ocrx_word' id='word_1_351' title='bbox 1558 1058 1593 1089; x_wconf 73' lang='lat' dir='ltr'><strong>in</strong></span> <span class='ocrx_word' id='word_1_352' title='bbox 1609 1058 1682 1099; x_wconf 70' lang='lat' dir='ltr'><strong>pul-</strong></span> 
     </span>
     <span class='ocr_line' id='line_1_68' title="bbox 985 1106 1682 1152; baseline -0.007 -8"><span class='ocrx_word' id='word_1_353' title='bbox 985 1111 1070 1152; x_wconf 73' lang='lat' dir='ltr'><strong>vere]</strong></span> <span class='ocrx_word' id='word_1_354' title='bbox 1093 1111 1252 1151; x_wconf 84' lang='lat' dir='ltr'><strong>Qualem,</strong></span> <span class='ocrx_word' id='word_1_355' title='bbox 1274 1110 1397 1151; x_wconf 87' lang='lat' dir='ltr'><strong>inquit,</strong></span> <span class='ocrx_word' id='word_1_356' title='bbox 1417 1108 1561 1150; x_wconf 78' lang='lat' dir='ltr'><strong>aspicies</strong></span> <span class='ocrx_word' id='word_1_357' title='bbox 1575 1106 1682 1140; x_wconf 81' lang='lat' dir='ltr'><strong>filium</strong></span> 
     </span>
     <span class='ocr_line' id='line_1_69' title="bbox 987 1156 1680 1200; baseline -0.006 -6"><span class='ocrx_word' id='word_1_358' title='bbox 987 1167 1081 1194; x_wconf 87' lang='lat' dir='ltr'><strong>tuum</strong></span> <span class='ocrx_word' id='word_1_359' title='bbox 1106 1160 1141 1193; x_wconf 87' lang='lat' dir='ltr'><strong>in</strong></span> <span class='ocrx_word' id='word_1_360' title='bbox 1167 1160 1256 1193; x_wconf 82' lang='lat' dir='ltr'><strong>bello</strong></span> <span class='ocrx_word' id='word_1_361' title='bbox 1283 1159 1425 1192; x_wconf 85' lang='lat' dir='ltr'><strong>Iliensi?</strong></span> <span class='ocrx_word' id='word_1_362' title='bbox 1447 1157 1544 1200; x_wconf 78' lang='lat' dir='ltr'><strong>quasi</strong></span> <span class='ocrx_word' id='word_1_363' title='bbox 1571 1156 1680 1198; x_wconf 75' lang='lat' dir='ltr'><strong>dicat,</strong></span> 
     </span>
     <span class='ocr_line' id='line_1_70' title="bbox 986 1206 1682 1253; baseline -0.003 -9"><span class='ocrx_word' id='word_1_364' title='bbox 986 1221 1142 1253; x_wconf 80' lang='lat' dir='ltr'><strong>magnam</strong></span> <span class='ocrx_word' id='word_1_365' title='bbox 1188 1209 1328 1252; x_wconf 87' lang='lat' dir='ltr'><strong>quidem.</strong></span> <span class='ocrx_word' id='word_1_366' title='bbox 1365 1207 1523 1250; x_wconf 74' lang='lat' dir='ltr'><strong>&#39;ru-ojani·</strong></span> <span class='ocrx_word' id='word_1_367' title='bbox 1556 1206 1682 1242; x_wconf 72' lang='lat' dir='ltr'><strong>inferet</strong></span> 
     </span>
     <span class='ocr_line' id='line_1_71' title="bbox 986 1258 1682 1303; baseline -0.004 -9"><span class='ocrx_word' id='word_1_368' title='bbox 986 1266 1135 1303; x_wconf 79' lang='lat' dir='ltr'><strong>stragem</strong></span> <span class='ocrx_word' id='word_1_369' title='bbox 1150 1265 1186 1293; x_wconf 85' lang='lat' dir='ltr'><strong>et</strong></span> <span class='ocrx_word' id='word_1_370' title='bbox 1205 1260 1330 1293; x_wconf 77' lang='lat' dir='ltr'><strong>multas</strong></span> <span class='ocrx_word' id='word_1_371' title='bbox 1350 1258 1461 1291; x_wconf 71' lang='lat' dir='ltr'><strong>caedes</strong></span> <span class='ocrx_word' id='word_1_372' title='bbox 1479 1258 1682 1292; x_wconf 63' lang='lat' dir='ltr'><strong>committet.</strong></span> 
     </span>
     <span class='ocr_line' id='line_1_72' title="bbox 986 1307 1685 1353; baseline -0.003 -10"><span class='ocrx_word' id='word_1_373' title='bbox 986 1312 1110 1353; x_wconf 87' lang='lat' dir='ltr'><strong>Sicque</strong></span> <span class='ocrx_word' id='word_1_374' title='bbox 1135 1315 1277 1343; x_wconf 84' lang='lat' dir='ltr'><strong>conatur</strong></span> <span class='ocrx_word' id='word_1_375' title='bbox 1299 1310 1453 1342; x_wconf 87' lang='lat' dir='ltr'><strong>timorem</strong></span> <span class='ocrx_word' id='word_1_376' title='bbox 1467 1308 1541 1350; x_wconf 82' lang='lat' dir='ltr'><strong>ejus</strong></span> <span class='ocrx_word' id='word_1_377' title='bbox 1555 1308 1599 1342; x_wconf 67' lang='lat' dir='ltr'><strong>dn</strong></span> <span class='ocrx_word' id='word_1_378' title='bbox 1613 1307 1685 1341; x_wconf 61' lang='lat' dir='ltr'><strong>fllia</strong></span> 
     </span>
     <span class='ocr_line' id='line_1_73' title="bbox 988 1357 1683 1401; baseline -0.001 -9"><span class='ocrx_word' id='word_1_379' title='bbox 988 1360 1183 1401; x_wconf 79' lang='lat' dir='ltr'><strong>infringere,</strong></span> <span class='ocrx_word' id='word_1_380' title='bbox 1210 1369 1287 1393; x_wconf 84' lang='lat' dir='ltr'><strong>cum</strong></span> <span class='ocrx_word' id='word_1_381' title='bbox 1311 1358 1469 1390; x_wconf 84' lang='lat' dir='ltr'><strong>ostendat</strong></span> <span class='ocrx_word' id='word_1_382' title='bbox 1494 1357 1541 1390; x_wconf 81' lang='lat' dir='ltr'><strong>ab</strong></span> <span class='ocrx_word' id='word_1_383' title='bbox 1553 1357 1683 1391; x_wconf 59' lang='lat' dir='ltr'><strong>eonti-</strong></span> 
     </span>
     <span class='ocr_line' id='line_1_74' title="bbox 989 1406 1684 1448; baseline -0.006 -5"><span class='ocrx_word' id='word_1_384' title='bbox 989 1420 1115 1443; x_wconf 85' lang='lat' dir='ltr'><strong>versam</strong></span> <span class='ocrx_word' id='word_1_385' title='bbox 1138 1411 1341 1443; x_wconf 69' lang='lat' dir='ltr'><strong>Graecorum.</strong></span> <span class='ocrx_word' id='word_1_386' title='bbox 1360 1408 1535 1441; x_wconf 78' lang='lat' dir='ltr'><strong>victoriam</strong></span> <span class='ocrx_word' id='word_1_387' title='bbox 1555 1406 1684 1448; x_wconf 79' lang='lat' dir='ltr'><strong>pende-</strong></span> 
     </span>
     <span class='ocr_line' id='line_1_75' title="bbox 989 1455 1684 1498; baseline -0.006 -6"><span class='ocrx_word' id='word_1_388' title='bbox 989 1470 1037 1492; x_wconf 91' lang='lat' dir='ltr'><strong>re.</strong></span> <span class='ocrx_word' id='word_1_389' title='bbox 1075 1460 1228 1492; x_wconf 80' lang='lat' dir='ltr'><strong>Britann.</strong></span> <span class='ocrx_word' id='word_1_390' title='bbox 1271 1458 1376 1498; x_wconf 80' lang='lat' dir='ltr'><strong>Sigoeo</strong></span> <span class='ocrx_word' id='word_1_391' title='bbox 1403 1458 1438 1488; x_wconf 77' lang='lat' dir='ltr'><strong>in</strong></span> <span class='ocrx_word' id='word_1_392' title='bbox 1461 1455 1604 1498; x_wconf 64' lang='lat' dir='ltr'><strong>pulvere}</strong></span> <span class='ocrx_word' id='word_1_393' title='bbox 1639 1455 1684 1489; x_wconf 76' lang='lat' dir='ltr'><strong>In</strong></span> 
     </span>
     <span class='ocr_line' id='line_1_76' title="bbox 990 1506 1684 1552; baseline -0.006 -10"><span class='ocrx_word' id='word_1_394' title='bbox 990 1520 1072 1552; x_wconf 84' lang='lat' dir='ltr'><strong>agro</strong></span> <span class='ocrx_word' id='word_1_395' title='bbox 1085 1510 1241 1551; x_wconf 85' lang='lat' dir='ltr'><strong>Trojano.</strong></span> <span class='ocrx_word' id='word_1_396' title='bbox 1285 1509 1389 1548; x_wconf 83' lang='lat' dir='ltr'><strong>Nam,</strong></span> <span class='ocrx_word' id='word_1_397' title='bbox 1402 1511 1440 1540; x_wconf 90' lang='lat' dir='ltr'><strong>ut</strong></span> <span class='ocrx_word' id='word_1_398' title='bbox 1461 1507 1619 1546; x_wconf 69' lang='lat' dir='ltr'><strong>diximus,</strong></span> <span class='ocrx_word' id='word_1_399' title='bbox 1632 1506 1684 1538; x_wconf 87' lang='lat' dir='ltr'><strong>Si-</strong></span> 
     </span>
     <span class='ocr_line' id='line_1_77' title="bbox 988 1555 1684 1600; baseline -0.001 -9"><span class='ocrx_word' id='word_1_400' title='bbox 988 1570 1098 1600; x_wconf 61' lang='lat' dir='ltr'><strong>gaeum</strong></span> <span class='ocrx_word' id='word_1_401' title='bbox 1120 1558 1390 1599; x_wconf 81' lang='lat' dir='ltr'><strong>promontorium</strong></span> <span class='ocrx_word' id='word_1_402' title='bbox 1408 1561 1461 1589; x_wconf 87' lang='lat' dir='ltr'><strong>est</strong></span> <span class='ocrx_word' id='word_1_403' title='bbox 1481 1557 1514 1588; x_wconf 83' lang='lat' dir='ltr'><strong>in</strong></span> <span class='ocrx_word' id='word_1_404' title='bbox 1529 1555 1684 1597; x_wconf 54' lang='lat' dir='ltr'><strong>agrem-</strong></span> 
     </span>
     <span class='ocr_line' id='line_1_78' title="bbox 989 1607 1686 1650; baseline -0.004 -9"><span class='ocrx_word' id='word_1_405' title='bbox 989 1610 1074 1650; x_wconf 89' lang='lat' dir='ltr'><strong>ensi,</strong></span> <span class='ocrx_word' id='word_1_406' title='bbox 1089 1614 1125 1641; x_wconf 91' lang='lat' dir='ltr'><strong>et</strong></span> <span class='ocrx_word' id='word_1_407' title='bbox 1140 1609 1220 1641; x_wconf 79' lang='lat' dir='ltr'><strong>urbs</strong></span> <span class='ocrx_word' id='word_1_408' title='bbox 1241 1609 1390 1649; x_wconf 78' lang='lat' dir='ltr'><strong>ejusdem</strong></span> <span class='ocrx_word' id='word_1_409' title='bbox 1405 1607 1546 1639; x_wconf 75' lang='lat' dir='ltr'><strong>nominis</strong></span> <span class='ocrx_word' id='word_1_410' title='bbox 1560 1607 1686 1647; x_wconf 58' lang='lat' dir='ltr'><strong>diuina,</strong></span> 
     </span>
     <span class='ocr_line' id='line_1_79' title="bbox 988 1659 1727 1701; baseline -0.004 -6"><span class='ocrx_word' id='word_1_411' title='bbox 988 1667 1027 1695; x_wconf 86' lang='lat' dir='ltr'><strong>ut</strong></span> <span class='ocrx_word' id='word_1_412' title='bbox 1042 1662 1160 1694; x_wconf 85' lang='lat' dir='ltr'><strong>scribit</strong></span> <span class='ocrx_word' id='word_1_413' title='bbox 1173 1660 1308 1694; x_wconf 77' lang='lat' dir='ltr'><strong>Strabo.</strong></span> <span class='ocrx_word' id='word_1_414' title='bbox 1354 1659 1622 1701; x_wconf 74' lang='lat' dir='ltr'><strong>Quantafsnera]</strong></span> <span class='ocrx_word' id='word_1_415' title='bbox 1641 1659 1684 1692; x_wconf 78' lang='lat' dir='ltr'><strong>ld</strong></span> <span class='ocrx_word' id='word_1_416' title='bbox 1724 1688 1727 1692; x_wconf 78' lang='grc'>,</span> 
     </span>
     <span class='ocr_line' id='line_1_80' title="bbox 989 1709 1684 1753; baseline -0.004 -10"><span class='ocrx_word' id='word_1_417' title='bbox 989 1716 1055 1753; x_wconf 86' lang='lat' dir='ltr'><strong>est,</strong></span> <span class='ocrx_word' id='word_1_418' title='bbox 1084 1721 1184 1753; x_wconf 85' lang='lat' dir='ltr'><strong>quam</strong></span> <span class='ocrx_word' id='word_1_419' title='bbox 1209 1710 1325 1742; x_wconf 54' lang='lat' dir='ltr'><strong>multas</strong></span> <span class='ocrx_word' id='word_1_420' title='bbox 1350 1709 1508 1742; x_wconf 81' lang='lat' dir='ltr'><strong>mulieres</strong></span> <span class='ocrx_word' id='word_1_421' title='bbox 1527 1709 1684 1750; x_wconf 64' lang='lat' dir='ltr'><strong>Trojano</strong></span> 
     </span>
     <span class='ocr_line' id='line_1_81' title="bbox 989 1759 1684 1802; baseline -0.004 -7"><span class='ocrx_word' id='word_1_422' title='bbox 989 1763 1148 1795; x_wconf 74' lang='lat' dir='ltr'><strong>amittent</strong></span> <span class='ocrx_word' id='word_1_423' title='bbox 1174 1760 1262 1794; x_wconf 80' lang='lat' dir='ltr'><strong>filios</strong></span> <span class='ocrx_word' id='word_1_424' title='bbox 1287 1770 1379 1799; x_wconf 79' lang='lat' dir='ltr'><strong>suos,</strong></span> <span class='ocrx_word' id='word_1_425' title='bbox 1401 1760 1460 1802; x_wconf 86' lang='lat' dir='ltr'><strong>qui</strong></span> <span class='ocrx_word' id='word_1_426' title='bbox 1482 1759 1526 1793; x_wconf 71' lang='lat' dir='ltr'><strong>ab</strong></span> <span class='ocrx_word' id='word_1_427' title='bbox 1550 1759 1684 1793; x_wconf 73' lang='lat' dir='ltr'><strong>Achille</strong></span> 
     </span>
     <span class='ocr_line' id='line_1_82' title="bbox 988 1810 1393 1844; baseline -0.007 0"><span class='ocrx_word' id='word_1_428' title='bbox 988 1811 1247 1844; x_wconf 86' lang='lat' dir='ltr'><strong>trucidabuntur</strong></span> <span class='ocrx_word' id='word_1_429' title='bbox 1262 1811 1274 1842; x_wconf 84' lang='lat'>?</span> <span class='ocrx_word' id='word_1_430' title='bbox 1295 1810 1393 1842; x_wconf 68' lang='lat' dir='ltr'><strong>Idem</strong></span> 
     </span>
    </p>

    <p class='ocr_par' dir='ltr' id='par_1_13' title="bbox 989 1859 1688 2543">
     <span class='ocr_line' id='line_1_83' title="bbox 1031 1859 1686 1902; baseline -0.002 -9"><span class='ocrx_word' id='word_1_431' title='bbox 1031 1864 1073 1893; x_wconf 87' lang='grc'><strong>89</strong></span> <span class='ocrx_word' id='word_1_432' title='bbox 1095 1859 1251 1901; x_wconf 79' lang='lat' dir='ltr'><strong>Impellet]</strong></span> <span class='ocrx_word' id='word_1_433' title='bbox 1273 1859 1354 1900; x_wconf 82' lang='lat' dir='ltr'><strong>Ipse</strong></span> <span class='ocrx_word' id='word_1_434' title='bbox 1375 1869 1476 1892; x_wconf 88' lang='lat' dir='ltr'><strong>manu</strong></span> <span class='ocrx_word' id='word_1_435' title='bbox 1491 1869 1553 1891; x_wconf 80' lang='lat' dir='ltr'><strong>sua</strong></span> <span class='ocrx_word' id='word_1_436' title='bbox 1567 1860 1686 1902; x_wconf 69' lang='lat' dir='ltr'><strong>Troja-</strong></span> 
     </span>
     <span class='ocr_line' id='line_1_84' title="bbox 989 1910 1684 1950; baseline -0.004 -5"><span class='ocrx_word' id='word_1_437' title='bbox 989 1921 1050 1945; x_wconf 82' lang='lat' dir='ltr'><strong>nos</strong></span> <span class='ocrx_word' id='word_1_438' title='bbox 1061 1921 1174 1944; x_wconf 86' lang='lat' dir='ltr'><strong>muros</strong></span> <span class='ocrx_word' id='word_1_439' title='bbox 1190 1910 1377 1943; x_wconf 81' lang='lat' dir='ltr'><strong>concutiet.</strong></span> <span class='ocrx_word' id='word_1_440' title='bbox 1398 1910 1545 1943; x_wconf 75' lang='lat' dir='ltr'><strong>Nostros</strong></span> <span class='ocrx_word' id='word_1_441' title='bbox 1559 1920 1684 1950; x_wconf 85' lang='lat' dir='ltr'><strong>muros,</strong></span> 
     </span>
     <span class='ocr_line' id='line_1_85' title="bbox 990 1959 1685 2001; baseline -0.003 -7"><span class='ocrx_word' id='word_1_442' title='bbox 990 1972 1010 1993; x_wconf 87' lang='lat' dir='ltr'><strong>a</strong></span> <span class='ocrx_word' id='word_1_443' title='bbox 1033 1971 1087 1994; x_wconf 86' lang='lat' dir='ltr'><strong>me</strong></span> <span class='ocrx_word' id='word_1_444' title='bbox 1111 1970 1176 1993; x_wconf 86' lang='lat' dir='ltr'><strong>una</strong></span> <span class='ocrx_word' id='word_1_445' title='bbox 1199 1970 1274 1992; x_wconf 85' lang='lat' dir='ltr'><strong>cnm</strong></span> <span class='ocrx_word' id='word_1_446' title='bbox 1298 1959 1459 2001; x_wconf 73' lang='lat' dir='ltr'><strong>Apolline</strong></span> <span class='ocrx_word' id='word_1_447' title='bbox 1488 1959 1685 1992; x_wconf 72' lang='lat' dir='ltr'><strong>fabricatos.</strong></span> 
     </span>
     <span class='ocr_line' id='line_1_86' title="bbox 989 2009 1685 2051; baseline -0.004 -7"><span class='ocrx_word' id='word_1_448' title='bbox 989 2010 1107 2044; x_wconf 79' lang='lat' dir='ltr'><strong>fabula</strong></span> <span class='ocrx_word' id='word_1_449' title='bbox 1120 2010 1222 2043; x_wconf 79' lang='lat' dir='ltr'><strong>tradit</strong></span> <span class='ocrx_word' id='word_1_450' title='bbox 1233 2009 1424 2051; x_wconf 86' lang='lat' dir='ltr'><strong>Apollinem</strong></span> <span class='ocrx_word' id='word_1_451' title='bbox 1437 2013 1474 2042; x_wconf 84' lang='lat' dir='ltr'><strong>et</strong></span> <span class='ocrx_word' id='word_1_452' title='bbox 1486 2010 1685 2051; x_wconf 73' lang='lat' dir='ltr'><strong>Neptunum</strong></span> 
     </span>
     <span class='ocr_line' id='line_1_87' title="bbox 992 2059 1688 2101; baseline -0.007 -8"><span class='ocrx_word' id='word_1_453' title='bbox 992 2071 1012 2093; x_wconf 87' lang='lat' dir='ltr'><strong>a</strong></span> <span class='ocrx_word' id='word_1_454' title='bbox 1027 2060 1260 2093; x_wconf 81' lang='lat' dir='ltr'><strong>Laomedonte</strong></span> <span class='ocrx_word' id='word_1_455' title='bbox 1269 2059 1488 2100; x_wconf 76' lang='lat' dir='ltr'><strong>Trojanomm</strong></span> <span class='ocrx_word' id='word_1_456' title='bbox 1504 2069 1586 2101; x_wconf 79' lang='lat' dir='ltr'><strong>rege</strong></span> <span class='ocrx_word' id='word_1_457' title='bbox 1599 2069 1688 2092; x_wconf 78' lang='lat' dir='ltr'><strong>mer.</strong></span> 
     </span>
     <span class='ocr_line' id='line_1_88' title="bbox 992 2109 1686 2151; baseline -0.003 -7"><span class='ocrx_word' id='word_1_458' title='bbox 992 2111 1077 2144; x_wconf 83' lang='lat' dir='ltr'><strong>cede</strong></span> <span class='ocrx_word' id='word_1_459' title='bbox 1106 2110 1294 2143; x_wconf 83' lang='lat' dir='ltr'><strong>conductos</strong></span> <span class='ocrx_word' id='word_1_460' title='bbox 1318 2110 1483 2151; x_wconf 65' lang='lat' dir='ltr'><strong>&#39;trojanos</strong></span> <span class='ocrx_word' id='word_1_461' title='bbox 1504 2119 1617 2143; x_wconf 68' lang='lat' dir='ltr'><strong>mmo·</strong></span> <span class='ocrx_word' id='word_1_462' title='bbox 1635 2109 1686 2142; x_wconf 78' lang='lat' dir='ltr'><strong>fa-</strong></span> 
     </span>
     <span class='ocr_line' id='line_1_89' title="bbox 992 2160 1687 2201; baseline 0 -8"><span class='ocrx_word' id='word_1_463' title='bbox 992 2162 1161 2201; x_wconf 79' lang='lat' dir='ltr'><strong>bricasse3</strong></span> <span class='ocrx_word' id='word_1_464' title='bbox 1183 2160 1376 2192; x_wconf 88' lang='lat' dir='ltr'><strong>mercedem</strong></span> <span class='ocrx_word' id='word_1_465' title='bbox 1389 2165 1505 2192; x_wconf 76' lang='lat' dir='ltr'><strong>autem</strong></span> <span class='ocrx_word' id='word_1_466' title='bbox 1516 2161 1687 2193; x_wconf 55' lang='lat' dir='ltr'><strong>aliamne-</strong></span> 
     </span>
     <span class='ocr_line' id='line_1_90' title="bbox 992 2210 1687 2252; baseline -0.003 -8"><span class='ocrx_word' id='word_1_467' title='bbox 992 2212 1097 2244; x_wconf 83' lang='lat' dir='ltr'><strong>doute</strong></span> <span class='ocrx_word' id='word_1_468' title='bbox 1110 2217 1269 2252; x_wconf 82' lang='lat' dir='ltr'><strong>negatam</strong></span> <span class='ocrx_word' id='word_1_469' title='bbox 1294 2220 1380 2247; x_wconf 77' lang='lat' dir='ltr'><strong>esse,</strong></span> <span class='ocrx_word' id='word_1_470' title='bbox 1396 2210 1486 2252; x_wconf 86' lang='lat' dir='ltr'><strong>quod</strong></span> <span class='ocrx_word' id='word_1_471' title='bbox 1502 2215 1687 2252; x_wconf 76' lang='lat' dir='ltr'><strong>propterea</strong></span> 
     </span>
     <span class='ocr_line' id='line_1_91' title="bbox 990 2259 1685 2302; baseline -0.003 -8"><span class='ocrx_word' id='word_1_472' title='bbox 990 2262 1107 2294; x_wconf 83' lang='lat' dir='ltr'><strong>fictum</strong></span> <span class='ocrx_word' id='word_1_473' title='bbox 1124 2265 1189 2300; x_wconf 88' lang='lat' dir='ltr'><strong>est,</strong></span> <span class='ocrx_word' id='word_1_474' title='bbox 1204 2261 1283 2302; x_wconf 84' lang='lat' dir='ltr'><strong>quia</strong></span> <span class='ocrx_word' id='word_1_475' title='bbox 1298 2259 1492 2291; x_wconf 86' lang='lat' dir='ltr'><strong>Laomedon</strong></span> <span class='ocrx_word' id='word_1_476' title='bbox 1515 2260 1685 2292; x_wconf 74' lang='lat' dir='ltr'><strong>decretam</strong></span> 
     </span>
     <span class='ocr_line' id='line_1_92' title="bbox 989 2308 1685 2353; baseline -0.001 -10"><span class='ocrx_word' id='word_1_477' title='bbox 989 2312 1167 2353; x_wconf 89' lang='lat' dir='ltr'><strong>pecuniam</strong></span> <span class='ocrx_word' id='word_1_478' title='bbox 1183 2311 1217 2342; x_wconf 87' lang='lat' dir='ltr'><strong>iu</strong></span> <span class='ocrx_word' id='word_1_479' title='bbox 1239 2309 1442 2350; x_wconf 83' lang='lat' dir='ltr'><strong>templorum</strong></span> <span class='ocrx_word' id='word_1_480' title='bbox 1459 2308 1627 2350; x_wconf 82' lang='lat' dir='ltr'><strong>Apollinis</strong></span> <span class='ocrx_word' id='word_1_481' title='bbox 1649 2314 1685 2342; x_wconf 80' lang='lat' dir='ltr'><strong>et</strong></span> 
     </span>
     <span class='ocr_line' id='line_1_93' title="bbox 991 2358 1684 2402; baseline -0.006 -8"><span class='ocrx_word' id='word_1_482' title='bbox 991 2360 1145 2402; x_wconf 87' lang='lat' dir='ltr'><strong>Neptuni</strong></span> <span class='ocrx_word' id='word_1_483' title='bbox 1174 2358 1435 2391; x_wconf 79' lang='lat' dir='ltr'><strong>aedificationem</strong></span> <span class='ocrx_word' id='word_1_484' title='bbox 1472 2358 1514 2391; x_wconf 82' lang='lat' dir='ltr'><strong>ad</strong></span> <span class='ocrx_word' id='word_1_485' title='bbox 1543 2359 1684 2391; x_wconf 83' lang='lat' dir='ltr'><strong>bellicos</strong></span> 
     </span>
     <span class='ocr_line' id='line_1_94' title="bbox 991 2409 1685 2450; baseline -0.003 -7"><span class='ocrx_word' id='word_1_486' title='bbox 991 2420 1071 2443; x_wconf 87' lang='lat' dir='ltr'><strong>usus</strong></span> <span class='ocrx_word' id='word_1_487' title='bbox 1088 2409 1272 2442; x_wconf 84' lang='lat' dir='ltr'><strong>transtulit.</strong></span> <span class='ocrx_word' id='word_1_488' title='bbox 1295 2409 1471 2440; x_wconf 58' lang='lat' dir='ltr'><strong>Maturare.</strong></span> <span class='ocrx_word' id='word_1_489' title='bbox 1518 2409 1621 2450; x_wconf 76' lang='lat' dir='ltr'><strong>Opem</strong></span> <span class='ocrx_word' id='word_1_490' title='bbox 1639 2411 1685 2441; x_wconf 73' lang='lat' dir='ltr'><strong>ir-</strong></span> 
     </span>
     <span class='ocr_line' id='line_1_95' title="bbox 990 2458 1686 2502; baseline -0.004 -9"><span class='ocrx_word' id='word_1_491' title='bbox 990 2461 1071 2502; x_wconf 80' lang='lat' dir='ltr'><strong>rita]</strong></span> <span class='ocrx_word' id='word_1_492' title='bbox 1099 2459 1230 2493; x_wconf 80' lang='lat' dir='ltr'><strong>Quibus</strong></span> <span class='ocrx_word' id='word_1_493' title='bbox 1247 2458 1330 2490; x_wconf 85' lang='lat' dir='ltr'><strong>nihil</strong></span> <span class='ocrx_word' id='word_1_494' title='bbox 1346 2458 1547 2499; x_wconf 76' lang='lat' dir='ltr'><strong>proderunt,</strong></span> <span class='ocrx_word' id='word_1_495' title='bbox 1559 2458 1651 2500; x_wconf 81' lang='lat' dir='ltr'><strong>quod</strong></span> <span class='ocrx_word' id='word_1_496' title='bbox 1665 2467 1686 2490; x_wconf 79' lang='lat' dir='ltr'><strong>a</strong></span> 
     </span>
     <span class='ocr_line' id='line_1_96' title="bbox 992 2508 1502 2543; baseline -0.006 -1"><span class='ocrx_word' id='word_1_497' title='bbox 992 2511 1058 2543; x_wconf 90' lang='lat' dir='ltr'><strong>diis</strong></span> <span class='ocrx_word' id='word_1_498' title='bbox 1073 2509 1201 2542; x_wconf 83' lang='lat' dir='ltr'><strong>fuerint</strong></span> <span class='ocrx_word' id='word_1_499' title='bbox 1215 2508 1384 2541; x_wconf 84' lang='lat' dir='ltr'><strong>instructi.</strong></span> <span class='ocrx_word' id='word_1_500' title='bbox 1406 2509 1502 2540; x_wconf 77' lang='lat' dir='ltr'><strong>Idem.</strong></span> 
     </span>
    </p>

    <p class='ocr_par' dir='ltr' id='par_1_14' title="bbox 1034 2558 1683 2606">
     <span class='ocr_line' id='line_1_97' title="bbox 1034 2558 1683 2606; baseline -0.006 -12"><span class='ocrx_word' id='word_1_501' title='bbox 1034 2563 1077 2593; x_wconf 83' lang='lat'><strong>90</strong></span> <span class='ocrx_word' id='word_1_502' title='bbox 1098 2560 1205 2606; x_wconf 48' lang='lat' dir='ltr'><strong>Peleu‘</strong></span> <span class='ocrx_word' id='word_1_503' title='bbox 1216 2559 1297 2601; x_wconf 78' lang='lat' dir='ltr'><strong>jum]</strong></span> <span class='ocrx_word' id='word_1_504' title='bbox 1323 2558 1454 2595; x_wconf 84' lang='lat' dir='ltr'><strong>Nolito,</strong></span> <span class='ocrx_word' id='word_1_505' title='bbox 1469 2558 1591 2599; x_wconf 88' lang='lat' dir='ltr'><strong>inquit,</strong></span> <span class='ocrx_word' id='word_1_506' title='bbox 1605 2567 1683 2590; x_wconf 85' lang='lat' dir='ltr'><strong>con-</strong></span> 
     </span>
    </p>
   </div>
   <div class='ocr_carea' id='block_1_5' title="bbox 991 2602 1755 2651">
    <p class='ocr_par' dir='ltr' id='par_1_15' title="bbox 991 2602 1755 2651">
     <span class='ocr_line' id='line_1_98' title="bbox 991 2602 1755 2651; baseline -0.001 -10"><span class='ocrx_word' id='word_1_507' title='bbox 991 2610 1088 2651; x_wconf 87' lang='lat' dir='ltr'><strong>queri</strong></span> <span class='ocrx_word' id='word_1_508' title='bbox 1116 2608 1204 2650; x_wconf 88' lang='lat' dir='ltr'><strong>quod</strong></span> <span class='ocrx_word' id='word_1_509' title='bbox 1233 2607 1366 2640; x_wconf 85' lang='lat' dir='ltr'><strong>mortali</strong></span> <span class='ocrx_word' id='word_1_510' title='bbox 1389 2607 1544 2648; x_wconf 79' lang='lat' dir='ltr'><strong>nupseris</strong></span> <span class='ocrx_word' id='word_1_511' title='bbox 1566 2608 1687 2647; x_wconf 89' lang='lat' dir='ltr'><strong>Peleo,</strong></span> <span class='ocrx_word' id='word_1_512' title='bbox 1751 2602 1755 2606; x_wconf 63' lang='grc'><strong>”</strong></span> 
     </span>
    </p>
   </div>
   <div class='ocr_carea' id='block_1_6' title="bbox 991 2657 1687 2851">
    <p class='ocr_par' dir='ltr' id='par_1_16' title="bbox 991 2657 1687 2851">
     <span class='ocr_line' id='line_1_99' title="bbox 991 2657 1685 2696; baseline -0.001 -5"><span class='ocrx_word' id='word_1_513' title='bbox 991 2659 1096 2691; x_wconf 91' lang='lat' dir='ltr'><strong>nolito</strong></span> <span class='ocrx_word' id='word_1_514' title='bbox 1118 2658 1233 2690; x_wconf 89' lang='lat' dir='ltr'><strong>dolere</strong></span> <span class='ocrx_word' id='word_1_515' title='bbox 1255 2657 1436 2688; x_wconf 85' lang='lat' dir='ltr'><strong>minoribus</strong></span> <span class='ocrx_word' id='word_1_516' title='bbox 1459 2657 1628 2696; x_wconf 86' lang='lat' dir='ltr'><strong>thalamis,</strong></span> <span class='ocrx_word' id='word_1_517' title='bbox 1651 2658 1685 2690; x_wconf 90' lang='lat' dir='ltr'><strong>id</strong></span> 
     </span>
     <span class='ocr_line' id='line_1_100' title="bbox 992 2699 1687 2749; baseline -0.001 -9"><span class='ocrx_word' id='word_1_518' title='bbox 992 2713 1057 2749; x_wconf 89' lang='lat' dir='ltr'><strong>est,</strong></span> <span class='ocrx_word' id='word_1_519' title='bbox 1083 2707 1254 2741; x_wconf 83' lang='lat' dir='ltr'><strong>humiliori</strong></span> <span class='ocrx_word' id='word_1_520' title='bbox 1274 2699 1485 2739; x_wconf 79' lang='lat' dir='ltr'><strong>matrimonio</strong></span> <span class='ocrx_word' id='word_1_521' title='bbox 1507 2711 1544 2739; x_wconf 86' lang='lat' dir='ltr'><strong>et</strong></span> <span class='ocrx_word' id='word_1_522' title='bbox 1564 2707 1687 2740; x_wconf 85' lang='lat' dir='ltr'><strong>minori</strong></span> 
     </span>
     <span class='ocr_line' id='line_1_101' title="bbox 992 2756 1686 2798; baseline -0.001 -7"><span class='ocrx_word' id='word_1_523' title='bbox 992 2758 1115 2791; x_wconf 85' lang='lat' dir='ltr'><strong>marito</strong></span> <span class='ocrx_word' id='word_1_524' title='bbox 1140 2766 1240 2798; x_wconf 86' lang='lat' dir='ltr'><strong>quam</strong></span> <span class='ocrx_word' id='word_1_525' title='bbox 1271 2761 1307 2790; x_wconf 84' lang='lat' dir='ltr'><strong>tu</strong></span> <span class='ocrx_word' id='word_1_526' title='bbox 1333 2756 1486 2795; x_wconf 84' lang='lat' dir='ltr'><strong>mereris,</strong></span> <span class='ocrx_word' id='word_1_527' title='bbox 1515 2759 1618 2798; x_wconf 81' lang='lat' dir='ltr'><strong>teque</strong></span> <span class='ocrx_word' id='word_1_528' title='bbox 1641 2766 1686 2790; x_wconf 80' lang='lat' dir='ltr'><strong>ex</strong></span> 
     </span>
     <span class='ocr_line' id='line_1_102' title="bbox 991 2805 1686 2851; baseline -0.004 -10"><span class='ocrx_word' id='word_1_529' title='bbox 991 2807 1078 2841; x_wconf 80' lang='lat' dir='ltr'><strong>Jove</strong></span> <span class='ocrx_word' id='word_1_530' title='bbox 1094 2806 1268 2851; x_wconf 81' lang='lat' dir='ltr'><strong>peperisse</strong></span> <span class='ocrx_word' id='word_1_531' title='bbox 1282 2805 1451 2847; x_wconf 74' lang='lat' dir='ltr'><strong>existima,</strong></span> <span class='ocrx_word' id='word_1_532' title='bbox 1467 2805 1567 2839; x_wconf 83' lang='lat' dir='ltr'><strong>sicuti</strong></span> <span class='ocrx_word' id='word_1_533' title='bbox 1581 2815 1686 2850; x_wconf 70' lang='lat' dir='ltr'><strong>pepe-</strong></span> 
     </span>
    </p>
   </div>
  </div>
 </body>
</html>
