1878 3164
285 222 399 264 1970

285 336 486 369 prosperum
502 326 693 368 augurium.
728 324 854 367 Virgil.
869 326 878 343 ⁸
892 325 985 358 Eece

286 379 410 410 iterum
432 376 607 409 stimulat!
629 377 727 408 Idem.

326 430 391 460 218
414 427 505 459 Solus
527 436 579 458 eo.-
601 430 694 467 atque
715 426 807 467 adeo]
833 425 872 456 ln
896 426 985 467 opti-

284 477 348 510 mis
364 477 587 518 pluribusque
603 477 722 508 video:
747 476 840 508 Solus
864 486 910 516 eo,
935 486 984 507 so-

284 529 345 560 lus.
360 527 446 559 venit
461 527 524 559 ille.
558 527 696 567 Neque
718 527 817 558 aliter
832 525 983 558 scriben-

285 577 377 609 dum.
420 577 477 609 Sic
504 586 629 618 suprax
653 577 663 594 ⁴
681 577 821 608 Sacrum
840 585 982 612 amnem,

285 627 445 660 sacrum?
478 626 635 658 Alterum
651 626 892 664 condiderunt,
908 625 983 666 qui-

284 677 349 709 bus
373 678 558 718 abruptum
581 676 784 708 videbatur:
807 677 890 708 venit
911 676 982 708 ille:

284 728 401 769 itaque
427 727 528 758 istam
554 727 805 758 commissuram
832 727 983 767 interpo-

283 787 392 809 suere.
407 777 545 808 Gronov.
584 777 720 812 Quamt
732 777 881 817 habenas]
894 777 984 809 Qua-

284 827 312 859 si
339 827 451 859 denuo
475 826 699 867 Amphiaraus
725 832 919 858 revertatur
940 826 982 857 ad

283 886 440 918 superos,
457 876 547 918 quod
563 881 615 908 est
629 877 686 908 irae
703 876 877 916 indicium,
892 876 982 918 quod

283 927 469 959 tardabant
484 928 543 958 ire.
567 927 715 958 Lactant.
929 949 936 952 Α

324 980 387 1009 221
403 978 503 1009 Corde
514 976 617 1016 Deus]
634 976 685 1008 Ac
703 976 731 1007 si
747 976 851 1008 corde
865 985 981 1007 omnes

282 1027 474 1069 Apollinem
494 1030 554 1058 aut
572 1025 812 1066 Amphiaraum
835 1026 982 1066 recepis-

282 1083 369 1110 sent.
424 1076 539 1110 Corda
568 1075 739 1107 insidebat
767 1075 845 1106 talis
874 1074 981 1106 furor.

280 1127 462 1168 Virgilius:
486 1128 496 1145 ‘
515 1126 565 1157 Os
590 1124 758 1165 rabidum,
782 1124 856 1159 fera
877 1125 982 1157 corda

281 1176 446 1209 domans?
465 1176 582 1209 Barth.

323 1230 388 1259 226
410 1227 533 1259 Sortem
546 1226 680 1267 undique
692 1227 837 1267 poscunt]
860 1228 908 1259 Ut
927 1228 980 1259 vel

280 1282 390 1310 sortes
405 1278 545 1318 exigant
558 1276 613 1318 qui
627 1277 817 1308 mittantur.
833 1277 980 1310 Luceant.

278 1327 380 1359 Sorte
396 1327 496 1367 enim,
514 1326 604 1368 quod
621 1331 737 1358 notum
754 1326 851 1367 satis,
868 1328 979 1367 plera-

278 1386 345 1418 que
368 1377 545 1418 imprimis,
562 1386 637 1417 quae
659 1376 812 1407 militiam
837 1386 978 1408 concer-

278 1427 420 1464 nebant,
450 1431 589 1467 peracta
616 1430 707 1462 sunt,
734 1430 775 1457 et
797 1426 980 1467 creditum,

279 1477 381 1508 sortis
392 1477 529 1517 jactura
546 1476 672 1508 nemini
686 1475 759 1507 fieri
776 1476 946 1516 injuriam.

320 1530 383 1559 227
409 1527 533 1559 Gaudet
558 1526 593 1558 in
617 1525 774 1565 adversis]
798 1526 978 1558 Hactenus

277 1586 366 1618 pene
382 1578 529 1609 animum
547 1575 776 1616 despondens,
791 1580 978 1608 recreatur.

277 1628 326 1659 Ut
351 1628 473 1667 Virgil.
494 1627 504 1645 ‘
522 1626 638 1658 AEneae
668 1625 811 1656 tacitam
842 1630 978 1667 perten-

276 1681 351 1710 taut
368 1677 491 1718 gaudia
510 1675 682 1708 mentem!
710 1675 748 1708 V.
765 1675 868 1707 Schol.
911 1677 977 1708 Lo-

278 1736 338 1759 cus
354 1731 466 1766 autem
482 1726 691 1766 virgilianus
711 1724 754 1755 ad
776 1724 841 1756 ista
858 1735 976 1766 parum

275 1777 381 1810 facit:
415 1787 483 1809 non
514 1777 604 1808 enim
640 1776 876 1817 despondebat
905 1778 976 1809 ani-

276 1838 367 1860 mum
384 1828 519 1868 AEneas,
540 1831 578 1858 ut
604 1826 786 1867 Adrastus,
809 1837 909 1868 quem
932 1837 976 1859 ex

276 1878 337 1910 tali
365 1887 402 1910 re
429 1878 531 1909 etiam
559 1876 651 1917 apud
680 1875 814 1907 Inferos
843 1877 974 1918 pallore

274 1928 388 1959 induit
403 1927 494 1959 idem
511 1927 620 1958 Maro.
644 1927 762 1958 Barth.
807 1959 814 1965 ,

326 1981 390 2010 229
435 1977 579 2018 Foetura]
623 1978 793 2020 Equarum
830 1978 976 2012 soboles.

277 2030 425 2063 Lactant.
469 2064 472 2067 ¹

327 2082 390 2113 231
431 2079 576 2120 certare]
612 2079 723 2111 Cursu
753 2078 975 2111 contendere.

277 2129 375 2161 Idem.

317 2182 380 2213 233
419 2179 522 2219 Terga
553 2177 639 2219 boni]
671 2178 822 2210 Sessioni
862 2178 974 2211 utiles.

276 2229 376 2261 Idem.

316 2281 379 2312 234
404 2277 525 2317 Natus]
551 2277 764 2310 Naturaliter
785 2281 899 2318 aptus.
922 2278 974 2310 Id.

317 2332 382 2360 236
405 2329 475 2360 Nec
489 2330 574 2360 deest
588 2327 710 2368 coeptis]
733 2328 808 2359 Imo
830 2337 973 2359 consen-

273 2378 392 2411 tiebat.
413 2378 451 2410 V.
467 2377 570 2409 Schol.
609 2378 704 2409 Voce
721 2377 850 2417 pariter
866 2378 974 2408 utitur

271 2428 332 2459 lib.
348 2436 400 2459 xi.
425 2438 472 2459 vs.
488 2430 564 2458 276.
585 2427 595 2444 ‘
613 2428 726 2458 Deest
745 2427 884 2458 servitio
900 2427 973 2468 ple->

271 2476 357 2509 bes:
412 2477 452 2508 Iu
477 2477 607 2518 optimo
633 2482 744 2508 tamen
768 2476 887 2508 codice
913 2486 972 2508 ex-

272 2526 492 2568 pressissimis
508 2526 613 2557 literis
629 2526 694 2557 hoc
715 2526 790 2558 loco
806 2526 972 2568 scriptum

272 2581 343 2610 est:
378 2577 447 2608 Nec
474 2578 580 2608 deerat
608 2576 725 2616 coeptis.
770 2575 870 2609 Quod
894 2586 971 2618 pro-

268 2627 427 2659 nunciem
451 2626 699 2667 recipiendum,
722 2636 797 2657 cum
822 2627 971 2669 alioquin

270 2679 372 2709 unica
396 2676 526 2718 syllaba
549 2677 612 2707 hac
637 2676 758 2708 vocula
781 2680 910 2717 utatur,
933 2683 972 2708 ut

269 2729 326 2760 lib.
345 2737 427 2759 vm.
456 2737 503 2758 vs.
526 2729 601 2767 236.
655 2727 712 2758 Ita
730 2727 829 2758 Maro
856 2727 916 2759 lib.
934 2737 969 2759 x.

268 2780 415 2810 ‘,Deest
442 2777 514 2818 jam
546 2781 640 2809 terra
670 2775 787 2817 fugae.'
833 2778 971 2812 Lucret.

269 2829 327 2861 lib.
354 2838 378 2861 1.
412 2826 574 2858 ‘Talibus
604 2827 638 2858 in
668 2825 770 2858 rebus
799 2827 969 2860 communi

753 229 896 261 NOTAE
930 229 1192 262 VARIORUM
1226 228 1277 261 IN

1037 323 1156 356 deesse
1172 323 1296 356 saluti!
1318 322 1437 356 Barth.

1076 376 1139 406 237
1159 375 1212 406 Ad
1225 374 1346 415 Argoa]
1361 372 1485 406 Gentis
1499 375 1644 412 nostre„
1657 382 1746 416 qua-s

1034 424 1172 456 virtutis
1188 430 1264 456 erat
1279 425 1393 465 plena.
1415 424 1565 456 Lac-tant.

1076 477 1139 507 242
1163 474 1330 515 Nunquam
1343 477 1418 515 apta
1430 473 1545 505 latenti
1559 473 1669 506 Turba
1681 474 1738 509 do·

1033 523 1077 565 lo]
1103 524 1221 556 Lectio
1245 525 1322 557 baeo
1344 534 1364 556 a
1388 533 1488 556 manu
1510 523 1650 565 seriptis
1670 526 1738 557 est.

1034 576 1110 607 Nec
1131 576 1211 617 quin
1228 585 1389 617 germana
1411 575 1456 608 sit
1482 575 1661 617 quisquam
1680 584 1741 609 sa*

1033 635 1108 663 nus,
1125 629 1185 657 aut
1198 635 1259 666 pro
1272 635 1367 666 sano,
1377 625 1602 658 dubitaverit.
1634 625 1739 667 Vulg-

1032 675 1166 706 nondum
1180 677 1265 715 apta.
1286 675 1447 708 Bernart.

1075 726 1137 756 247
1165 724 1365 766 Imperiosus]
1387 725 1543 758 Crudelis
1571 728 1606 757 et
1628 724 1737 766 inipso
1793 763 1797 769 .

1032 774 1084 806 rio
1099 776 1350 817 quodammodo
1371 775 1529 808 abutens.
1573 775 1737 810 Claudite-

1034 835 1118 857 nus:
1150 827 1159 844 ‘
1176 827 1290 868 Eques
1317 826 1460 859 Gelonis
1486 824 1735 868 Imperiosior:

1033 876 1223 916 Strenuior,
1239 885 1373 917 nempe,
1389 881 1426 908 et
1442 875 1605 909 strictior.
1642 875 1653 894 ‘
1665 874 1736 912 Irn-

1032 926 1183 967 periuru’
1209 927 1319 968 jussio
1347 936 1425 958 cum
1461 927 1670 959 auctoritate
1697 929 1736 959 et

1032 974 1169 1008 effectu.
1215 977 1330 1008 Sedul.
1359 976 1418 1009 lib.
1437 985 1494 1008 ιιι.
1529 977 1732 1018 ‘Quantum

1031 1025 1166 1065 imperii
1184 1025 1371 1067 fertjussio
1387 1025 1541 1060 Christi!
1574 1026 1660 1060 Inde
1673 1026 1735 1065 ὗηζε

1027 1075 1167 1115 periosus
1182 1076 1359 1107 Paullinus
1374 1076 1597 1108 Petrocorius
1612 1076 1671 1108 lib.
1685 1085 1736 1110 ιν.

1032 1124 1075 1157 de
1100 1125 1141 1156 B.
1169 1126 1338 1157 Martinoz
1360 1126 1369 1143 ‘
1386 1124 1455 1161 fixa
1474 1126 1642 1158 rebellant
1665 1126 1734 1163 Im«,

1032 1177 1129 1217 perio
1139 1176 1295 1217 jumenta
1311 1176 1422 1210 truci.'
1443 1178 1561 1210 Barth.

1073 1229 1138 1258 249
1160 1226 1307 1267 Insuper]
1328 1227 1440 1268 Super
1454 1227 1594 1260 electos.
1615 1227 1712 1260 Lace.

1072 1278 1136 1307 260
1159 1278 1263 1317 Aptus
1291 1276 1435 1316 sundere]
1468 1275 1582 1316 Aptus
1609 1277 1734 1314 dandi..

1031 1326 1191 1358 consiliis.
1235 1325 1363 1366 Jactat]
1386 1326 1577 1360 Gloriatur.
1599 1327 1700 1366 Idem.

1072 1379 1134 1408 251
1153 1377 1228 1409 Non
1241 1377 1368 1409 cessisse
1380 1377 1483 1418 patri]
1499 1378 1573 1410 Dat
1588 1387 1732 1420 operam

1030 1434 1074 1457 ne
1090 1425 1247 1457 videatur
1261 1426 1352 1467 patri
1369 1436 1443 1459 esse
1459 1427 1641 1460 dissimilis.
1670 1429 1734 1471 Qva-

1029 1475 1102 1507 dine
1117 1475 1206 1516 deni]
1228 1476 1322 1508 Deni
1344 1476 1487 1508 comites
1501 1477 1653 1518 singulos
1669 1478 1733 1515 du-

1030 1535 1087 1560 ces
1103 1526 1347 1567 sequebantur,
1370 1532 1410 1560 ut
1432 1537 1508 1560 cum
1523 1527 1576 1559 his
1592 1527 1733 1570 triginta

1029 1576 1329 1617 proficiscerentur
1342 1577 1385 1608 ad
1398 1577 1534 1616 bellum,
1544 1577 1634 1620 quod
1645 1578 1734 1611 Tbe-

1030 1626 1126 1658 banis
1143 1627 1246 1658 etiam
1263 1628 1453 1668 potuissent
1470 1637 1534 1669 per
1550 1626 1639 1659 diem
1654 1627 1732 1666 hor-³

1028 1686 1139 1708 rorem
1155 1677 1331 1709 inducere.
1354 1677 1454 1710 Idem.

1070 1728 1134 1758 262
1155 1725 1296 1767 Agmen]
1319 1727 1367 1758 Hi
1396 1725 1497 1768 pauci
1526 1726 1630 1758 etiam
1660 1735 1728 1759 non

1027 1775 1288 1812 dormientibus,
1296 1781 1331 1808 et
1343 1776 1477 1808 diverso
1486 1775 1731 1817 pugnantibus,

1027 1826 1100 1858 sine
1114 1826 1217 1858 dubio
1233 1824 1458 1858 suffecissent.
1485 1827 1582 1858 Idem.

1070 1878 1132 1908 255
1160 1875 1302 1916 Gremio]
1327 1875 1403 1907 Hoc
1420 1879 1475 1907 est
1488 1874 1583 1907 fidei.
1605 1874 1706 1908 Idem.
1728 1892 1729 1895 ¹

1070 1930 1133 1962 257
1152 1927 1341 1969 Galeumque
1350 1926 1456 1967 subit]
1481 1926 1653 1961 Armatur.
1674 1926 1731 1962 Id.

1066 1979 1135 2008 ,258
1157 1978 1244 2008 Ense
1266 1976 1397 2017 gravat]
1420 1977 1497 2009 Non
1518 1976 1604 2008 dixit
1619 1977 1729 2014 donat,

1027 2026 1088 2058 sed
1121 2029 1258 2066 gravat:
1290 2026 1368 2068 quia
1399 2025 1608 2068 ponderosus
1638 2029 1727 2058 erat.

1028 2077 1127 2110 Idem.

1069 2130 1133 2160 259
1149 2126 1341 2168 Super-osque
1351 2124 1453 2167 sequi]
1469 2124 1577 2159 Quasi
1591 2124 1727 2166 impius.

1027 2177 1127 2209 Idem.

1068 2231 1132 2259 260
1157 2227 1242 2264 Quid
1264 2227 1361 2269 euim]
1382 2225 1650 2267 Interrogative.
1672 2225 1724 2266 ld.

1068 2279 1131 2309 265
1155 2276 1303 2317 Peracti]
1325 2274 1491 2308 Perfossi.
1513 2275 1612 2307 Idem.

1066 2330 1131 2359 269
1155 2327 1295 2358 cernitis
1309 2325 1466 2367 expositas
1487 2324 1573 2365 turpi
1587 2334 1724 2358 marcore

1022 2376 1162 2408 cohortes
1195 2377 1279 2418 (Pro
1310 2377 1412 2416 pudor
1421 2374 1455 2415 l)
1488 2374 1666 2414 Argolicas,
1689 2375 1726 2408 hi

1022 2435 1061 2458 ne
1076 2426 1144 2457 ausi
1159 2425 1296 2457 obsidere
1305 2424 1430 2467 portas]
1447 2423 1601 2455 Pessime
1617 2423 1661 2456 ab
1674 2424 1723 2456 in-

1023 2476 1320 2517 terpunctionibus
1347 2475 1507 2507 laborans
1536 2475 1655 2507 locus:
1684 2482 1723 2518 tu

1022 2526 1171 2558 rescribe
1184 2537 1193 2556 ι
1217 2525 1357 2557 Cernitr's
1369 2525 1527 2566 expositas
1539 2525 1626 2566 turpi
1639 2536 1722 2558 mnr-

1021 2586 1089 2608 core
1116 2576 1266 2615 cohortes,
1289 2575 1374 2616 (Pro
1394 2573 1535 2616 pudorl)
1555 2575 1723 2615 Argolicas

1021 2627 1055 2658 hi
1069 2636 1108 2658 ne
1121 2625 1191 2658 ausi
1204 2625 1343 2657 obsidere
1354 2629 1483 2666 portas?
1496 2635 1607 2667 neque
1619 2627 1723 2668 enim,

1021 2676 1112 2718 quod
1129 2675 1341 2717 ineptissime
1357 2676 1495 2717 vulgata
1507 2685 1578 2717 prse
1591 2686 1628 2709 se
1641 2676 1722 2718 fert,

1020 2736 1138 2758 somno
1168 2726 1283 2758 obruti
1312 2725 1430 2758 Graeci
1453 2725 1630 2768 jacebant,
1658 2727 1724 2767 sed,

1020 2776 1184 2808 Thebani.
1227 2777 1272 2807 Et
1287 2775 1486 2817 indignatur
1508 2782 1618 2817 vates,
1633 2786 1721 2819 sogn-

1023 2826 1180 2859 nolentos
1207 2825 1278 2862 hos,
1305 2835 1404 2858 ausos
1430 2824 1536 2859 fuisse
1560 2826 1718 2870 obsidere
