1878 3164
493 239 538 270 P.
570 236 762 269 PAPINH
794 236 959 269 STA'rn
993 237 1139 269 THEB.
1171 237 1270 269 1⁴13.
1293 238 1325 268 1.

170 333 345 377 justitiam
367 334 556 375 pateretur,
575 335 612 364 et
633 337 725 363 esset
747 331 783 363 in
804 340 876 362 ser-

174 393 277 417 mone
291 381 408 416 cornis.
431 381 628 414 Lactantius.

220 435 283 467 1⁹⁶
303 432 371 465 Hic
382 431 528 473 emper-at,
539 431 607 472 ille]
631 430 674 463 Id
687 435 754 471 est,
768 430 876 472 impe-

175 487 232 517 rat
244 481 438 520 monetes,
451 481 532 524 quia
545 480 648 513 fidem
664 480 789 522 fregit:
814 481 876 512 mi-

173 536 276 567 mtnr
302 531 502 575 Polynices,
526 530 607 573 quia
633 531 747 563 amisit
768 531 876 573 impe-

173 582 283 624 riur-3
304 586 342 615 et
357 591 500 615 necesse
515 586 570 615 est
586 582 722 624 populis
743 581 877 614 Theba-

173 639 305 674 norum,
328 632 392 664 sub
414 633 515 665 unius
544 632 701 674 imperio,
731 632 875 665 duorum

173 681 295 716 tinere
306 681 485 715 sevitiam.
509 682 608 715 Idem.

218 734 279 766 197
302 732 422 774 Rapidi
443 732 550 774 super]
575 733 766 765 Concilium
782 734 876 765 Deo·

172 787 247 816 runi
259 781 446 815 describit:
467 782 574 824 rapidi
585 786 700 815 autem
713 783 794 820 coeli,
808 784 830 816 i.
843 793 875 816 e.

174 831 342 866 volubilis.
364 832 464 866 Idem.

215 885 279 916 199
301 882 457 916 Interim-e
466 882 553 924 polo]
575 882 619 916 Id
646 887 697 915 est
715 883 877 915 secretio-

172 941 231 966 re:
254 932 327 965 sive
337 932 450 965 medio
462 933 506 965 ab
517 937 597 965 ortu
612 938 647 964 et
661 942 784 965 occasu
797 942 878 964 con-

172 982 325 1016 venturis
350 977 545 1014 numinibus
569 983 758 1024 spatiorum
784 986 878 1014 esset

173 1041 272 1074 aqua
299 1030 484 1064 distantia:
508 1032 606 1074 quasi
635 1031 678 1063 ud
705 1032 877 1073 quoddam

174 1083 251 1116 celi
274 1086 447 1115 secretum
462 1082 637 1114 numinum
653 1082 738 1114 ordo
754 1091 878 1114 couve-

171 1133 257 1167 niat.
269 1126 359 1165 Hinc
369 1131 591 1173 onmiajuxta]
601 1132 651 1164 Ut
663 1132 824 1164 ostendat
835 1132 878 1164 ad

173 1192 251 1216 eum
270 1183 349 1216 coeli
371 1183 483 1216 locum
504 1183 643 1215 numina
666 1182 879 1223 convenisse,

173 1234 229 1267 cui
236 1234 338 1278 juxta
352 1238 431 1266 sunt
443 1234 576 1273 omnia3
592 1234 626 1266 id
643 1237 707 1270 est,
723 1233 815 1265 uude
829 1233 879 1265 sic

174 1284 358 1317 videantur
372 1285 496 1325 omnia,
510 1288 670 1326 tanquam
679 1284 800 1325 juxta:
825 1293 878 1315 er-

176 1343 221 1376 go
236 1334 383 1366 medium
398 1334 477 1367 coeli
491 1334 603 1366 locum
620 1333 720 1366 dixit.
744 1333 845 1365 Idem·

214 1387 280 1419 8⁰⁰
301 1385 480 1427 Primaque
493 1383 704 1426 comumque]
725 1383 880 1416 Orientis

173 1443 381 1478 occasusque
411 1435 488 1467 loca
512 1434 691 1466 describit.
748 1432 881 1476 Effusa]

174 1483 317 1518 Potens.
362 1484 428 1518 Sub
453 1485 537 1517 omni
562 1485 629 1526 die]
651 1484 693 1516 Id
720 1489 785 1521 est,
816 1483 880 1516 sub

177 1534 270 1567 omni
285 1535 385 1568 caelo.
408 1535 508 1568 Idem.

215 1587 280 1618 201
296 1585 442 1626 Aram]
454 1585 496 1618 Id
509 1589 576 1626 est,
589 1585 612 1619 J
615 1585 763 1626 uppiter.
781 1585 881 1618 Idem.

217 1637 285 1680 2⁰4
308 1635 462 1668 Goeliooloe
475 1635 613 1676 veniam]
638 1635 677 1668 ld
688 1642 752 1671 est,
771 1635 881 1667 donec

173 1686 340 1729 anpiter
369 1690 532 1729 protensa
562 1695 664 1718 manu
686 1687 883 1719 hortaretur

174 1736 309 1770 veniam
325 1736 479 1777 sedendi.
508 1738 518 1754 ‘
530 1737 644 1769 Venia
658 1746 751 1778 saepe
763 1735 772 1753 ’
793 1737 883 1780 (baec

175 1785 266 1819 adde
281 1795 324 1818 ex
339 1785 582 1819 observatione
595 1787 634 1819 C.
646 1787 782 1819 Bartbii
795 1788 883 1819 hunc

171 1837 287 1870 locum
302 1837 475 1870 Lactantii
490 1847 535 1869 ex
558 1838 667 1869 veteri
682 1837 883 1880 Exemplari

139 1914 143 1919 .
175 1886 411 1932 restituentis)
431 1889 442 1908 ‘
458 1892 513 1920 est
532 1887 760 1922 beneficium.'
805 1889 884 1921 Vir·

176 1938 235 1988 gil.
256 1945 427 1979 ‘Orantes
442 1945 601 1978 veniam-³
623 1945 724 1978 Idem.
789 1963 791 1965 ·

217 1998 282 2029 2⁰6
303 1996 498 2039 Sentiacum]
530 1997 622 2030 Quia
650 1997 685 2028 in
713 1995 883 2029 inferiori-

179 2046 245 2080 bus
259 2047 354 2080 zonis
369 2047 513 2090 degunt,
527 2048 582 2079 vel
603 2049 660 2090 qni
677 2057 741 2079 nec
757 2052 884 2080 morta-

175 2097 239 2139 les,
252 2107 316 2130 nec
329 2097 446 2139 superi
460 2101 550 2129 sunt.
594 2097 732 2130 Summis
741 2097 883 2140 cognati]

175 2147 373 2180 Secundum
402 2148 617 2188 Lucretium,
646 2148 706 2190 qui
732 2148 817 2180 dicit
840 2157 883 2179 ex

175 2197 286 2233 udore
301 2203 404 2230 terrae
421 2198 566 2231 nebulas
580 2199 675 2239 oriri,
689 2208 732 2231 ex
749 2198 883 2231 nebulis

176 2247 298 2286 nubes,
322 2257 367 2280 ex
391 2247 540 2280 nubibus
568 2249 722 2290 pluvias:
747 2258 790 2280 ex
811 2249 884 2290 qui-

176 2298 241 2331 bus
270 2307 388 2330 amnes
417 2302 599 2340 augentur.
644 2299 740 2340 Virg.
769 2299 780 2317 ‘
797 2299 883 2331 caelo

176 2349 391 2392 gratissimus
405 2348 540 2381 amnis.’
567 2349 669 2382 Idem.

218 2402 283 2433 208
304 2399 412 2432 Aurea
426 2399 560 2442 templa]
575 2399 633 2431 Sic
649 2407 750 2430 manu
764 2407 884 2430 exara-

178 2454 233 2483 tus
249 2450 353 2483 etiam
379 2450 439 2482 ille
464 2450 564 2491 louge
581 2449 884 2491 praestautissimus

177 2499 311 2540 codex;
327 2509 392 2532 nec
408 2499 590 2542 quicquam
605 2499 732 2531 mutari
749 2508 809 2530 nos
826 2509 884 2540 pa-

177 2550 293 2583 timur.
335 2549 426 2582 Vide
441 2550 543 2582 Varr.
569 2549 668 2581 initio
694 2548 754 2580 lib.
770 2558 823 2580 vr.
841 2547 883 2578 de

178 2601 280 2643 Ling.
300 2601 379 2633 Lat.
414 2601 526 2632 Mixto
540 2598 718 2639 mqiestate]
740 2599 808 2640 Tot
823 2607 884 2629 nu-

177 2651 305 2684 minum
321 2651 503 2693 majestate
518 2649 747 2682 conveniente
759 2652 796 2680 et
812 2648 887 2689 pla·
902 2673 907 2678 .

179 2701 260 2734 cide
271 2701 497 2733 conventione
509 2705 733 2741 congruente.
750 2699 870 2732 Barth.

220 2753 285 2783 21⁸
313 2751 424 2784 Vocem
439 2751 517 2791 suto
530 2750 717 2792 sequuntur]
739 2750 887 2791 Eximie,

181 2799 211 2834 si
234 2801 418 2845 quicquam
433 2802 469 2835 in
492 2802 556 2835 boc
585 2810 716 2845 opere:
745 2800 886 2838 damnat

1522 229 1636 272 1779

927 330 1018 362 enim
1029 330 1158 363 diserte
1170 330 1309 372 impiam
1322 322 1533 372 quorundam
1546 332 1635 364 Stoi-

927 390 1045 413 corum
1054 380 1260 421 doctrinam,
1272 381 1372 422 trigis
1383 380 1446 413 fati
1458 382 1572 413 Deum
1584 383 1635 422 ip-

928 441 1002 464 sum
1018 431 1271 473 subjicientem,
1281 441 1358 463 cum
1369 431 1427 463 ille
1439 431 1634 463 liberrimus

927 481 1076 513 omnium
1092 491 1205 513 rerum
1222 485 1344 514 auctor
1357 485 1394 514 ct
1410 486 1508 514 actor
1524 485 1636 514 trans-

927 530 1055 563 cendat
1071 541 1148 564 cum
1159 531 1273 573 libuit,
1287 535 1325 564 et
1335 535 1474 573 rumpat
1485 532 1637 573 implexa

926 581 986 613 illa
1011 582 1149 623 agmina
1178 586 1216 615 et
1247 582 1419 615 volumina
1446 581 1533 622 fati;
1571 592 1637 614 nec

927 631 1036 664 fatum
1059 633 1170 674 ipsum
1192 632 1284 665 aliud
1307 632 1366 674 sit,
1386 642 1453 664 non
1471 642 1515 664 ex
1530 632 1636 673 Papi-

927 683 976 715 nii
992 684 1101 715 nostri
1114 684 1238 725 solum,
1248 683 1309 715 sed
1322 683 1436 725 magni
1450 682 1637 724 Augustini

927 738 1057 775 mente,
1077 734 1087 752 ‘
1101 743 1204 775 quam
1234 733 1367 765 sanctio
1391 738 1428 765 et
1450 733 1546 764 velut
1570 742 1636 764 vox

928 783 1054 816 divinae
1071 783 1222 815 mentis!
1246 784 1398 816 Bernart.

971 836 1035 866 214
1054 835 1222 866 Terrarum
1232 833 1364 874 delicta]
1373 834 1540 867 Queritur
1550 834 1573 867 J
1576 844 1594 865 u
1599 844 1636 875 p-

928 883 1022 925 piter
1045 883 1088 914 de
1103 884 1274 915 hominum
1297 883 1463 924 peccatis,
1477 893 1562 926 quos
1586 883 1638 915 di-

928 935 978 966 cit
1000 944 1183 976 superasse
1206 944 1243 966 se
1270 935 1390 974 malis3
1413 944 1492 966 narn
1517 933 1638 966 fortio-

929 995 984 1017 res
1009 985 1086 1017 illos
1108 985 1194 1017 dicit
1220 994 1296 1017 esse
1324 984 1368 1016 ad
1393 984 1638 1016 committenda

929 1042 1086 1077 peccata,
1114 1045 1216 1078 quam
1242 1045 1280 1067 se
1303 1034 1346 1067 ad
1373 1034 1637 1067 vindicandum:

929 1091 966 1119 et
982 1090 1227 1119 commemorat
1253 1096 1328 1128 quae
1353 1085 1443 1118 mala
1458 1086 1639 1118 commise-

929 1138 1010 1169 rint.
1039 1137 1189 1169 Lactant.

973 1190 1037 1221 217
1058 1189 1134 1219 Jam
1148 1187 1273 1228 pridem
1290 1186 1475 1229 Cyclopum]
1499 1186 1637 1229 Hyper·

928 1237 1187 1270 holm-dixerat
1213 1238 1260 1270 uti
1289 1237 1486 1269 fulminibus
1507 1247 1575 1268 non
1600 1237 1638 1269 li-

929 1289 1040 1328 bere3
1073 1288 1209 1320 addidit
1225 1291 1459 1328 augmentum,
1481 1292 1520 1318 ut
1546 1287 1641 1319 dicat

930 1339 1048 1371 deesse
1062 1337 1220 1370 fulmina.
1265 1337 1435 1379 Cyclopes
1452 1337 1542 1368 enim
1556 1336 1639 1369 fati-

931 1389 1004 1431 gati
1027 1393 1105 1421 sunt
1126 1388 1339 1430 suggerendo
1361 1386 1529 1427 fulmina3
1556 1397 1639 1429 ergo

930 1440 994 1471 hoc
1010 1439 1130 1472 taedet.
1154 1439 1256 1471 Idem.

973 1493 1038 1522 218
1060 1489 1175 1522 AEoliis
1188 1488 1368 1530 incudibus]
1383 1488 1502 1520 AEoliae
1517 1489 1639 1521 insulae

931 1541 1077 1573 Vulcani
1093 1539 1307 1572 domicilium
1324 1543 1360 1571 et
1375 1538 1512 1571 officina
1532 1538 1644 1571 credi·

933 1595 990 1630 tae,
1005 1591 1096 1622 unde
1123 1594 1160 1621 et
1185 1598 1306 1621 nomen
1319 1589 1568 1621 Vulcaniarum
1581 1590 1640 1620 ha-

932 1641 1095 1681 buerunt,
1112 1644 1203 1672 teste
1218 1640 1334 1672 Plinio
1354 1640 1414 1673 lib.
1438 1649 1496 1672 111.
1513 1650 1589 1681 cap.
1609 1643 1640 1671 8.

931 1691 985 1723 De
1008 1689 1154 1722 flammis
1180 1689 1261 1722 inde
1285 1690 1523 1722 eructantibus
1543 1695 1642 1722 tanta

934 1741 1049 1782 copia,
1080 1745 1119 1773 ut
1148 1740 1207 1772 uni
1235 1749 1350 1772 earum
1382 1745 1451 1772 tres
1478 1740 1641 1773 Crateres

932 1791 1014 1832 sint,
1031 1791 1109 1823 vide
1125 1800 1168 1822 ex
1184 1791 1332 1832 Polybio
1344 1795 1381 1822 et
1396 1791 1486 1830 aliis,
1501 1790 1645 1822 Strabo-

931 1851 1010 1874 nem
1028 1841 1087 1874 lib.
1104 1850 1155 1873 vr.
1180 1841 1392 1882 Pomponius
1407 1841 1504 1873 Mela
1518 1841 1580 1872 lib.
1597 1849 1640 1872 ιι.

932 1901 1009 1934 cap.
1039 1894 1072 1924 7.
1116 1892 1126 1910 ‘
1140 1891 1283 1933 Septem
1308 1891 1428 1923 insulae
1451 1900 1534 1933 quas
1554 1889 1642 1923 lEoli

932 1942 1122 1984 appellant,
1145 1941 1332 1982 Osteodes,
1358 1942 1501 1983 Lipara,
1533 1942 1642 1983 Didy-

932 2001 999 2032 me,
1028 1991 1246 2031 Pbaenicnsa,
1271 1991 1430 2033 Ericusa,
1456 1991 1580 2032 Hiera,
1607 1995 1644 2022 et

931 2042 1129 2084 Strongyle,
1144 2045 1185 2074 ut
1196 2041 1300 2073 AEtna
1309 2045 1480 2083 perpetuo
1494 2041 1644 2083 flagrant

932 2092 1035 2135 igne.’
1078 2092 1171 2124 Hinc
1206 2092 1372 2124 ‘incudes
1401 2091 1568 2124 Vulcani'
1601 2102 1642 2123 eo

933 2143 1081 2174 collocat
1108 2142 1233 2183 Papia.
1260 2142 1355 2184 quasi
1379 2142 1466 2182 ignis
1491 2142 1583 2174 desit
1598 2140 1642 2175 ad

931 2192 1132 2226 fabricanda
1149 2191 1305 2225 fulmina.
1337 2193 1455 2225 Barth.

976 2247 1041 2276 219
1062 2244 1169 2285 Atque
1184 2243 1254 2275 ideo
1265 2243 1414 2284 tuleram]
1439 2244 1563 2280 Deest,
1582 2252 1642 2284 pa.

934 2295 1084 2327 tienter:
1108 2298 1147 2325 ut
1161 2292 1327 2325 mundum
1353 2291 1511 2326 Phae'ton
1527 2292 1642 2328 incen-

934 2345 990 2377 dio
1007 2347 1256 2376 concremaret.
1280 2344 1427 2376 Lactant.

976 2397 1042 2427 222
1065 2394 1124 2427 Nil
1149 2393 1269 2435 actum]
1295 2393 1421 2435 Neque
1447 2393 1532 2425 illud
1563 2403 1645 2435 pro-

933 2444 1001 2478 fuit
1015 2445 1058 2477 ad
1079 2444 1352 2477 emendationem
1374 2443 1515 2477 humani
1538 2454 1642 2486 gene-

934 2495 991 2528 ris.
1025 2496 1210 2536 Neptunus
1226 2495 1316 2526 enim
1330 2494 1476 2536 impulsu
1492 2495 1642 2536 cuspidis

934 2545 1049 2586 coegit
1074 2544 1245 2576 excedere
1268 2543 1395 2576 fluctus
1420 2545 1574 2578 littorum
1594 2545 1642 2576 le·

934 2606 1022 2636 gem,
1052 2599 1089 2627 et
1126 2595 1301 2628 universas
1340 2599 1450 2626 terras
1483 2594 1641 2627 obruere.

934 2646 1030 2677 Dicit
1046 2655 1129 2686 ergo
1144 2645 1321 2686 suppum,
1336 2645 1384 2676 nil
1408 2645 1642 2677 emendationi

934 2695 1072 2726 humani
1102 2696 1237 2736 generis
1258 2693 1428 2737 profuisse
1459 2695 1641 2736 supplicia,

934 2756 1012 2779 cum
1042 2746 1254 2779 nihilomiuus
1283 2755 1430 2788 peccare
1457 2755 1524 2781 uon
1555 2745 1642 2780 desi,

935 2802 1028 2831 nant.
1054 2797 1151 2833 Idem.
