1878 3164
293 248 408 293 1938

295 353 451 386 ardentia
484 353 614 386 lumina
646 352 792 387 frustra:
838 353 993 396 Lumina,

294 412 371 436 nam
401 409 536 436 teneras
565 404 727 438 arcebant
756 404 893 437 vincula
921 405 993 446 pal·

294 454 512 487 mul-Idem.
556 471 560 476 -

339 507 401 536 151
426 504 639 546 stepidusque
650 505 777 544 ferebat
797 508 884 537 actor
897 505 993 547 idem]

293 554 612 587 Manifestissimum
637 555 808 596 mendum,
835 556 927 597 quod
950 563 995 587 ex

295 603 434 646 seriptis
459 604 555 636 libris
584 605 657 636 sine
683 605 753 636 ulla
778 605 995 637 haesitatione

295 655 483 687 ‘maculavi
495 666 504 687 z
527 654 857 696 trepidusqueserebat
866 654 995 687 Actori-

293 706 358 737 des.
404 705 484 736 Non
499 704 619 744 firmo;
648 712 724 737 cum
740 704 909 736 nemiuem
923 709 994 736 tam

294 757 450 798 ineptum
471 756 624 789 futurum
639 761 825 797 autumem,
840 755 900 798 qui
922 756 995 787 vul-

295 811 410 846 getam
437 806 600 847 spuriam,
623 809 772 837 nostram
797 812 995 847 germanam

295 865 363 888 non
375 855 506 888 credat.
531 856 684 888 Rerum.

339 908 402 938 154
439 906 515 938 Non
543 903 719 947 expectato]
759 904 995 937 Revoeantum

298 966 395 988 more
412 956 571 988 tubarum
586 966 595 988 ε
618 963 717 987 nemo
734 955 823 986 euim
839 954 995 987 militaris

295 1007 381 1048 legis
411 1010 627 1039 sacramenta
655 1005 818 1046 servavit,
842 1014 886 1037 ne
912 1010 994 1039 ante

296 1057 419 1098 pedem
435 1066 456 1087 a
471 1055 809 1097 praelioretraheret,
824 1062 925 1097 quam
941 1063 994 1087 re-

296 1107 414 1149 ceptui
429 1111 622 1139 caneretur.
667 1105 735 1138 Sed
761 1105 822 1137 tali
842 1105 994 1146 legiones

296 1158 443 1190 turbatae
459 1157 597 1198 nuncio,
609 1156 897 1198 neglectis‚dicit,
908 1164 994 1197 prte-

295 1208 407 1249 ceptis
424 1212 459 1239 et
473 1207 636 1247 religione
658 1206 788 1238 militiae
815 1206 994 1239 verteban-

295 1261 353 1290 tur
365 1257 398 1289 in
414 1257 542 1299 fugam.
563 1256 709 1289 Laetam.

339 1310 402 1339 1⁵6
429 1308 541 1339 Genua
555 1306 655 1347 viros]
677 1306 854 1338 solutione
869 1306 995 1347 pedum

294 1356 403 1389 nimio.
410 1357 531 1389 timore
543 1366 653 1398 genua
667 1356 883 1396 languebant·
891 1360 926 1387 et
936 1365 994 1388 ne-

295 1407 425 1448 gabant
440 1417 591 1448 cui-sum,
610 1410 648 1438 ut
662 1406 786 1447 Vin-gil.
800 1406 810 1424 ‘
822 1415 932 1447 genua
946 1401 994 1439 la-

295 1457 401 1489 bant!
423 1457 524 1489 Idem.
778 1468 779 1474 ¹

338 1508 401 1539 158
423 1507 493 1539 Nec
508 1508 616 1539 tollere
628 1506 744 1538 lumina
759 1505 859 1547 terra]
873 1505 916 1538 Id
928 1510 995 1548 est,

292 1561 392 1591 tanto
406 1561 505 1590 erant
517 1557 670 1590 inclinsti
682 1561 838 1597 terrore,
853 1561 892 1589 ut
913 1566 993 1589 ocu-

294 1609 346 1641 los
362 1618 382 1640 a
397 1612 490 1640 terra
504 1608 619 1640 levare
635 1616 702 1638 non
716 1611 874 1648 possent.
896 1607 995 1639 Idem.

340 1662 402 1691 160
427 1660 557 1690 Foedere
574 1655 689 1699 parvo]
723 1657 994 1699 Interpositione

294 1710 390 1751 pacis
405 1709 560 1741 modicae.
584 1708 683 1740 Idem.

337 1762 400 1792 162
425 1759 505 1795 Quae
529 1757 590 1789 tibi
613 1761 687 1789 tunc
699 1756 818 1798 facies]
849 1757 928 1789 Non
943 1760 996 1790 est

295 1817 394 1852 quem
421 1809 616 1850 alloquatur
637 1807 702 1838 hoc
726 1806 801 1839 loco
815 1806 995 1847 Papinius,

291 1859 523 1892 Consentiunt
544 1858 578 1890 in
599 1856 816 1889 manifestum
835 1857 993 1889 mendum

295 1918 412 1941 omnes
438 1908 556 1949 scripti
586 1907 743 1949 editique
761 1906 852 1940 libri.
894 1907 993 1939 Solus

292 1960 351 1992 ille
372 1959 522 2001 optimus
544 1957 609 1990 hoc
632 1958 736 1989 etiam
759 1957 836 1989 lbco
858 1957 994 1990 Verita-

294 2013 364 2041 tem
391 2009 545 2041 amissam
576 2008 738 2040 restituit.
781 2007 881 2040 Clare
903 2008 993 2040 euim

292 2059 330 2091 in
345 2069 386 2091 eo
402 2059 567 2100 scriptum
582 2058 730 2099 legitur:
757 2059 841 2091 Tunc
860 2058 906 2090 ibt
924 2068 993 2100 quoe

284 2109 403 2152 facies,
423 2112 587 2150 postqum
601 2109 752 2149 permissa
767 2109 914 2148 gemendi
933 2110 992 2141 Co-

289 2160 370 2202 pia?
392 2160 556 2191 Mulieres
579 2162 706 2198 autem,
721 2168 788 2190 nou
812 2159 916 2200 viros,
933 2168 993 2200 pa-

294 2220 400 2252 ganos
416 2210 559 2250 aliquos,
574 2218 640 2240 non
656 2208 786 2240 milites
801 2208 874 2240 hoec
889 2208 993 2240 animi

292 2259 421 2292 fractio
447 2260 582 2291 deceat.
637 2259 682 2290 Et
707 2258 803 2289 valde
830 2258 931 2290 etiam
956 2259 992 2290 in

292 2311 359 2342 hoc
388 2310 590 2352 requirimus
617 2307 904 2340 considerantiam
930 2308 992 2340 liu·

287 2360 346 2402 jus
359 2359 483 2401 optimi
499 2358 687 2399 scriptoris.
711 2357 827 2389 Barth.

336 2413 398 2441 168
422 2411 468 2440 Et
494 2408 650 2451 qfflantes]
690 2408 896 2449 Expirantes
921 2407 991 2439 ani·

291 2469 394 2491 mam.
444 2459 654 2490 Inter-nectere
678 2457 805 2500 plagas]
836 2458 991 2489 Insnere.

291 2509 440 2542 Lactant.

334 2563 399 2592 169
420 2559 638 2600 Alimentaque
661 2557 753 2599 bello]
775 2559 825 2590 Ut
840 2558 919 2590 cibo
935 2568 988 2590 re-

290 2609 435 2642 ficerent
457 2609 557 2650 vires,
581 2612 724 2665 propter
737 2607 887 2640 futuram
903 2617 989 2650 pug-

288 2668 379 2691 nam.
402 2658 502 2690 Idem.

334 2711 396 2742 175
414 2708 520 2741 Antra
534 2707 692 2749 lacusque]
714 2707 896 2750 Subaudis,
909 2707 989 2740 Am-

291 2760 431 2802 phiarao
446 2759 618 2801 praestitit.
646 2759 745 2792 Idem.

334 2812 396 2842 177
421 2809 503 2846 Quis
521 2809 614 2850 mihi]
637 2807 715 2842 Hoc
730 2813 796 2850 est,
818 2809 893 2852 quis
908 2807 987 2840 mihi

748 258 892 292 No'rAE
923 257 1190 293 vAluoRUM
1222 260 1276 292 ΙΝ

1048 352 1225 395 proferet
1217 363 1252 386 m
1267 353 1460 395 οωίιιίδιιες
1483 356 1543 388 aut
1557 358 1746 398 certem·

1046 402 1137 437 feret
1149 405 1360 437 voluntatem
1378 405 1545 444 Deorum,
1559 405 1749 474 augustei·-

1047 456 1245 496 terempto?
1262 455 1361 488 Idem.
1435 470 1441 475 ·

1091 507 1168 537 178
1176 505 1341 546 Proseret]
1372 504 1534 547 Propitii,
1562 504 1694 550 dit-tunt
1720 513 1747 538 ἰ

1048 553 1059 572 ⁸
1075 553 1245 587 sinendo.'
1268 555 1323 587 Sic
1337 559 1373 587 et
1389 555 1511 597 virgil.
1525 556 1536 573 ⁶
1552 553 1747 588 sinistrum·

1046 602 1135 635 dixit
1159 604 1193 636 in
1217 603 1306 637 bono
1329 604 1486 647 augurio:
1526 606 1538 624 ⁶
1555 605 1657 639 Quod
1677 605 1747 638 nisi

1045 662 1100 686 me
1116 662 1330 697 quacumque
1354 663 1472 688 novas.
1483 655 1633 688 incidere
1655 655 1746 695 lites,

1046 702 1139 736 Ante
1155 704 1291 737 sinistra
1305 713 1396 736 cava·
1407 705 1593 738 monuisset
1606 705 1651 738 ab
1665 705 1745 739 mee

1046 755 1165 786 cornix
1177 754 1200 787 :²
1222 755 1425 798 “sinistraq-
1439 755 1475 788 id
1496 760 1562 798 est,
1585 755 1746 798 propitie-

1046 804 1148 838 Idem.

1071 858 1152 888 -186
1187 855 1388 898 Advemque
1415 856 1509 897 sig-m
1529 855 1667 900 wmn‘]
1688 857 1744 891 ld

1044 909 1110 948 est,
1125 906 1215 938 ultro
1230 907 1347 939 hostes
1369 907 1412 939 ad
1431 911 1606 941 certamen
1621 914 1746 941 eonve-

1045 956 1144 989 casti.
1174 957 1276 989 Idem.

1088 1009 1151 1038 19⁰
1189 1007 1360 1048 Rumpere
1394 1006 1498 1049 term]
1545 1006 1743 1047 mirantum

1044 1059 1214 1088 mortuum
1262 1056 1353 1089 enim
1398 1063 1498 1089 nemo
1546 1053 1744 1124 competiit:

1045 1105 1147 1139 Idem.

1088 1159 1151 1189 192
1175 1158 1221 1189 Et
1246 1158 1313 1191 vice
1339 1157 1497 1200 concordi]
1520 1158 1567 1190 Et
1589 1154 1680 1191 hune
1704 1157 1745 1191 11

1043 1207 1171 1239 beuter
1191 1206 1263 1240 fata
1298 1212 1525 1251 susceperunt
1550 1213 1747 1251 preceptu-

1044 1265 1129 1288 rum.
1152 1256 1252 1289 Idem.

1086 1309 1149 1338 193
1183 1307 1359 1340 Miseratus
1385 1307 1523 1350 Averni]
1557 1307 1745 1341 Miseratus

1044 1356 1133 1398 quod
1149 1356 1248 1398 dicit,
1261 1366 1328 1389 non
1347 1357 1413 1390 hoc
1431 1358 1473 1389 ad
1496 1357 1744 1401 indulgentium

1043 1407 1161 1447 ducas,
1184 1407 1245 1439 sed
1272 1408 1314 1439 ud
1340 1408 1523 1440 maximum
1544 1407 1744 1450 Amphlmi

1043 1455 1169 1489 decus:
1194 1466 1271 1489 nam
1282 1482 1285 1486 .
1295 1457 1351 1489 ille
1367 1458 1451 1490 nulli
1467 1459 1592 1500 parcit,
1614 1462 1653 1491 ut
1669 1459 1744 1491 Ho-

1043 1511 1110 1538 rat.
1145 1507 1156 1524 ⁴
1178 1506 1325 1539 Victima
1352 1507 1402 1539 nil
1429 1507 1623 1541 miserantis
1640 1508 1747 1541 'omis’

1044 1557 1143 1590 Idem.

1087 1609 1150 1639 194
1174 1607 1339 1640 laser-vare
1370 1608 1524 1650 vehem]
1555 1608 1745 1642 ‘servare’

1042 1657 1196 1689 sollenne
1212 1657 1246 1689 in
1263 1657 1427 1699 auspiciis
1439 1658 1594 1690 verbum.
1618 1659 1743 1691 Cicero

1043 1716 1106 1750 pro
1136 1708 1249 1740 Domo
1275 1714 1353 1741 sua:
1390 1708 1401 1726 ‘
1419 1707 1558 1749 Negant
1586 1707 1639 1740 fas
1668 1716 1751 1741 esse>

1042 1757 1096 1798 agi
1112 1763 1190 1790 cum
1206 1757 1345 1799 populo,
1367 1765 1444 1789 cum
1465 1756 1509 1789 de
1524 1757 1613 1789 eaelo
1627 1764 1742 1790 serva·

1043 1810 1114 1839 tum
1132 1806 1199 1838 sit-¹
1237 1807 1367 1839 Noster
1385 1806 1455 1847 (uti
1471 1806 1584 1847 vides)
1605 1812 1742 1849 compo-

1042 1856 1106 1897 nit,
1120 1856 1210 1898 quod
1232 1860 1270 1888 et
1288 1856 1347 1888 lib.
1362 1865 1417 1888 v1.
1428 1855 1536 1889 feeit:
1557 1856 1570 1875 ⁸
1585 1857 1670 1890 Fata
1683 1865 1743 1899 paa-

1043 1910 1118 1939 tent
1138 1906 1280 1948 homini,
1307 1907 1403 1949 piget
1427 1906 1627 1940 inservare!
1658 1907 1742 1941 Ber-

1040 1960 1125 1989 nart-

1086 2009 1149 2039 198
1170 2005 1330 2047 Branchi]
1364 2006 1543 2039 Branchus
1571 2006 1741 2049 Apollinis

1042 2060 1097 2088 est
1111 2055 1213 2096 filius,
1228 2059 1264 2088 et
1279 2056 1354 2097 ipse
1369 2054 1558 2088 futurorum
1575 2056 1741 2097 perit-issi-

1041 2115 1117 2138 mus
1132 2106 1246 2137 Deus=
1263 2109 1301 2137 ut
1316 2105 1390 2146 ipse
1404 2105 1508 2137 alibi:
1532 2106 1544 2123 ⁴
1557 2104 1740 2147 patrioque

1043 2160 1198 2197 aeqnatus
1226 2155 1357 2187 honore
1385 2154 1586 2188 Branchus-³
1627 2155 1741 2188 Varro

1042 2206 1161 2238 Divin.
1176 2206 1301 2238 Rerum
1318 2204 1361 2236 de
1374 2204 1533 2237 Brancho
1547 2205 1597 2237 ita
1610 2204 1716 2238 κήδη
1730 2216 1741 2237 =

1041 2257 1051 2274 ‘
1068 2256 1155 2289 Olus
1181 2255 1318 2298 quidam
1335 2254 1485 2287 decimus
1505 2255 1549 2287 ab
1566 2254 1741 2297 Apolline,

1042 2315 1119 2339 eum
1145 2307 1178 2338 in
1205 2305 1480 2347 peregrinatione
1501 2304 1689 2346 pranderet
1703 2304 1739 2336 ln'

1041 2356 1170 2397 littore,
1186 2366 1227 2388 ao
1241 2355 1366 2388 deinde
1377 2354 1664 2396 proficisceretur,
1679 2354 1739 2387 ob—

1040 2406 1123 2438 litus
1144 2410 1198 2438 est
1212 2404 1318 2437 filium
1333 2404 1469 2436 nomine
1481 2403 1660 2443 Simerum,
1680 2404 1739 2447 qui

1042 2456 1200 2498 pervenit
1224 2456 1260 2487 in
1281 2455 1405 2487 saltum
1432 2454 1593 2486 Patronis
1621 2454 1738 2496 cujas—

1041 2506 1132 2548 dam,
1153 2511 1189 2537 et
1215 2514 1292 2537 cum
1321 2508 1413 2536 esset
1436 2508 1612 2545 receptus,
1631 2502 1738 2546 empit

1042 2566 1119 2589 eum
1135 2555 1204 2588 suis
1220 2554 1334 2596 pueris
1347 2562 1468 2594 capras
1484 2561 1636 2595 pascere.
1662 2553 1740 2587 Anu

1040 2605 1175 2650 quando
1210 2603 1463 2646 prehenderunt
1502 2599 1662 2646 cygnum,
1700 2610 1739 2638 et

1039 2656 1133 2688 illum
1166 2659 1262 2686 veste
1298 2657 1560 2695 cooperuerunt,
1587 2654 1736 2697 dumque

1038 2705 1103 2747 ipsi
1126 2706 1279 2745 pugnant
1299 2707 1376 2736 uter
1397 2703 1491 2735 illum
1511 2704 1737 2745 patrimoniis

1038 2754 1192 2794 offerret,
1206 2758 1242 2786 et
1254 2757 1369 2785 essent
1383 2753 1523 2795 fatigati
1537 2755 1734 2796 certamine,

1037 2806 1168 2848 rejecta
1194 2808 1289 2837 veste
1314 2804 1494 2836 mulierem
1519 2804 1736 2841 invenerunt.
