1878 3164
293 225 406 268 1766

293 328 407 362 verbis
424 329 517 361 illum
533 329 682 361 invocet.
726 329 737 347 ‘
751 330 896 361 Vocales
909 328 917 342 '
934 339 989 361 ve-

293 389 331 411 ro
354 377 366 397 (
383 380 487 411 undas
503 379 512 394 '
529 379 629 418 dixit,
652 384 690 411 ut
714 389 817 420 supra
841 379 991 420 Epitlial.

293 431 429 463 Steuae:
457 433 466 448 ⁶
482 432 527 462 Et
551 430 593 462 de
609 431 735 462 Pieriis
751 431 903 463 vocalem
917 429 990 462 fon-

294 474 388 511 tibus
425 479 572 512 undam.'
617 481 667 511 Eo
706 480 797 522 quod
833 480 990 512 nimirum

293 536 399 571 epota
427 540 546 562 vocem
569 536 605 562 et
627 530 777 562 carmina
798 530 991 571 largiretur.

296 582 428 613 Getart.
787 600 791 604 -

294 646 297 649 ·
335 633 356 663 4
382 630 500 671 Orgia]
521 630 640 671 Sacra,
665 629 894 670 Ceremonias,
912 630 991 662 Cul-

296 685 366 713 tum
383 682 583 713 divinitatis.
628 682 723 712 Bene
738 679 823 712 vhiet:
839 680 991 722 explicat

295 731 469 762 Passerat.
493 730 601 762 Praef.
621 731 656 763 in
682 731 845 773 Propert.
860 731 919 763 lib.
941 740 991 763 iv.

295 790 329 822 p.
346 783 420 812 313.
437 780 551 812 Barth.

338 832 378 862 17
401 831 446 861 Et
457 832 600 862 ardentes
622 829 784 862 restrinxit
800 832 880 863 lacte
891 830 991 869 favil-

291 880 355 922 las]
377 879 419 911 In
436 880 509 912 aliis
530 880 705 912 codicibus
726 885 823 913 extat
844 883 990 923 papillas.

292 941 353 963 nos
373 931 506 970 favillas
532 931 698 972 legimus3
725 941 801 963 nam
829 932 990 964 ardentes

294 991 370 1013 cum
387 982 522 1022 papillis
547 991 612 1012 non
629 982 798 1014 convenit.
842 983 990 1014 Praeter-

292 1041 334 1063 ea
365 1032 514 1073 loquitur
540 1032 583 1063 de
606 1032 757 1069 muliere,
784 1042 860 1074 quae
884 1032 990 1065 filium

292 1082 402 1113 adhuc
426 1083 610 1115 lactentem
634 1083 718 1114 vidit
737 1083 770 1115 in
796 1093 876 1125 rogo
904 1094 991 1116 mor-

294 1138 413 1172 tuum3
438 1133 660 1175 alludensque
691 1133 734 1165 ad
765 1143 894 1166 morem
925 1144 990 1175 quo

292 1181 423 1215 cineres
452 1183 702 1223 spargebantur
727 1184 816 1221 vino,
841 1189 880 1215 ut
911 1191 990 1216 ante

294 1231 439 1264 diximus
464 1233 655 1265 testimonio
682 1232 824 1265 Homeri
841 1238 878 1265 et
892 1234 989 1276 Virg.

293 1282 415 1314 Domit.

285 1352 288 1355 -
336 1335 377 1364 21
401 1333 534 1364 Allerno
547 1342 663 1365 mecum
672 1333 820 1375 clamore]
844 1333 920 1365 Hoc
930 1331 989 1365 ha-

292 1383 422 1415 bebant
438 1393 498 1424 pro
523 1393 652 1415 summo
675 1384 810 1420 solatio,
827 1389 862 1416 et
887 1384 937 1418 ita
952 1393 988 1415 se

291 1437 471 1468 Meliorem
503 1435 667 1468 Atedium
701 1437 868 1469 consolari
901 1438 989 1469 velle

291 1491 448 1518 autumat
463 1486 626 1527 Papinius
651 1491 778 1527 noster,
792 1487 863 1527 pari
890 1488 988 1519 modo

292 1546 429 1568 vernam
446 1546 541 1567 suum
555 1536 874 1569 desideratissimum
893 1538 988 1580 plau-

291 1590 428 1625 gentem
448 1595 485 1617 ιι.
502 1586 586 1617 Silv.
601 1595 625 1617 1.
638 1596 657 1618 a
673 1596 722 1619 vs.
740 1590 794 1619 20.
812 1592 850 1620 ut
865 1588 898 1620 in
915 1589 987 1620 aliis

291 1636 479 1676 Epicediis.
495 1636 613 1669 Barth.

332 1689 375 1718 22
398 1688 442 1732 ¹El
470 1690 501 1717 te
526 1690 640 1718 natura
667 1687 811 1729 pudebit]
836 1687 990 1720 Pudebit

290 1731 338 1776 te,
353 1736 478 1777 inquit,
491 1745 510 1767 o
524 1741 657 1776 natura,
671 1737 828 1779 quoniam
844 1748 909 1779 ego
933 1739 988 1779 qui

290 1797 356 1819 non
376 1797 447 1818 sum
464 1791 586 1820 natura
602 1793 702 1829 pater
722 1790 833 1831 hujuS,
848 1791 924 1831 plus
940 1791 989 1822 lu-

290 1838 378 1879 gebo
396 1847 495 1879 quam
510 1847 550 1869 ea
566 1848 641 1880 quae
653 1843 763 1871 mater
775 1845 827 1872 est
838 1840 990 1882 infantis,

289 1888 342 1919 vel
360 1888 587 1929 qriijrivenem
603 1889 719 1930 gemit.
744 1890 867 1922 Domil.

331 1941 374 1970 46
398 1939 558 1971 Nimirum
572 1949 640 1971 cum
654 1943 758 1972 vestra
767 1942 875 1972 domus
885 1951 897 1979 ,-
919 1951 988 1981 ego,

287 1989 355 2030 ξω]
383 1990 505 2029 Locus,
524 1989 614 2021 foede
638 1990 819 2032 laceratus,
842 1991 988 2033 ideoque

287 2039 375 2071 male
413 2040 608 2071 intellectus
658 2041 780 2072 adhuc.
836 2041 987 2073 Primum

288 2090 505 2122 scribendum
533 2100 573 2121 ex
599 2091 750 2122 Romana
774 2091 989 2132 Venetaque‚

289 2149 371 2181 quas
394 2140 524 2180 optimo
541 2140 676 2181 judicio
698 2145 836 2172 set-utus
859 2147 913 2173 est
930 2142 986 2174 Fr.

289 2190 576 2231 Lindenbrogi'us,'
592 2191 683 2222 urbis
709 2191 829 2232 patriae
857 2193 987 2233 grande

286 2241 535 2273 incrementum
551 2252 559 2273 :
583 2244 653 2273 cum
667 2246 769 2274 restra
783 2238 910 2274 domam
931 2254 988 2283 ego

277 2291 396 2329 funera
426 2295 548 2323 moestos
573 2292 743 2332 Irrcrepno.
787 2294 863 2326 Qua
888 2303 987 2334 poeue

287 2342 399 2382 phrasi
431 2342 587 2382 epicedio
618 2343 652 2373 in
682 2343 880 2375 Glauciam:
913 2345 987 2376 ‘ae-

286 2401 450 2433 grumque
478 2391 629 2424 dolorem
659 2393 837 2425 Libertate
864 2394 987 2426 doma!

285 2442 383 2481 Mox,
414 2443 526 2474 Verum
548 2446 626 2482 erat,
649 2442 894 2484 interpretatur
917 2445 985 2476 Do·

286 2493 425 2524 mitius:
444 2493 530 2534 quoti
552 2494 685 2524 scilicet
710 2494 890 2534 dicebatis,
912 2496 984 2526 nul-

284 2543 352 2573 lum
371 2552 506 2573 carmen
521 2543 602 2574 satis
616 2552 688 2574 esse
706 2544 747 2575 ad
765 2545 918 2576 lacrimas
933 2555 984 2575 re-

285 2593 491 2633 primendas.
537 2593 585 2625 At
600 2594 729 2625 Statius
756 2594 878 2626 invitat
904 2597 983 2628 ami·

285 2656 356 2686 cos,
372 2651 411 2677 ut
435 2655 494 2687 pro
511 2646 652 2685 solatiis,
669 2656 743 2687 quae
766 2647 838 2687 ipse
862 2656 983 2678 canere

284 2697 350 2729 illis
364 2696 484 2727 solitus
508 2702 595 2735 erat,
612 2696 720 2727 vicem
738 2696 895 2737 reddant,
909 2707 983 2728 car-

286 2747 444 2788 minaque
475 2746 710 2787 suppeditent.
760 2746 874 2778 Verum
902 2752 983 2788 erat,

284 2797 441 2840 subjicit5
465 2796 500 2828 id
520 2800 585 2838 est,
601 2806 733 2838 aequum
750 2801 838 2839 erat,
851 2807 982 2830 merue-

760 236 899 268 No'rAE
933 235 1197 267 VARlORUM
1232 238 1285 269 IN

1041 338 1112 360 ram
1128 339 1221 363 sane.
1237 330 1338 374 idque
1365 331 1409 363 ob
1425 330 1654 373 datast-ausas.
1666 334 1738 366 tum

1040 384 1079 412 ut
1093 390 1200 413 saevas
1211 387 1323 424 grates
1334 384 1564 424 exsolverent,
1575 387 1645 414 tum
1656 383 1740 426 quia

1041 430 1146 472 ipsius
1165 432 1254 463 vires
1277 432 1477 475 absumptae,
1500 438 1537 464 et
1560 433 1662 474 copi·
1683 441 1740 466 ca-

1041 481 1143 513 nendi
1158 483 1263 515 nulla.
1289 484 1389 516 Gron.
1407 486 1514 517 Diatr.
1529 495 1596 526 cap.
1609 488 1664 518 ol.
1710 486 1712 488 ’

1083 534 1123 563 51
1148 532 1294 574 Reperit]
1322 533 1424 568 Quod
1460 540 1602 568 caneret
1637 535 1738 569 dulce

1041 580 1117 613 sibi.
1164 582 1320 624 ignosce,
1335 584 1457 626 inquit,
1482 594 1587 626 puer:
1611 585 1739 622 malum

1041 635 1078 663 et
1098 632 1236 673 vulgare
1262 643 1396 666 carmen
1420 634 1593 676 composui
1617 635 1652 668 in
1677 640 1738 669 tuo

1040 681 1180 723 funere3
1203 684 1320 716 dolore
1343 685 1432 717 enim
1448 685 1585 719 obruor.
1628 685 1739 730 Atqui

1041 737 1125 774 puto
1141 742 1183 765 ne
1199 733 1373 775 Orpheum
1396 735 1531 777 quidem
1558 736 1667 779 ipsum
1682 736 1740 771 be·

1040 792 1084 815 ne
1108 783 1272 816 cecinisse
1294 784 1487 817 cumflevit
1507 786 1738 828 Eurydicem3

1041 832 1100 864 sed
1115 834 1264 866 emisisse
1278 836 1526 877 qualecumque
1536 837 1650 878 potuit
1663 838 1740 870 ears

1041 893 1116 915 men
1134 884 1200 916 sibi
1222 885 1333 926 dulce,
1347 885 1380 917 id
1397 891 1462 923 est.
1478 887 1521 919 ad
1545 887 1737 927 leniendum

1040 933 1191 967 dolorem
1208 946 1315 969 snum.
1336 937 1460 970 Domit-

1082 988 1125 1017 66
1150 986 1351 1028 BustaLini]
1374 987 1525 1020 Filiisui.
1549 987 1650 1030 Vide,
1660 999 1737 1033 quae

1043 1034 1087 1066 de
1109 1045 1175 1068 non
1192 1046 1258 1068 uno
1274 1038 1357 1069 Lino
1377 1039 1522 1079 notavit,
1537 1039 1739 1075 illustrando

1040 1086 1188 1127 Papinio
1225 1094 1353 1127 nostro,
1387 1089 1537 1122 Jacobus
1571 1090 1737 1136 Nicolans

1042 1136 1181 1169 Loiinsis
1194 1138 1410 1172 Miscell.lib.
1421 1148 1455 1171 x.
1471 1150 1500 1173 c.
1513 1143 1544 1172 3.
1561 1141 1737 1184 Orpheum

1042 1191 1076 1218 et
1091 1186 1283 1228 Apollinem
1303 1189 1418 1221 Linum
1443 1182 1624 1223 deflentem
1647 1193 1738 1232 pari-

1041 1237 1220 1279 terjungit
1237 1239 1341 1271 Ovid.
1357 1239 1391 1271 in
1412 1239 1538 1272 Tibulli
1561 1241 1738 1282 Epicedto.

1041 1287 1160 1320 Barth.
1729 1304 1732 1308 ’

1081 1340 1123 1369 67
1149 1338 1307 1381 Delicias]
1332 1339 1489 1381 Nugatur
1510 1341 1665 1374 hocloco
1680 1341 1738 1374 In·

1040 1391 1183 1429 term-es,
1201 1390 1256 1429 qui
1285 1399 1346 1431 pro
1361 1390 1514 1430 Delicias,
1527 1390 1676 1434 AEdituas
1689 1391 1737 1424 le·

1039 1437 1101 1478 git,
1131 1439 1219 1480 quod
1250 1439 1293 1471 de
1317 1441 1328 1458 ‘
1346 1440 1452 1481 picis’
1477 1441 1737 1482 intelligendum

1039 1487 1154 1527 docet,
1191 1489 1417 1531 ineptissime.
1470 1491 1614 1522 Romani
1647 1490 1737 1523 euim

1040 1527 1162 1579 pueros
1179 1539 1370 1581 AEgyptios‚
1382 1540 1426 1572 de
1442 1541 1561 1582 quibus
1577 1541 1632 1574 hic
1649 1540 1736 1574 Po‘e‘·
1768 1548 1773 1555 ¹

1039 1593 1087 1629 ta,
1110 1590 1251 1622 Delicias
1272 1601 1350 1622 suas
1376 1592 1610 1633 appellabant.
1654 1588 1737 1624 Plu-

1039 1640 1176 1671 tarchus
1193 1641 1224 1671 in
1240 1641 1403 1673 Antonio.
1449 1643 1576 1674 Noster
1591 1642 1736 1684 Epiced.

1039 1689 1193 1722 Glauciae
1208 1701 1217 1723 ς
1239 1692 1250 1709 ⁶
1266 1692 1316 1722 Tu
1331 1691 1432 1724 modo
1447 1692 1603 1732 Deliciae,
1617 1692 1735 1725 dulces

1038 1739 1138 1770 modo
1163 1745 1300 1781 pectore
1317 1741 1434 1773 curae.'
1478 1741 1582 1774 Coma
1598 1742 1734 1775 Earini:

1038 1790 1048 1807 ‘
1063 1799 1199 1822 cessere
1225 1790 1356 1831 priores
1380 1791 1539 1833 Delieiae;
1557 1791 1735 1825 famulum-

1037 1850 1102 1882 que
1119 1840 1262 1881 greges!
1303 1841 1410 1873 Plura
1433 1842 1556 1883 passim
1579 1843 1736 1884 exempla

1039 1897 1236 1922 occurrunt.
1280 1891 1327 1923 Hi
1343 1901 1425 1924 vero
1448 1892 1546 1934 pueri
1565 1893 1665 1925 variis
1680 1892 1734 1935 jo·

1038 1941 1087 1972 cis
1104 1946 1141 1973 et
1164 1941 1307 1981 argutiis
1323 1942 1520 1983 studebant,
1536 1943 1659 1985 quibus
1674 1943 1736 1976 do·

1038 1992 1147 2027 minos
1163 1991 1227 2023 sibi
1254 1992 1491 2026 conciliabant.
1537 1993 1630 2025 Hinc
1647 1994 1736 2027 Nos·

1039 2046 1092 2073 ter
1121 2042 1195 2073 illos
1222 2042 1276 2073 hic
1304 2043 1444 2084 loquaces
1472 2044 1636 2085 appellat.
1671 2043 1735 2077 Ge-

1035 2094 1119 2123 vurt.

1079 2145 1122 2174 68
1143 2142 1327 2184 Linguaque
1340 2142 1447 2184 simul]
1468 2143 1556 2176 Haec
1570 2144 1675 2177 lectio
1693 2154 1735 2178 ex

1038 2192 1162 2225 Aldina
1188 2200 1377 2235 propagata
1400 2198 1477 2227 est.¹
1500 2195 1654 2227 ‘Domitii
1678 2204 1736 2229 eo·

1029 2242 1132 2274 *dices
1145 2248 1180 2275 et
1196 2244 1300 2275 editio
1314 2255 1322 2276 :
1345 2245 1454 2284 lingua
1466 2245 1589 2277 simiam
1603 2246 1734 2278 salibus-
1755 2288 1757 2290 q

1035 2303 1105 2334 que.
1128 2294 1168 2325 T.
1186 2294 1386 2325 Demsterus
1402 2295 1592 2335 gratulatur
1611 2293 1673 2328 sibi
1691 2296 1735 2328 de

1037 2344 1250 2375 correctione
1273 2345 1468 2385 amplissimi
1485 2346 1629 2388 viri,qui
1655 2340 1737 2379 ficri·

1038 2393 1154 2434 bebat,
1167 2394 1276 2433 lingua
1301 2394 1454 2435 Samium,
1476 2394 1518 2426 ad
1537 2395 1652 2428 Rosini
1673 2397 1735 2429 lib.

1036 2452 1072 2475 v.
1105 2444 1172 2475 Sed
1197 2443 1324 2484 duplex
1350 2444 1404 2476 hic
1431 2454 1524 2477 error
1551 2451 1626 2478 est:
1665 2448 1733 2488 pri-

1034 2503 1124 2524 mum
1145 2493 1233 2534 quod
1246 2492 1386 2525 Samium
1399 2496 1535 2536 accepit
1549 2505 1610 2537 pro
1622 2502 1735 2537 acmo,

1034 2545 1194 2583 magistro
1223 2545 1353 2584 Nonio;
1377 2546 1472 2587 cujus
1498 2546 1532 2577 in
1557 2547 1622 2578 hac
1648 2557 1732 2593 voce

1034 2595 1239 2635 explicanda
1269 2594 1417 2635 ineptias
1443 2596 1579 2637 apernit
1604 2597 1656 2629 vir
1685 2598 1734 2631 in·

1034 2645 1272 2686 comparabilis
1311 2645 1351 2676 ad
1394 2645 1487 2679 nist.
1511 2646 1732 2688 Augustam:

1033 2696 1158 2728 deinde
1190 2695 1279 2737 quod
1311 2695 1509 2728 Ciceronem
1535 2697 1577 2729 de
1603 2699 1734 2731 Samio-

1032 2758 1106 2779 rum
1123 2747 1305 2779 dicacitate
1329 2747 1557 2780 testimouium
1573 2750 1734 2790 perhibu-

1031 2800 1095 2832 isse
1121 2797 1274 2840 putavit:
1301 2797 1375 2830 Nec
1397 2804 1478 2830 sane
1496 2798 1640 2833 Niliacae
1661 2802 1733 2844 ple-
