1878 3164
490 188 530 221 P.
561 188 757 221 ΡΑΡΙΝΙΙ
788 188 953 220 STA'ru
989 191 1136 222 THEB.
1170 190 1264 223 [AB.
1287 192 1359 223 XI.

178 282 451 325 corporis-ruina
461 282 664 316 declinaret.
709 282 814 314 Pinus
831 292 887 315 au·

179 339 254 369 ten
267 334 304 368 in
320 343 390 378 qna.
398 335 570 378 pependit
592 335 768 376 regionem
793 334 887 366 illam

177 394 246 419 nna
262 385 394 419 -nmbra-
404 385 596 419 mutabat:
627 391 666 418 ut
692 386 888 427 placaretur

175 435 351 479 utinen,
379 437 503 475 ormin
529 437 710 470 humanam
735 436 886 477 speciem

176 486 248 528 ipsi
263 484 425 520 formata
453 488 488 520 in
517 487 638 520 eadem
664 486 788 519 arbore
814 497 886 519 sus-

179 536 395 579 pendebant,
408 541 446 571 et
461 543 633 580 pastorum
645 537 886 578 congressibus

180 588 407 632 ,cantibusque
426 589 515 622 diem
538 589 632 622 illum
648 588 820 621 celebrem
835 587 884 620 fa-

173 640 332 675 eleb-ut.
354 642 456 676 Quod
468 642 634 684 Virgilius
643 641 735 674 aliud
751 641 886 684 agendo

174 692 404 734 perstrinxit:
427 693 438 711 ‘
452 693 584 735 tibique
601 692 734 725 Oscilla
744 702 792 725 ex
814 692 886 725 alta

178 742 392 784 suspendunt
406 743 521 776 mollia
537 742 643 786 pinu?
667 743 765 777 Idem.

220 795 288 826 646
300 793 446 835 Nodum]
461 794 650 836 Laqueum,
663 803 731 836 qno
746 802 782 825 se
798 793 885 835 regi-

175 851 223 876 ns
237 843 480 885 suspenderat.
501 844 651 877 Luceant.

222 896 288 926 647
310 894 429 927 Ram
444 895 598 928 moritum
622 894 761 936 legebat]
788 895 885 928 Busl.

176 943 313 984 ligabat.
334 964 337 965 ν
351 945 508 987 Respicit
521 944 688 986 fabulam,
705 953 774 987 qua
786 943 884 987 fingi-

179 998 243 1028 tur¹
252 994 404 1037 Erigone
414 995 510 1028 Icari
524 994 606 1037 filis,
621 994 819 1036 Penelopes
831 1004 884 1027 so-

176 1053 250 1087 tor,
274 1054 296 1078 a
321 1045 461 1079 Baccho
486 1045 522 1078 in
549 1046 667 1088 specie
692 1055 768 1078 uvae
791 1055 884 1078 com-

165 1105 324 1139 pressa„
335 1105 412 1130 cum
439 1100 574 1139 patrem
589 1106 610 1128 a
625 1095 820 1138 pastoribus
834 1096 884 1128 in-

178 1155 285 1189 ·upcr
299 1146 448 1180 occisum
465 1146 661 1188 reperisset,
676 1146 824 1188 seipsam
839 1146 884 1179 de

177 1196 302 1230 arbore
317 1196 549 1240 suspendisse,
572 1197 634 1230 sed
657 1207 750 1230 ramo
773 1196 884 1230 fracto

177 1248 214 1281 in
229 1253 356 1282 terram
371 1249 557 1291 decidisse,
568 1249 659 1282 inter
671 1253 764 1282 astra
775 1253 885 1281 trans-

177 1299 296 1340 latam,
324 1303 362 1333 et
390 1300 526 1342 signum
562 1299 707 1333 Zodiaci
743 1298 884 1342 factam,

176 1351 269 1394 quod
283 1351 463 1394 Virginem
474 1351 664 1394 appellant.
685 1351 838 1384 Bernart.

219 1406 283 1436 651
311 1402 370 1436 Ius·
384 1402 591 1444 Pugnan-ant]
621 1402 735 1444 Hujus
758 1403 885 1434 emolu·

176 1457 307 1487 menta.
329 1453 400 1487 Vct.
417 1453 522 1486 Schol-
564 1452 665 1486 Idem
690 1462 810 1485 sensus
825 1453 884 1486 de-

132 1505 137 1514 “
177 1504 369 1546 prehensus
384 1504 518 1537 anobis
541 1508 597 1537 est
621 1504 657 1536 in
687 1504 760 1546 illo,
787 1505 884 1538 initio

175 1555 278 1597 nujus
290 1555 434 1597 Operis:
447 1555 458 1574 ‘
473 1555 674 1598 alternaque
687 1562 794 1596 regna
808 1564 886 1597 pro·

175 1605 264 1639 fanis
289 1606 484 1639 Decet-tata
497 1605 608 1639 odiis.'
646 1605 730 1638 Hoc'
740 1609 795 1637 est
810 1614 884 1638 cer·

173 1656 285 1691 tando
308 1657 448 1700 utrique
465 1656 608 1689 Haeredi
625 1655 761 1688 amissa.
812 1655 883 1688 Ta-

173 1707 244 1746 {em
268 1707 426 1741 solebant
448 1713 598 1750 pugnam
623 1706 704 1738 olim
727 1715 883 1749 pugnare

172 1757 349 1799 Areada,
359 1758 418 1802 qui
441 1756 627 1801 proverbio
647 1758 760 1789 locum
779 1757 883 1790 dede-

171 1812 270 1842 ἶιιιιιι.
303 1808 394 1843 Vide
402 1807 637 1852 Hesychium.
649 1808 781 1840 Barth.

218 1863 284 1894 661
298 1860 446 1894 Mum
456 1861 532 1894 adeo
545 1860 639 1893 saevis
649 1860 786 1893 imbutus
798 1871 881 1894 amo-

172 1911 263 1945 ria-a
275 1911 544 1954 alb-Indicium]
566 1912 712 1952 Ignotus
726 1912 804 1953 ille,-
819 1913 881 1945 sed

173 1967 318 2006 magnus
328 1962 464 1997 Auctor
477 1963 636 2004 Thebais,
648 1963 692 1996 ab
708 1963 774 1996 hac
789 1973 882 1995 men—

175 2019 213 2048 te
225 2016 364 2048 :stiam
377 2013 490 2048 ferum
509 2019 553 2047 vet
567 2014 688 2047 durum
705 2015 796 2056 gerIs
812 2015 883 2047 Sae-

166 2058 383 2108 svanqueviu
411 2065 480 2098 iras
509 2070 648 2107 pectus,
671 2070 708 2098 et
733 2066 883 2098 nondum

176 2117 350 2159 imperas?
371 2116 479 2151 Quid
495 2122 635 2159 sceptra
648 2115 779 2150 facient
789 2117 811 2150 ?’
836 2118 883 2150 Et

176 2167 459 2210 senec-ssyen.
472 2167 483 2186 ‘
494 2166 543 2200 Ut
550 2177 650 2200 nemo
658 2168 780 2201 doceat
791 2167 882 2201 frau-

167 2217 232 2251 -dis
245 2222 284 2252 et
298 2219 467 2251 scelerum
490 2218 575 2260 vias,
597 2219 754 2261 Regnum
781 2219 881 2252 doce-

166 2267 250 2301 biv
262 2263 389 2302 hasdeu
403 2276 520 2301 omnes
534 2267 610 2302 fere
624 2279 701 2303 cum
722 2270 882 2303 Pindari—

175 2328 219 2353 co
247 2318 507 2352 illo‚'1’antalo:
537 2319 640 2361 μέγαν
664 2319 764 2358 ὄλβὸν
780 2329 882 2353 ’κατα-

167 2369 332 2412 ὰέψαιιοῦ
355 2369 510 2405 δύνανται.
559 2372 717 2412 Magnam
737 2372 881 2412 felicita—

171 2424 431 2464 &enconcoqsoere
442 2431 503 2454 non
514 2426 656 2463 possunt.
685 2423 791 2456 Bern.

167 2491 171 2495 ·
215 2474 282 2505 674
311 2472 503 2514 Sentiumque
522 2473 664 2514 recessit]
690 2474 805 2506 Nimia
827 2484 881 2507 se-

173 2527 297 2560 nectus
311 2523 440 2556 dicitur.
459 2523 592 2556 senium.
635 2524 775 2556 Terent.
803 2525 813 2542 ‘
830 2525 880 2557 Ut

163 2568 285 2608 linum
306 2573 365 2607 Dii
395 2575 552 2615 Deaeque
583 2583 700 2607 omnes
731 2575 881 2616 perdant

166 2633 306 2667 ·senem‚
331 2625 391 2668 qui
405 2634 460 2658 me
475 2625 577 2658 bodie
591 2633 784 2659 remoratus
800 2626 880 2660 est!

163 2675 325 2708 ‘Lectum
356 2681 360 2698 ῑ
448 2686 449 2689 ’
598 2699 601 2701 Α

162 2733 179 2749 -·
217 2728 281 2758 677
295 2727 424 2759 §lamas
437 2730 528 2759 cacat
538 2727 648 2760 naevire
666 2728 784 2771 Creon]
796 2729 818 2763 J
823 2736 878 2762 am

166 2785 244 2810 ¹non
269 2776 368 2811 doles
386 2775 573 2811 interitum
587 2777 662 2821 tilii,
678 2780 738 2812 sed
754 2785 876 2814 contra

1528 185 1642 239 1991

939 289 1091 316 mortuos
1109 283 1311 318 furibundus
1327 286 1486 319 irasceris
1500 289 1513 320 ?
1528 288 1627 323 Idem.

933 352 937 357 ,
979 336 1045 366 679
1068 335 1199 367 Calcare
1211 335 1339 377 ruinas]
1358 334 1573 370 Affiictorum
1591 350 1643 371 rc-

937 394 1016 426 gum
1029 385 1198 418 insultare
1211 386 1357 419 casibus.
1382 387 1481 420 Idan.

978 439 1044 468 680
1073 437 1150 469 Jam
1173 438 1302 469 tumulis
1311 437 1640 480 ‚insinuandam

935 486 1085 519 moenibus
1108 488 1211 530 arces]
1239 488 1393 520 Pessime
1409 498 1476 531 qua
1500 489 1545 521 de
1567 495 1642 522 ver-

937 538 1002 577 bis,
1015 548 1083 580 qua
1094 538 1138 570 de
1147 539 1484 580 interpunctionibus
1495 538 1641 573 affectu·

936 589 1042 621 locus.
1082 588 1150 621 Sed
1179 588 1406 622 Pharmacum
1432 599 1477 622 ex
1501 591 1642 633 scriptis

935 640 1026 683 quod
1043 641 1121 673 bnic
1137 651 1231 683 aegro
1242 641 1349 674 faciet
1366 642 1488 676 vitam:
1502 644 1579 676 Jam
1590 648 1640 677 tu-

934 693 1017 723 mulo
1042 692 1153 733 victos,
1169 693 1269 725 socios
1278 692 1351 733 jam
1367 694 1516 726 moenibue
1536 700 1642 728 arces?

936 742 1096 774 Bernart.

933 814 936 817 -
977 795 1042 825 682
1058 793 1151 825 Nova
1159 793 1333 834 contrahis]
1349 793 1418 826 Cur
1430 803 1534 836 parce
1545 805 1643 828 usur-

934 852 997 884 pas
1018 843 1100 885 jura
1124 849 1198 884 tua,
1222 854 1285 876 cur
1309 854 1349 876 ea
1365 845 1550 888 contrahis,
1564 856 1642 889 qua

935 894 1124 927 extendere
1155 895 1330 928 debebas?
1367 896 1488 938 Rudis,
1515 897 1642 940 inquit,

934 945 1047 977 adbuc
1064 955 1112 985 es,
1126 955 1192 978 nec
1208 949 1373 988 expertus
1387 947 1470 989 quid
1493 952 1642 989 tyranno

934 996 1053 1029 liceat.
1095 997 1280 1029 Sciendum
1299 1001 1352 1029 est
1373 997 1449 1030 haec
1462 999 1559 1040 quasi
1575 1000 1640 1032 Fu-

935 1046 995 1079 riae
1019 1056 1077 1079 ore
1107 1047 1200 1090 loqui
1223 1047 1400 1089 OEdipum‚
1422 1049 1531 1081 etsie
1545 1050 1640 1083 adbi-

934 1097 998 1130 biti
1026 1102 1114 1131 sunt.
1136 1103 1254 1140 gestus
1289 1098 1323 1131 in
1361 1099 1552 1135 recitando.
1599 1102 1638 1135 V.

933 1148 1037 1181 Schol.

976 1202 1040 1232 683
1063 1199 1211 1240 Anguste
1239 1200 1377 1242 metiris]
1411 1202 1530 1244 Longe
1564 1204 1640 1246 plus

933 1249 1018 1282 licet
1045 1250 1211 1285 Thebano
1242 1251 1330 1293 regi,
1355 1262 1455 1294 quam
1481 1253 1572 1296 quod
1601 1259 1640 1287 tu

933 1309 1024 1333 nnnc
1049 1301 1133 1343 agis.
1178 1302 1287 1334 Utere
1310 1302 1444 1344 plenius
1466 1303 1500 1335 in
1516 1314 1570 1336 me
1587 1308 1640 1347 ty-

933 1348 1079 1383 rannl'de
1117 1357 1176 1384 tua
1205 1352 1364 1394 exemplo
1394 1363 1640 1395 praecessorum

933 1401 1081 1444 Regum.
1116 1403 1151 1436 V.
1177 1403 1283 1435 Schol.
1334 1403 1464 1436 Metiri-s
1492 1405 1639 1448 honores]

934 1452 983 1485 Ut
1010 1453 1151 1486 exilium
1181 1453 1328 1495 imperes
1355 1453 1387 1485 ei
1412 1464 1513 1496 quem
1536 1460 1639 1497 potes

933 1503 1106 1541 occidere,
1120 1513 1182 1536 cur
1207 1513 1274 1535 non
1297 1503 1418 1535 saevius
1434 1505 1561 1547 aliquid
1577 1505 1639 1538 im—

934 1555 1056 1596 peras?
1080 1553 1154 1586 Ista
1169 1554 1250 1586 mibi
1272 1563 1377 1596 parva
1393 1559 1475 1587 sunt
1488 1565 1564 1597 quae
1576 1556 1639 1588 mi-

933 1605 1027 1636 naris
1052 1603 1169 1646 exilia,
1195 1605 1252 1647 qui
1275 1609 1401 1646 sponte
1416 1605 1587 1646 supplicia
1602 1606 1639 1638 in

933 1664 987 1688 me
1003 1655 1132 1698 majora
1148 1654 1292 1697 perfeci.
1315 1655 1466 1688 Laetam.

975 1709 1038 1739 685
1084 1707 1171 1743 Quin
1207 1706 1352 1749 protinus
1383 1706 1500 1738 imbuis
1534 1708 1637 1750 enses]

932 1757 1096 1791 Quinimo
1111 1756 1238 1798 imbue,
1259 1756 1293 1788 id
1317 1761 1383 1797 est,
1404 1756 1437 1787 in
1455 1766 1509 1788 me
1524 1758 1638 1799 auspi-

933 1817 1013 1841 care
1029 1808 1246 1841 innocentem
1262 1807 1405 1849 caedem,
1419 1808 1515 1850 quasi
1529 1817 1638 1841 novus

932 1863 1110 1901 tyrannus.
1135 1859 1236 1891 Idem.
1518 1889 1521 1892 ,

975 1913 1040 1943 686
1062 1909 1210 1951 Satelles]
1234 1909 1276 1941 Id
1302 1914 1369 1951 est,
1395 1910 1557 1952 armiger,
1579 1910 1637 1954 qni
1662 1930 1667 1936 ι

932 1971 986 1994 me
1002 1961 1111 2003 possit
1126 1960 1303 1993 occidere.
1323 1961 1420 1993 Idem.
1524 1992 1526 1995 ,

975 2015 1040 2045 704
1073 2013 1144 2044 Nec
1172 2011 1234 2044 tibi
1261 2012 1307 2043 sil
1340 2011 1458 2053 virtus]
1496 2010 1539 2043 Id
1570 2015 1637 2052 est,

931 2064 1028 2096 nulla
1052 2064 1088 2096 in
1115 2068 1150 2096 te
1173 2064 1219 2095 sit
1242 2061 1412 2095 fortitudo
1430 2061 1546 2099 animi,
1569 2070 1638 2104 qna

933 2115 1043 2157 possis
1071 2115 1216 2148 adversa
1243 2113 1505 2156 magnanimiter
1530 2112 1636 2146 ferre.

932 2166 1033 2200 Idem.

974 2220 1037 2249 ⁷05
1061 2217 1150 2249 Satis
1165 2216 1270 2249 omina
1283 2214 1390 2256 sanxi]
1405 2214 1496 2247 Satis
1511 2215 1636 2260 impre-

932 2274 1030 2302 catus
1047 2279 1133 2302 sum.
1157 2269 1259 2301 Idem.

972 2323 1036 2353 ⁷20
1059 2319 1211 2352 Sublimis
1221 2318 1363 2352 sturmis
1378 2318 1508 2360 Septus]
1524 2318 1638 2354 Utin-

931 2371 1049 2404 clitum
1066 2376 1103 2404 et
1119 2371 1307 2403 virtuosum
1325 2369 1460 2411 Regem
1475 2369 1637 2402 decebat.

935 2424 969 2455 V.
980 2421 1085 2455 Schol.
1108 2421 1221 2454 Aliter
1234 2426 1349 2453 tamen
1359 2419 1528 2462 Papinius
1539 2420 1598 2452 lib.
1609 2429 1636 2452 ι.

930 2485 982 2507 vs.
1010 2476 1085 2506 147.
1120 2472 1164 2505 de
1198 2481 1304 2513 regno
1330 2471 1493 2504 Thebano
1519 2471 1637 2513 OEdipi

930 2526 988 2558 illo
1021 2529 1192 2565 tempore.
1245 2522 1325 2555 Non
1362 2525 1474 2562 erant,
1511 2522 1637 2564 inquit,

932 2582 1014 2609 tunc
1047 2575 1080 2607 in
1105 2584 1148 2607 ea
1170 2574 1311 2606 civitate
1344 2572 1548 2613 ‘impacatis
1571 2573 1637 2605 Re—

932 2636 1011 2668 gum
1027 2624 1250 2666 advigilantia
1264 2622 1390 2655 somnis
1403 2621 1573 2664 Pila‚‚nec
1590 2623 1637 2655 al-

930 2683 1031 2711 terna
1056 2676 1140 2709 ferri
1163 2674 1312 2708 statione
1328 2677 1505 2715 gementes
1521 2673 1636 2706 Excu-

930 2729 1020 2770 biae:
1033 2730 1099 2762 dcc.
1122 2726 1240 2759 Barth.

971 2782 1038 2812 ⁷22
1061 2778 1122 2811 Cui
1136 2788 1216 2811 nunc
1241 2786 1281 2809 ex
1302 2775 1428 2818 agmine
1453 2778 1542 2808 tanto
1561 2776 1634 2809 Una
