1878 3164
247 195 267 237 1
275 194 362 238 758

246 297 376 332 tradita
397 296 583 338 mysteria:
618 296 675 328 alii
691 299 824 328 mortua
839 304 946 327 uxore

248 347 410 380 Euridice
453 347 644 378 extinctum
688 345 731 377 ad
772 344 946 378 Avernum

247 396 492 438 Thesprotidis.
515 396 638 428 Domit.

291 449 333 478 ³4
355 446 502 477 Primum
515 443 667 485 animum]
693 444 880 484 Eleganter
900 442 949 474 di-

248 497 301 529 xit
313 496 448 537 primum
461 495 610 535 animum,
626 503 688 535 pro
711 494 912 525 redeuntem
930 503 950 524 a

250 552 405 588 stupore,
418 555 485 587 quo
497 544 605 576 adhuc
616 543 736 575 nimius
746 542 845 574 dolor
857 551 950 574 men-

251 601 321 628 tem
343 595 419 637 ejus
443 593 723 631 obnubilaverat3
757 591 846 633 quod
871 591 951 623 alibi

251 646 512 679 illustrabimus.
544 643 735 677 Credebam
752 650 866 675 autem
882 643 892 660 ‘
903 643 951 674 lu-

251 706 329 729 men
344 697 470 728 siccum
483 695 492 709 '
506 695 715 727 intellexisse
730 694 952 734 interpretes,

252 746 344 788 qnod
377 749 563 777 exaruerat
598 745 769 776 cineribus
804 744 953 782 haustis,

252 805 395 839 quorum
412 796 512 836 paulo
528 799 606 826 ante
629 794 775 826 mentio:
800 803 875 835 cum
892 803 952 835 op·

253 850 401 887 portune
425 843 548 876 falsum
570 853 719 875 errorem
746 843 846 875 video
869 844 954 874 Ber-

242 895 415 934 .nartium‚
445 894 502 935 qui
527 894 602 925 haec
627 894 780 934 explicat
804 902 848 925 ex
871 893 946 925 illot

251 945 341 976 ‘non
371 944 477 975 verba
499 943 532 975 in
561 942 682 975 funere
706 942 837 984 primo,'
863 946 952 974 ‘non

253 995 412 1027 lacrimas
438 993 564 1033 habet,’
598 998 635 1025 et
668 992 841 1025 similibus.
885 992 953 1023 Sed

254 1044 430 1076 immemor
457 1047 531 1075 erat
560 1052 639 1074 mox
667 1042 787 1084 sequi:
822 1043 954 1073 ‘sumas

256 1094 401 1134 gemitus
418 1097 454 1124 et
469 1093 611 1124 vulnera
626 1092 712 1132 nati,
726 1092 771 1123 Et
784 1091 955 1131 lacrimas,

254 1144 322 1175 rari
335 1153 418 1186 quas
428 1153 600 1185 nunquam
611 1143 759 1175 habuere
771 1141 955 1184 parentes.’

257 1193 399 1225 Gronov.
417 1194 529 1224 Diatr.
917 1218 923 1223 .

298 1246 341 1275 36
367 1243 484 1275 Ordior
508 1242 634 1274 acclivis
660 1241 791 1282 tumulo]
828 1242 956 1275 Quidni

256 1293 371 1334 potius
388 1303 407 1324 a
420 1292 531 1324 Statio
546 1293 713 1333 scriptum
736 1292 879 1331 acclinis,
893 1302 955 1333 pro

254 1343 464 1375 ‘acclinatus
478 1342 502 1374 ?'
525 1347 565 1374 ut
591 1342 625 1373 in
648 1342 801 1383 proxima
815 1342 958 1383 Sylvula

257 1393 300 1425 ad
316 1393 490 1432 Somnum,
513 1392 524 1410 ‘
536 1392 636 1424 terris
659 1392 767 1424 maria
785 1393 957 1424 acclinata

256 1443 437 1484 quiescunt
451 1441 473 1474 ε’
506 1451 628 1482 prona,
655 1447 693 1474 nt
716 1451 830 1473 somno
857 1451 957 1474 accu-

257 1493 384 1524 bantia.
401 1492 483 1524 etin
498 1492 593 1533 Sylv.
607 1493 669 1523 ult.
713 1493 724 1510 ‘
736 1491 889 1523 Acclinis
905 1496 957 1523 tu·

257 1541 374 1574 mulo.’
402 1542 517 1575 Quare
533 1541 565 1573 in
581 1541 725 1573 veterib.
742 1541 844 1573 etiam
858 1542 958 1574 Glos-

257 1592 317 1631 sis,
342 1592 399 1623 ubi
420 1592 548 1632 legitur
569 1592 579 1610 ‘
594 1591 768 1632 Acclivis‚’
790 1601 958 1632 reponen-

258 1642 339 1673 dum
355 1641 366 1660 ‘
377 1641 549 1680 Acclinis:
572 1645 611 1673 ut
626 1646 792 1682 congruat
806 1643 851 1681 τῷ·
864 1651 958 1682 προσ-

257 1689 447 1730 κεκλιμένος.
472 1691 598 1722 Mareu.

301 1743 343 1773 41
367 1740 435 1771 Hic
448 1738 520 1779 ego]
538 1739 594 1771 Ita
609 1739 797 1780 conjunge:
824 1740 890 1771 Hic
902 1750 960 1779 ego

258 1790 379 1823 inserui
395 1793 439 1830 te,
455 1789 491 1820 id
508 1794 563 1821 est
585 1789 727 1830 sepelivi
752 1794 786 1821 te
804 1790 838 1821 in
854 1789 958 1821 Alba-

261 1850 317 1872 no.
360 1839 499 1879 Sicanii]
523 1839 614 1871 Nam
636 1849 772 1871 crocum
789 1839 960 1880 principa-

262 1893 333 1922 tum
349 1889 483 1921 obtinet
504 1889 660 1921 Cilicium
676 1898 719 1919 ex
735 1889 879 1920 Corico:
912 1889 960 1919 al-

260 1944 374 1971 terum
391 1939 533 1980 Lycium
554 1948 598 1970 ex
622 1939 795 1979 Olympo:
819 1938 959 1970 tertium

263 1989 529 2030 Centuripinum
557 1997 600 2019 ex
631 1988 768 2020 Sicilia:
803 1987 961 2019 nonnulli

262 2039 448 2072 secundum
462 2040 574 2070 locum
584 2038 764 2079 Phlegraeo
777 2037 960 2069 dederunt.

262 2089 387 2122 Strabo
411 2089 518 2121 Siculi
541 2089 641 2120 etiam
667 2088 832 2127 meminit,
849 2093 886 2120 et
901 2098 961 2119 nos

263 2140 298 2171 in
310 2140 333 2173 J
338 2140 514 2172 uvenalem
532 2139 730 2180 repetimus.
754 2139 876 2171 Domit.

305 2192 348 2222 44
373 2190 453 2221 Cum
466 2190 556 2221 laude
577 2188 651 2229 loci]
687 2189 777 2220 Nam
799 2189 895 2220 locus
911 2197 963 2219 se-

263 2240 401 2281 pultura
416 2245 475 2271 tua
490 2238 610 2271 nobilis
627 2243 697 2270 est:
733 2237 824 2279 quod
848 2242 962 2270 antem

264 2289 452 2329 antecedit,
476 2298 549 2320 nam
563 2287 697 2327 Sicanii,
731 2298 792 2329 per
813 2287 962 2328 interpo-

262 2338 418 2371 sitionem
434 2337 613 2379 legendnm
634 2347 740 2378 usque
763 2337 820 2377 ad,
839 2338 963 2378 decerp-

263 2388 306 2419 sit
320 2388 449 2419 aristas.
494 2388 572 2419 Non
595 2391 689 2418 esset
710 2387 774 2419 tibi
790 2386 918 2427 gratius
935 2386 963 2418 si

264 2444 445 2468 urerentur
490 2436 714 2468 odoramenta
759 2436 849 2477 rogis
884 2435 964 2475 tuis,

264 2496 366 2529 qnam
388 2486 476 2528 quod
498 2486 533 2517 in
559 2492 677 2518 nostro
705 2495 787 2527 agro
808 2486 961 2527 sepultus

265 2547 315 2569 es.
339 2537 440 2568 Idem.

307 2589 351 2618 46
375 2586 453 2616 Curi
473 2596 549 2626 qaas
572 2586 743 2627 nunquam]
780 2585 872 2617 Male
894 2585 963 2617 Ge-

265 2634 367 2667 vartii
381 2635 500 2674 editio,
514 2635 593 2667 cari.
613 2636 699 2667 male
722 2645 857 2677 quoque
883 2645 964 2667 con-

260 2683 374 2724 jectat
402 2684 579 2724 Morellus,
605 2684 672 2716 rari
700 2694 778 2725 quas
818 2694 962 2726 unquam.

265 2731 438 2773 Grandins
449 2732 555 2764 multo
568 2732 708 2770 Noster,
719 2732 787 2765 rari
798 2743 963 2773 nunquam.

716 202 854 234 NOTAE
885 201 1151 234 VARIORUM
1184 202 1238 233 IN

997 295 1082 328 Rari
1100 286 1434 337 parentem'propter
1456 292 1566 326 scelus
1589 291 1701 339 bonif!

997 355 1090 385 num,
1105 349 1142 377 et
1163 345 1241 387 quia
1258 344 1368 385 pietas
1383 343 1488 376 oblita
1509 343 1618 384 νίκαις
1634 343 1696 376 bn·

998 395 1145 427 buerunt
1157 404 1254 426 veras
1263 394 1419 426 lacrimas
1430 404 1450 426 a
1460 393 1568 426 natis:
1586 392 1649 426 sed
1659 397 1698 425 et

999 444 1047 476 illi
1065 445 1178 485 pauci,
1195 445 1253 486 qui
1276 444 1482 484 habuerunt,
1497 452 1566 475 non
1578 446 1695 475 tamen

1000 497 1111 525 tantas
1133 499 1271 535 tamque
1292 489 1444 533 acerbas,
1465 497 1610 536 quantas
1630 501 1697 534 ego

1000 544 1063 575 tibi
1078 542 1204 576 refero.
1219 543 1310 575 Vide
1325 544 1426 576 Gran.
1437 543 1548 576 Βίαν.
1560 551 1627 584 cap.
1641 544 1700 576 4⁹·

1043 597 1085 626 47
1108 594 1212 635 Atque
1225 594 1346 626 utinam
1359 593 1494 632 sor-tum
1507 594 1601 626 dares
1619 591 1699 624 nui

1002 645 1151 676 Manibus
1170 644 1258 686 arus]
1291 644 1369 677 Hoc
1390 644 1425 676 in
1450 643 1588 676 fortuna
1603 643 1698 684 regia

1002 695 1155 727 Nicoclis
1170 695 1289 727 laudat
1313 694 1499 732 Isocrates,
1519 693 1611 737 qnod
1636 701 1697 735 pa·

1003 744 1066 775 tris
1081 745 1131 776 sui
1149 745 1315 785 Evagorae
1331 748 1584 777 monumentum
1597 744 1699 776 orna·

1003 798 1074 825 ret:
1099 793 1146 825 Οὔ
1159 792 1252 834 μόνον
1264 794 1309 834 τῷ
1323 792 1434 831 πλήθει
1453 792 1506 826 καὶ
1517 795 1563 834 τᾷ
1583 793 1700 826 κάλλει

1001 844 1064 874 τῶν
1077 842 1310 884 ἐπιφερομένων·
1333 842 1417 875 ἀλλὰ
1434 843 1486 876 καὶ
1507 845 1625 885 χοροῖς,
1646 843 1700 876 καὶ

1002 895 1144 936 μουσικῇ,
1152 893 1203 925 καὶ
1211 894 1368 934 γυμνικοῖς
1376 893 1506 934 ἀγῶσιν,
1514 905 1544 927 κ.
1551 905 1585 926 τ.
1594 899 1628 927 λ.
1641 894 1699 926 Sic

1003 944 1095 985 apud
1111 945 1207 986 Virg.
1223 943 1345 976 AEneas
1370 948 1408 977 et
1433 945 1540 977 socii:
1567 945 1700 977 ‘aram'-

1005 1003 1070 1036 que
1093 995 1271 1036 Sepulchri
1293 995 1489 1035 Congerere
1511 993 1702 1034 arboribus,

1004 1045 1158 1086 coeloque
1165 1044 1315 1076 educere
1324 1043 1483 1084 certant?
1491 1045 1558 1077 διο.
1570 1044 1698 1076 Mareu.

1045 1097 1089 1126 49
1122 1094 1269 1135 scopulos
1295 1094 1479 1136 Cyclopum]
1515 1094 1559 1126 In
1587 1093 1701 1126 Sicilia

1004 1137 1204 1176 visebantur
1225 1143 1412 1185 Cyclopum
1443 1146 1542 1176 antra
1565 1143 1701 1176 eximin

1004 1192 1260 1234 magnitudinis.
1303 1193 1442 1234 Septem
1462 1191 1603 1225 fuerunt
1617 1202 1636 1224 e
1649 1192 1702 1225 si·-

1005 1243 1083 1276 cilia
1097 1242 1257 1275 accersiti
1271 1253 1292 1274 a
1313 1242 1430 1275 Proeto
1447 1241 1490 1274 ad
1504 1242 1702 1284 'stry-them

1006 1294 1124 1325 urbem
1133 1292 1367 1325 muniendam:
1379 1292 1615 1335 appellatique
1623 1297 1703 1324 sunt

1005 1342 1252 1385 γαστερόχειρες,
1274 1342 1310 1374 id
1333 1347 1387 1374 est
1405 1342 1560 1374 manibus
1575 1342 1703 1374 victum

1007 1394 1119 1425 ventri
1132 1396 1338 1435 quaerentes.
1386 1392 1517 1423 Horum
1530 1391 1702 1432 cognomi-

1007 1453 1052 1475 na
1074 1443 1200 1475 habent
1223 1442 1326 1474 etiam
1341 1442 1516 1483 speluncae
1539 1440 1582 1472 ad
1609 1441 1704 1473 Nan-

1008 1493 1124 1534 pliam.
1145 1487 1241 1524 Dom.

1050 1546 1092 1574 63
1120 1542 1247 1574 OEbnlio
1281 1540 1379 1582 dinco]
1425 1541 1618 1581 Spar-tunm
1653 1541 1705 1576 ,de

1008 1591 1101 1624 disco
1124 1591 1233 1623 muita
1256 1591 1358 1623 etiam
1383 1591 1441 1632 qui
1458 1589 1705 1632 Gymnasticen

1008 1645 1044 1673 et
1060 1640 1261 1681 Agonistica
1273 1640 1498 1680 scripserunt.

988 1707 996 1711 „
1050 1695 1091 1722 65
1117 1690 1230 1731 Fam]
1253 1691 1346 1722 Loca
1371 1689 1415 1721 ad
1440 1698 1602 1731 equorum
1628 1698 1706 1722 cnr-

1008 1750 1081 1773 snm
1097 1745 1294 1781 comparata
1308 1744 1345 1772 et
1359 1738 1494 1772 effossa.

1051 1794 1093 1823 57
1115 1791 1210 1832 Rite]
1232 1791 1273 1822 Id
1294 1794 1365 1830 est,
1378 1794 1508 1823 statuto
1526 1789 1596 1831 die,
1609 1790 1707 1825 annis

1008 1842 1242 1874 redeuntibus.
1281 1841 1475 1874 Providentia
1484 1841 1631 1884 proemt'a]
1643 1841 1709 1874 Co-

1009 1900 1116 1924 ronae.

1052 1944 1095 1972 60
1120 1941 1255 1982 orphea
1269 1941 1370 1982 teges]
1402 1942 1459 1973 De
1482 1949 1551 1973 non
1567 1939 1707 1981 respici-

1011 1991 1110 2022 endo.
1156 1990 1242 2022 Vide
1256 2000 1331 2032 quae
1345 1989 1475 2022 Theod.
1491 1989 1708 2022 Sitzmannns

1011 2040 1129 2071 attulit
1153 2039 1196 2071 ad
1225 2039 1326 2072 Boet.
1357 2041 1533 2073 Consolat.
1561 2039 1633 2072 lib.⁴
1650 2048 1708 2072 ιιι.

1011 2090 1126 2122 Carm.
1138 2091 1191 2121 12.

1053 2142 1095 2170 63
1121 2140 1219 2170 Torvo
1235 2138 1380 2179 Maroni]
1414 2137 1456 2170 Id
1484 2143 1551 2178 est,
1564 2137 1710 2170 inimita-

1012 2188 1086 2220 bili.
1132 2188 1211 2221 Vid.
1240 2189 1415 2233 Passerat.
1444 2187 1487 2219 ad
1516 2188 1622 2229 Prop.
1648 2187 1708 2220 lib.

1012 2248 1054 2270 ιι.
1093 2238 1145 2270 El.
1175 2241 1230 2270 34.
1258 2243 1295 2270 et
1325 2238 1442 2270 Barth.
1471 2237 1619 2270 Advers.
1648 2237 1708 2270 lib.

1013 2297 1116 2320 cvm.
1131 2297 1208 2329 cap.
1225 2290 1277 2320 14.

1054 2340 1096 2369 68
1118 2337 1229 2369 Liceat
1243 2336 1347 2377 modo)
1366 2337 1454 2369 itura
1469 2338 1632 2380 maritum]
1652 2337 1709 2370 In-

1010 2386 1204 2419 dubitatam
1239 2387 1329 2419 hanc
1360 2387 1606 2419 correctionem
1634 2395 1711 2419 esse

1012 2440 1136 2477 putant
1150 2436 1214 2468 viri
1233 2436 1349 2476 docti;
1371 2445 1448 2478 ego,
1463 2445 1548 2477 pace
1564 2436 1709 2476 illorum,

1011 2486 1297 2527 intempestivam.
1341 2486 1502 2518 Mor-itura
1515 2480 1551 2518 ii»
1563 2486 1712 2518 mar-itum

1011 2540 1067 2567 est
1083 2536 1227 2568 moriens
1243 2545 1279 2566 se
1287 2535 1442 2576 jactura,
1456 2535 1660 2577 impositura
1673 2535 1709 2567 in

1012 2585 1182 2625 maritum,
1209 2585 1264 2616 vel
1287 2584 1452 2616 moritura
1477 2594 1582 2626 super
1609 2585 1710 2617 mari-

1014 2639 1098 2667 tum.
1141 2634 1235 2666 Nihil
1265 2634 1369 2674 magis
1399 2633 1605 2667 statianum.
1646 2635 1711 2667 Est

1012 2687 1126 2715 autem
1142 2693 1181 2715 ea
1197 2683 1247 2715 vis
1267 2683 1444 2725 particulae
1466 2684 1501 2716 in
1515 2693 1580 2726 pro
1594 2694 1710 2725 super.

1013 2734 1100 2766 Nam
1116 2733 1205 2775 quod
1221 2733 1277 2766 hic
1304 2733 1401 2775 dicit,
1428 2733 1463 2766 id
1489 2734 1640 2777 explicat
1662 2735 1711 2768 ita
