1878 3164
297 258 412 316 1814

299 368 356 401 ‘in
371 375 424 399 me
438 375 535 399 mora
549 375 616 399 non
633 366 699 398 erit
712 365 802 397 ulla.'
830 366 942 398 Barth.

340 421 403 449 551
428 417 498 449 Hos
509 417 633 458 prodire
647 415 757 457 jugie]
781 417 909 448 Contra
925 426 992 448 om-

297 474 357 499 nes
381 466 497 505 libros,
517 466 638 507 probo,
661 466 751 507 quod
767 466 892 507 ingerit
908 467 992 498 Lac·

295 516 440 549 tantius:
466 516 538 547 Hos
559 517 643 548 deire
654 515 756 556 ῥυεὶς.
799 517 883 549 Quae
906 522 943 548 et
958 517 992 548 in

296 572 490 599 nostrorum
507 567 635 607 optimo
651 566 688 608 (a
697 566 740 598 V.
757 566 825 598 CL.
841 567 992 607 Berneg—

297 627 379 659 gero
395 617 559 649 utendum
574 616 651 648 olim
669 615 879 657 accepimus)
903 617 993 647 inter

295 677 415 699 versus
433 671 550 698 notata
572 669 770 707 comparet:
805 665 900 706 deire,
925 665 992 698 ‘de

291 717 386 758 jugis
402 715 473 748 ire!
498 717 636 747 Gronov.

339 769 401 798 553
430 767 476 798 Ut
486 766 604 798 clausas
617 765 781 806 indagine]
804 765 891 797 Haec
903 775 992 798 com-

295 817 426 858 paratio
450 817 493 848 ad
518 816 694 857 superiora
718 815 899 847 referenda
925 820 991 849 est.

295 866 396 898 Dicit
412 867 499 897 enim
516 867 565 898 sic
583 866 657 897 illos
672 871 730 897 aut
747 866 789 897 de
805 866 896 907 jugis
913 876 989 908 pro-

294 916 412 956 diisse,
423 921 482 948 aut
493 917 534 948 de
546 916 701 957 vallibus,
710 916 989 958 quemadmodum

294 966 338 997 de
355 966 481 999 retibus
495 967 591 1007 ferae,
605 977 687 1009 quas
702 968 738 998 in
760 967 907 998 medium
925 977 989 999 vox

293 1016 491 1047 venantium
509 1020 544 1046 et
559 1017 686 1047 clamor
700 1017 854 1058 expellit.
895 1017 990 1048 Τιιηο

294 1063 385 1095 enim
413 1064 495 1096 licet
523 1064 611 1096 scire
636 1064 736 1106 qu'am
759 1066 877 1097 multae
907 1066 989 1105 sint,

294 1123 370 1146 cum
387 1118 519 1145 terrore
535 1114 691 1146 clamoris
707 1119 832 1146 coactae
861 1114 990 1146 fuerint

293 1173 361 1199 non
376 1165 505 1197 latere:
531 1170 585 1196 est
604 1175 686 1209 ergo
707 1166 810 1198 ordo:
834 1166 889 1198 Sic
914 1167 989 1198 illos

293 1223 475 1246 excursare
494 1225 513 1247 e
529 1215 670 1247 latebris
686 1215 790 1252 videt,
807 1221 844 1248 ut
859 1217 989 1248 clausas

293 1264 454 1305 indagine
475 1263 564 1296 feras
581 1275 646 1296 vox
668 1265 777 1307 prima
792 1265 826 1297 in
842 1266 988 1298 medium

292 1313 438 1356 profert.
483 1315 658 1356 ‘Indago’
680 1322 794 1347 autem
821 1320 885 1357 est,
911 1326 988 1348 cum

292 1365 411 1397 silvam
438 1365 630 1397 venantium
659 1375 785 1398 corona
811 1366 928 1405 vallat,
950 1371 988 1398 ut

291 1414 377 1447 ferae
394 1416 540 1447 evadere
555 1425 620 1447 non
638 1416 780 1456 possint.
804 1416 896 1448 Lact.

335 1468 399 1497 554
424 1466 504 1501 Quoe
516 1467 580 1497 sola
590 1466 748 1506 medendi]
771 1465 813 1497 Id
830 1470 895 1505 est,
912 1475 988 1508 quae

292 1516 362 1548 sola
381 1516 435 1547 via
450 1515 570 1547 salutis
585 1515 691 1555 est‚in
707 1515 821 1547 hostes
836 1515 987 1547 inciden-

291 1569 363 1596 tem
381 1564 487 1596 ardua
503 1567 631 1606 petere.
657 1564 755 1596 Idem.

334 1618 398 1647 556
419 1616 464 1646 Et
478 1615 638 1655 abscissis]
662 1615 758 1646 Ordo
775 1618 828 1646 est
843 1626 851 1647 ε
868 1616 914 1647 Et
930 1616 987 1647 ab·

290 1665 402 1697 scissis
418 1665 574 1697 cautibus
591 1664 777 1706 infringens
800 1675 902 1697 tincas
918 1676 985 1697 ma—

289 1725 353 1748 nus
363 1716 450 1757 juga
461 1716 544 1748 dura
558 1721 737 1756 exuperat.
758 1716 859 1748 Idem.

333 1769 398 1797 558
420 1766 538 1798 Procul
551 1769 640 1806 tergo
652 1766 766 1806 metus]
803 1767 987 1807 Praerupto

291 1820 328 1848 et
343 1825 411 1848 non
428 1815 619 1848 accessibili
640 1825 659 1847 a
674 1816 863 1857 posteriore
888 1821 987 1857 parte

289 1876 388 1908 rupe.
412 1866 531 1899 Barth.

328 1921 395 1950 563
427 1918 583 1950 Adversas
611 1918 786 1959 Lapythas]
823 1919 985 1960 Lapythae.

289 1972 410 2009 gentes
436 1968 631 2008 'I'hessaliae‚
660 1968 807 2000 omnium
837 1969 1008 2003 virorum¹

288 2017 449 2050 sublimes
464 2018 644 2058 patientia,
658 2027 733 2049 cum
757 2018 890 2050 caeteris
907 2018 985 2050 Diis

286 2067 532 2099 immortalibus
566 2076 677 2099 annua
714 2076 810 2098 sacra
841 2066 984 2099 confice-

287 2124 378 2155 rent,
395 2118 429 2150 in
451 2118 526 2159 ipsa
548 2117 712 2158 religione
729 2126 833 2158 genus
849 2118 984 2149 sacrile-

289 2169 336 2209 gii
351 2168 565 2200 commissum
582 2171 653 2199 est:
690 2177 765 2199 cum
789 2168 879 2199 enim
897 2168 984 2199 Piri-

286 2218 357 2251 thoi
373 2217 460 2258 regis
485 2218 537 2249 sui
562 2218 691 2258 nuptiae
719 2217 985 2259 celebrarentur,

290 2272 326 2300 et
350 2266 517 2299 sacrificia
546 2267 699 2299 omnibus
730 2267 794 2298 diis
817 2266 984 2308 facerent,

287 2318 414 2351 Martis
439 2318 541 2350 solius
564 2317 709 2348 incultas
735 2326 810 2348 aras
835 2317 982 2359 relique-

285 2372 378 2408 runt,
393 2368 464 2399 sive
479 2366 684 2408 ignorantia,
699 2366 770 2397 sive
784 2370 982 2408 contemptu

284 2419 442 2459 numinis,
455 2419 601 2450 habetur
614 2417 792 2450 incertum.
828 2418 913 2451 Quae
927 2427 981 2449 res

283 2467 465 2500 manifesto
495 2467 613 2509 punita
640 2471 694 2498 est
727 2467 837 2498 exitu:
885 2468 980 2499 Mars

276 2517 530 2561 'namquefecit
545 2522 583 2549 nt
600 2517 762 2549 adversus
790 2517 980 2549 Centauros

284 2569 464 2608 bellarent,
479 2578 498 2600 a
515 2567 634 2609 quibus
650 2567 730 2598 victi
743 2572 842 2598 sunt:
860 2567 980 2599 civitas

285 2618 407 2649 damno
423 2618 594 2649 intellexit
609 2617 782 2658 religionis
807 2617 979 2650 virtutem.

282 2667 382 2699 Unde
397 2667 578 2708 Virgilius:
602 2667 612 2684 ‘
625 2667 720 2698 Mars
736 2667 883 2708 perdere
898 2677 979 2708 gen-

281 2722 353 2751 tem
387 2717 573 2750 Immanem
614 2717 726 2759 potuit
763 2717 980 2759 Lapythum.’

283 2766 428 2800 Lactant.

753 269 894 304 NO'I'AE
926 270 1190 304 VARIORUM
1222 270 1274 304 IN

1085 369 1148 399 564
1170 366 1282 407 Stupet
1305 366 1409 407 obvia]
1431 365 1510 399 Jam
1526 375 1545 398 n
1560 359 1739 411 *compti*

1042 416 1134 449 tione
1147 416 1314 457 discessit,
1330 417 1370 448 ad
1387 416 1494 449 fatum
1513 417 1622 459 Tydei
1637 411 1740 451 redif-

1042 466 1163 498 Potuit
1177 467 1263 498 enim
1280 467 1479 507 ambiguitas
1494 465 1740 506 circumvenit&

1042 516 1218 549 lectorem.
1242 517 1339 548 Idem.

1084 570 1148 598 568
1185 566 1324 606 Deiecti]
1361 566 1475 599 Probo
1510 567 1631 609 optimi
1658 564 1738 599 libri

1042 617 1265 658 scripturam:
1305 616 1452 656 Disiecti.
1495 617 1538 650 In
1563 615 1674 650 frusta
1701 619 1739 649 e-'

1042 667 1109 699 nim
1121 667 1336 708 conquassati
1351 673 1427 699 sunt
1443 671 1479 700 et
1493 666 1670 709 disparati,
1685 676 1739 699 os-

1043 718 1133 749 sibus
1150 722 1185 748 et
1198 717 1299 748 armis
1315 716 1498 749 confractis
1511 722 1547 749 et
1558 717 1740 759 permistis.

1042 767 1184 798 Minime
1201 767 1306 798 omnis
1328 767 1401 798 haec
1426 775 1529 799 scena
1542 766 1740 799 verosimili-

1042 823 1096 850 ter
1120 818 1203 849 ficta
1225 822 1296 850 est:
1321 818 1391 849 Cnr
1416 818 1503 849 enim
1520 827 1586 850 non
1601 818 1739 851 absces-

1041 878 1116 900 sere
1146 868 1178 900 hi
1211 868 1356 908 longius,
1384 871 1481 899 tanto
1511 877 1594 900 saxo
1618 867 1739 900 librari

1041 918 1134 949 viso?
1169 919 1240 950 Cur
1269 927 1336 949 non
1366 916 1582 949 confixerunt
1611 916 1738 958 jaculis

1040 973 1100 1000 aut
1115 968 1219 1000 hastis
1245 966 1464 999 scandentem
1487 971 1556 998 tem
1571 962 1739 998 laboriose

1040 1017 1236 1050 consecuti?
1259 1017 1374 1049 Barth.
1565 1022 1568 1031 ⁷
1722 1021 1728 1037 2

1082 1070 1144 1099 573
1171 1067 1357 1106 Terrigenas
1370 1066 1525 1104 consessus
1547 1065 1637 1108 avos]
1658 1065 1736 1098 Non

1041 1121 1171 1149 tantum
1185 1117 1338 1149 meliores
1354 1115 1454 1147 codd'.
1469 1115 1611 1158 conficite,
1625 1110 1738 1148 sedet

1042 1167 1236 1199 Priscianus
1251 1167 1309 1198 lib.
1326 1174 1436 1198 xvnr.
1451 1165 1506 1197 ubi
1526 1159 1686 1197 observat
1702 1169 1739 1196 et

1040 1217 1173 1249 Graecis
1198 1217 1265 1248 dici
1282 1215 1493 1257 θαῤῥῶτοῦτο,
1509 1219 1544 1246 et
1555 1213 1653 1255 θαῤῥῦ
1665 1215 1738 1246 ‘roffi

1038 1278 1094 1306 τῳ,
1111 1266 1228 1298 addito
1244 1275 1286 1298 ex
1304 1265 1558 1298 Demosthene:
1583 1263 1665 1296 οὔτε
1685 1259 1738 1296 ‹it-

1037 1324 1151 1350 λιππος
1176 1317 1291 1359 ἑθάῤῥει
1311 1317 1443 1358 τούτοις,
1469 1316 1541 1348 effre
1564 1314 1605 1348 σὺ
1618 1315 1674 1349 τὸν
1686 1316 1737 1348 Φί-

1037 1373 1162 1400 λιππον.
1187 1369 1325 1399 Gronov

1080 1420 1141 1449 575
1171 1418 1398 1458 Pentheumque
1423 1417 1562 1459 trahens]
1583 1418 1688 1449 Velut
1716 1427 1736 1449 a

1039 1468 1195 1499 Pentheo
1220 1468 1386 1509 originem
1428 1468 1563 1500 trahens
1593 1469 1738 1508 generis.

1039 1517 1232 1558 Phoedimus]
1255 1518 1451 1549 Phaedimus
1477 1517 1625 1558 nomine,
1651 1526 1736 1549 non-

1039 1568 1117 1600 dum
1135 1573 1170 1600 te
1183 1573 1323 1610 propter
1338 1568 1483 1600 Penthei
1495 1577 1618 1601 nomen
1630 1568 1737 1601 Liber

1037 1619 1165 1650 habens
1182 1618 1381 1659 propitium,
1396 1617 1505 1660 Tydei
1520 1615 1620 1651 armis
1635 1626 1737 1651 occu-

1038 1670 1122 1702 buit.
1144 1669 1290 1700 Laetam.

1078 1721 1142 1749 580
1164 1717 1295 1758 Libens]
1317 1718 1372 1749 Ne
1399 1718 1573 1751 videretur
1594 1718 1638 1750 ab
1659 1718 1736 1751 hos·-

1037 1768 1128 1800 tibus
1163 1768 1236 1799 loco
1266 1767 1301 1798 in
1330 1776 1398 1809 qno
1433 1772 1577 1801 steterat
1607 1764 1735 1811 pulsus.

1038 1818 1137 1850 Idem.
1720 1830 1722 1833 ·

1077 1870 1139 1900 581
1177 1868 1309 1909 Orbem]
1343 1867 1481 1900 Scutum
1521 1867 1733 1902 obvolutum.

1036 1919 1131 1951 Bene
1147 1918 1299 1950 subdidit
1313 1919 1415 1950 orbem
1425 1929 1439 1957 ;
1461 1921 1541 1951 sunt
1554 1919 1645 1952 enim
1659 1919 1734 1952 scu*-

1035 1973 1072 2001 ta
1083 1968 1230 2009 oblonge
1246 1967 1355 2000 facta.
1378 1968 1476 2000 Idem.
1544 1972 1545 1975 ’

1078 2021 1140 2050 583
1165 2019 1210 2049 Et
1225 2018 1342 2050 vertice
1357 2018 1492 2058 tegmine
1507 2021 1580 2050 noto
1601 2018 1732 2060 Septus]

1035 2067 1188 2109 Optimi:
1211 2068 1350 2107 tegmina
1363 2070 1457 2100 nota.-
1480 2067 1622 2110 optime,
1634 2069 1733 2111 quasi

1034 2122 1126 2149 esset
1142 2122 1261 2158 septus
1279 2117 1446 2149 verticem
1460 2117 1610 2159 tegmine
1625 2123 1728 2151 noto:

1034 2169 1122 2201 sicut
1138 2175 1173 2201 et
1194 2170 1204 2187 ‘
1217 2169 1485 2202 indutusveste’
1507 2174 1543 2201 et
1558 2171 1568 2189 ‘
1581 2170 1732 2204 vestem’

1033 2219 1186 2252 dicimus.
1229 2219 1285 2251 Sic
1323 2219 1380 2251 lib.
1419 2228 1486 2251 vn.
1530 2222 1605 2252 2⁷9.
1649 2219 1731 2254 Am·

1033 2269 1135 2310 phion
1163 2269 1293 2309 ‘lyram
1320 2269 1419 2308 galea
1441 2273 1608 2310 tauroque
1629 2268 1732 2311 insig-

1031 2320 1083 2350 nis
1100 2318 1216 2359 avito,'
1233 2318 1324 2361 quod
1351 2318 1479 2350 habent
1502 2319 1636 2360 scripti,
1657 2329 1728 2352 mu·

1031 2374 1170 2401 tarunt:
1194 2370 1204 2387 ‘
1218 2369 1290 2409 lyra
1305 2369 1435 2409 galeam
1449 2369 1585 2411 :’'quasi
1599 2380 1666 2403 non
1682 2381 1728 2403 ae·

1030 2429 1095 2461 que
1111 2423 1206 2450 recte
1219 2418 1392 2450 diceretur
1407 2418 1489 2450 illud
1501 2424 1537 2451 et
1552 2420 1729 2453 commode

1031 2469 1262 2511 explicaretur
1278 2468 1416 2510 insignis
1437 2469 1527 2510 quod
1554 2471 1596 2502 ad
1622 2471 1727 2513 lyram

1030 2521 1084 2551 vel
1099 2529 1161 2561 per
1178 2519 1297 2560 lyram,
1321 2529 1421 2561 quam
1443 2519 1548 2552 habet
1569 2521 1605 2553 iu
1618 2523 1727 2564 galea.

1032 2571 1171 2602 Gronov.

1072 2623 1136 2652 586
1160 2618 1331 2661 Ogygidae]
1350 2619 1503 2651 Thebani
1529 2619 1572 2652 ab
1589 2620 1726 2663 Ogygio

1029 2671 1213 2710 terrigena.
1237 2670 1383 2702 Laetam.

1070 2723 1133 2752 587
1149 2718 1372 2762 Bystkonium]
1386 2719 1492 2761 Tydei
1505 2729 1634 2752 ensem.
1651 2715 1725 2754 Un-

1029 2769 1071 2802 de
1101 2770 1218 2811 Tydeo
1253 2770 1461 2811 Bysthonius
1500 2771 1590 2804 ensis
1610 2772 1623 2805 ἓ
1659 2770 1725 2806 nisi
