1878 3164
489 227 527 257 P.
564 225 754 257 PAPan
789 225 955 257 STATH
989 226 1139 258 ΤΗΕΒ.
1173 229 1270 260 LlB.
1292 230 1359 261 Vl.

184 317 228 355 lis
243 320 279 354 in
295 323 372 355 tuos
379 320 447 354 ibit
456 320 581 363 rogos!
598 321 730 355 Noster
742 321 806 354 lib.
821 330 860 354 xi
867 332 893 354 1.

185 371 356 415 ‘Accipe‚
376 377 472 413 nate,
507 373 558 405 tui
594 383 683 405 nova
709 372 894 405 libamenta

185 423 364 466 trin'mpbi.
407 422 543 465 Accipe
575 426 612 455 et
641 424 703 454 noc
740 422 892 464 regimen

183 471 331 514 dextrae,
344 473 535 516 frontisque
560 473 717 515 superbae
734 473 895 514 Vincula,

183 533 263 566 qna
277 524 379 566 -patri
402 524 541 556 nimium
558 523 727 565 gestanda
742 523 893 556 dedisti?

182 574 381 608 Decemviri
401 575 436 608 in
453 575 585 618 tegibus
601 585 669 608 xn.
686 575 892 614 tabularum,

181 619 368 669 compedes
389 627 447 670 (ut
468 626 517 658 sic
533 626 663 667 dicam)
679 625 759 658 huic
777 626 892 658 stulti-

180 675 242 710 tius
257 677 466 720 injecerant,
483 677 543 709 sed
571 678 667 719 pravi
691 687 804 709 mores
831 677 891 710 bo-

179 727 353 770 an'teges
368 727 552 760 vicerunt:
578 728 702 759 Cicero
716 727 758 759 de
770 728 891 770 Legib.

179 787 223 813 n.
257 778 494 812 ‘Jam‘cetera
511 779 546 811 in
560 789 629 812 xn.
646 780 689 812 de
706 781 890 812 minuendo

177 834 330 872 sumptu,
359 830 531 862 translata
558 837 640 863 sunt
676 830 720 862 de
755 831 889 863 Solonis

177 879 418 923 ferelegibns.
447 882 645 914 Extenuato
657 881 763 923 igitur
772 892 889 924 sump-

179 935 231 972 ta,
247 931 358 964 tribus
374 932 503 964 riciniis
512 938 550 964 et
573 933 678 964 clavis
697 933 891 975 purpureis,

178 986 217 1015 et
231 982 353 1015 decem
379 982 589 1024 tibicinibus,
612 984 704 1016 tollit
716 984 821 1016 etiarn
838 985 885 1016 la-

176 1032 450 1065 mentationem!
507 1033 711 1074 Respiciunt
741 1034 887 1067 Decem-

177 1082 241 1115 viri
255 1083 354 1115 mutue
367 1083 484 1125 ritum,
499 1089 537 1117 et
552 1085 674 1117 nolunt
691 1085 767 1127 plus
784 1096 885 1128 quam

178 1137 250 1167 tres
273 1138 389 1167 vestes
402 1145 482 1167 cum
507 1136 651 1167 mortuis
668 1137 720 1168 nri
736 1137 790 1168 vel
806 1147 887 1169 con-

175 1183 225 1217 di.
241 1185 304 1218 viri
315 1185 408 1218 docti
425 1186 483 1228 qui
499 1186 600 1219 aliter
615 1192 809 1228 exponunt,
822 1186 887 1219 fat·

177 1235 253 1268 lunt
270 1241 306 1268 et
319 1235 504 1269 falluntur:
529 1236 613 1269 illud
627 1237 730 1269 etiam
747 1238 884 1279 dignum

177 1285 261 1319 duxi
276 1287 503 1330 monitu,qna
524 1287 616 1329 apud
638 1287 794 1328 Graeca,
818 1299 886 1331 qna

175 1337 347 1372 &manos
354 1339 458 1371 moris
468 1337 631 1380 fnisse,nt
643 1339 797 1371 morituri
812 1340 884 1381 pul·

174 1388 362 1422 enen-rimas
375 1395 491 1423 vestes
503 1395 691 1428 sumerent,
705 1390 740 1422 in
761 1390 884 1432 quibus

173 1439 410 1473 moriebantur
422 1445 459 1474 et
468 1441 773 1474 comburebantur.
794 1441 884 1473 Con·

174 1490 248 1523 snle
262 1480 460 1533 bingencm
481 1491 654 1524 Lae‘rtiuni
678 1492 711 1523 in
736 1492 806 1524 vita
821 1493 883 1524 So-

173 1541 293 1583 cratis,
313 1542 462 1583 Livium,
477 1542 646 1575 Velleium
659 1544 882 1576 Patercnlum

172 1590 238 1624 lib.
261 1600 303 1637 ¹·.¹·
325 1591 479 1626 Plinium
506 1593 618 1636 Epist.
642 1593 703 1626 lib.
719 1603 762 1626 11.
779 1595 882 1637 epist.

172 1641 236 1675 ult.
259 1641 416 1676 Βονωνί-
829 1661 836 1664 ·

174 1714 180 1721 ·
217 1695 280 1726 19⁵
299 1693 480 1727 >cmm-iem
494 1694 586 1734 ferro
599 1695 731 1737 minuit]
754 1696 799 1728 Et
815 1696 881 1729 hoc

170 1743 321 1777 maximi-
338 1743 466 1776 doloris
487 1745 652 1778 indicium
678 1746 771 1788 apud
795 1746 881 1787 pris-

170 1803 244 1836 eos,
256 1795 295 1829 in
309 1797 464 1839 exequiis
483 1797 628 1840 alicujus
651 1798 795 1840 capillos
821 1798 881 1831 de-

170 1842 302 1888 sidere,
317 1846 459 1880 barbam
474 1847 606 1888 radere,
622 1849 735 1890 crines
751 1850 880 1881 tumulo

169 1895 364 1939 imponere,
394 1902 455 1931 aut
483 1898 518 1930 in
550 1908 668 1940 rogum
694 1900 879 1942 conjicere.

170 1945 312 1981 Alcaens
327 1948 741 1991 Epigrammatographus
755 1961 763 1981 :
788 1948 881 1981 Πᾶσά

170 1998 231 2032 σοι’
242 1998 396 2041 οἰχομένῳ
425 1999 554 2044 Πυλάδῃ
584 1999 734 2033 κωκύεται
761 1999 881 2035 Ἑλλὰς

164 2048 347 2083 ‘Athen-rou
360 2050 477 2092 χαίταν
492 2052 525 2084 ἔν
537 2051 788 2095 χροῒθειραμένη.
813 2055 880 2086 Ex·

170 2101 306 2135 tinem
318 2103 421 2144 luget,
437 2103 588 2146 Pylades,
609 2108 642 2136 te
659 2104 789 2137 Groecia
813 2109 880 2138 tota

169 2152 226 2186 Aa!
249 2152 354 2185 vium
378 2154 478 2187 tonsis
502 2155 642 2188 crinibus
656 2166 750 2198 usque
765 2161 878 2191 cutem.

168 2201 353 2245 Iphigenia
366 2204 400 2236 in
415 2204 540 2237 Tauris
553 2206 644 2247 apud
657 2206 879 2248 Euripidem:

168 2250 295 2294 Τῦμβον
312 2267 349 2287 τε
374 2257 495 2296 χὸσον,
519 2256 646 2290 κάπίθες
668 2259 804 2298 μνημεῖα
816 2258 880 2298 μοί.

169 2303 231 2338 xal
244 2305 350 2348 δάκρυ,
363 2306 498 2348 ἀδελφὴ,
512 2306 564 2340 καὶ
576 2307 673 2348 κόμας
688 2308 766 2341 δότω
776 2308 877 2351 τάφῳ.

170 2354 395 2399 Musaque
407 2367 553 2399 congere,
563 2362 596 2392 et
607 2363 805 2393 monumenta
819 2361 878 2392 im-

165 2406 276 2448 ponito
286 2417 298 2439 .-
315 2408 430 2440 comm
450 2409 613 2450 sepulchro
628 2411 682 2442 det
703 2420 791 2442 soror
808 2422 879 2443 cum

168 2457 328 2500 mnis.
361 2459 407 2492 Et
420 2461 581 2502 exempla
597 2462 696 2502 plura
710 2467 788 2493 sunt
801 2472 877 2504 quae

167 2518 236 2543 non
249 2510 405 2544 exscribo
418 2521 429 2552 ;
444 2511 570 2544 diluam
587 2513 700 2554 potius
714 2514 789 2546 loca
800 2525 877 2557 quae

168 2560 338 2595 diversam
374 2563 582 2596 sententiam
606 2564 804 2596 adscribere
830 2565 877 2597 vi-

167 2610 307 2647 dentur.
333 2613 522 2646 Venuleius
536 2613 572 2647 J.
585 2615 625 2647 C.
639 2615 663 2648 1.
675 2623 815 2649 xxxix.
832 2616 876 2649 de

167 2662 328 2705 Injtiriis}
354 2663 366 2683 ‘
377 2665 520 2698 Vestem
547 2665 719 2698 sordidam
743 2667 790 2698 rei
816 2677 875 2699 no-

168 2713 261 2746 mine
275 2714 312 2746 in
326 2713 502 2756 publicum
527 2716 653 2749 babere
668 2718 875 2759 capillumve

167 2764 385 2798 summittere
407 2767 492 2798 nulli
518 2767 615 2809 licet,
639 2768 703 2799 nisi
727 2769 777 2800 ita
795 2779 875 2801 con-

161 2814 307 2860 junctus
334 2820 389 2849 est
420 2816 601 2859 affinitate,
629 2823 668 2852 ut
687 2818 816 2854 invitus
840 2819 876 2854 in

1545 216 1659 265 1893

944 331 1038 355 reum
1067 323 1303 357 testimonium
1334 324 1452 357 dicere
1483 326 1562 368 cogi
1589 337 1657 361 non

945 373 1090 415 possit),
1114 374 1312 414 Suetonius,
1323 376 1430 414 Julio,
1446 386 1524 418 cap.
1540 386 1657 411 van.

944 427 981 454 et
1020 423 1145 456 clarius
1183 425 1227 457 de
1270 426 1428 467 Caligula
1465 427 1500 458 in
1545 434 1656 461 morte

945 474 1132 508 Drusillae:
1155 476 1165 494 ‘
1180 477 1338 508 Moeroris
1358 478 1555 523 impatiens,
1579 485 1656 512 cuni

942 530 1087 566 repente
1112 531 1285 569 noctuque
1310 527 1524 569 profugisset
1540 529 1584 561 ab
1601 540 1657 562 ur-

943 573 998 611 be,
1018 598 1021 601 Δ
1042 578 1377 620 transcurrissetque
1419 580 1656 622 Campaniam,

941 625 1129 667 Syracusas
1145 628 1272 669 petiit:
1298 639 1482 672 rursusque
1504 631 1584 663 inde
1601 641 1655 664 re-

941 676 1135 714 diit,barba
1146 679 1341 721 capilloque
1356 680 1545 720 promisso!
1559 682 1654 714 Ecce

941 727 1054 758 crines
1070 728 1104 759 in
1131 728 1227 760 luctu
1251 738 1316 761 non
1333 731 1521 771 positi,sed
1545 733 1654 765 nutri-

940 777 989 809 ti:
1025 787 1089 811 nec
1119 779 1153 810 id
1183 779 1385 821 Principum
1421 792 1495 813 aevo
1529 783 1653 825 solum,

940 829 1001 860 sed
1025 834 1061 861 et
1085 830 1199 871 prisca
1228 831 1378 872 Republ.
1420 832 1576 873 Agellius
1607 834 1652 867 de

938 877 1103 911 Africano
1119 889 1128 911 ι
1152 884 1160 898 ⁶
1176 881 1331 922 Eumque
1347 891 1425 913 cum
1448 889 1542 915 esset
1558 893 1651 926 reus,

938 937 1052 970 neque
1063 929 1203 961 barbam
1217 930 1348 963 desisse
1358 932 1446 973 radi,
1460 944 1571 977 neque
1584 945 1652 967 non

938 979 1086 1012 candida
1104 985 1198 1013 veste
1214 982 1277 1019 uti,
1295 992 1408 1024 neque
1430 984 1534 1016 fuiase
1549 986 1650 1019 solito

937 1031 1032 1063 cultu
1062 1032 1220 1065 reorum.’
1263 1034 1355 1067 Quid
1393 1040 1585 1068 statuemus
1614 1037 1649 1070 in

938 1091 1054 1123 pugna
1084 1088 1154 1115 tam
1178 1084 1386 1116 manifesta?
1410 1096 1531 1127 pacem
1548 1097 1649 1129 quam

936 1130 1039 1164 facile
1071 1143 1284 1176 componam.
1332 1137 1471 1169 Exteris
1496 1138 1530 1169 in
1553 1139 1650 1172 luctu

936 1182 1112 1224 deponere
1125 1186 1240 1217 crines
1257 1186 1433 1228 usitatum,
1442 1198 1511 1220 non
1524 1190 1649 1223 Roma·-

936 1233 1010 1274 nis;
1038 1235 1179 1277 excipio
1201 1236 1373 1278 mulieres,
1388 1238 1447 1280 qui
1465 1239 1554 1271 enim
1570 1249 1649 1281 pos-

936 1290 1014 1318 sent
1043 1287 1119 1329 viri,
1147 1298 1224 1320 cum
1252 1299 1383 1321 comam
1415 1295 1474 1323 aut
1505 1290 1647 1324 barbam

935 1346 1004 1368 non
1020 1338 1219 1371 nutrirent?
1236 1340 1435 1382 primusque
1448 1341 1647 1375 Hadrianus

934 1387 1129 1429 Imperator
1145 1389 1287 1422 barbam
1305 1390 1430 1432 Romaex
1443 1391 1594 1434 reduxit,
1607 1398 1647 1426 ut

934 1443 1032 1471 notat
1048 1438 1264 1482 xiphilinus,
1279 1446 1316 1473 et
1334 1441 1483 1482 probant
1499 1444 1646 1477 nummi:

932 1487 1080 1531 ideoque
1110 1489 1218 1522 barba
1245 1491 1435 1533 summissa,
1462 1502 1539 1524 cum
1564 1494 1647 1526 alias

933 1537 1026 1571 foret
1042 1549 1129 1577 rasa,
1146 1540 1260 1573 luctus
1276 1546 1351 1573 erat
1376 1542 1522 1583 signum.
1569 1544 1647 1577 Cae·

932 1593 1044 1622 terum
1061 1591 1096 1622 in
1117 1592 1246 1624 exteris
1273 1592 1347 1634 ipse
1370 1593 1558 1626 Suetonius
1575 1604 1647 1627 mo-

932 1649 1004 1672 rem
1020 1642 1172 1683 ponendi
1197 1642 1338 1675 barbam
1354 1643 1390 1675 in
1403 1645 1498 1676 luctu
1524 1655 1645 1687 agnos-

932 1692 994 1723 cit.
1039 1692 1208 1734 Caligulae
1231 1703 1311 1735 cap.
1325 1697 1359 1727 2.
1373 1695 1408 1726 ἰιι
1424 1700 1536 1728 morte
1552 1697 1645 1738 opti-

931 1744 977 1775 mi
1007 1744 1228 1778 Germanici:
1264 1745 1442 1788 ‘Regulos
1480 1749 1645 1790 quosdam

932 1795 1031 1828 aiunt
1062 1795 1201 1829 barbam
1232 1798 1401 1839 posuisse,
1429 1802 1466 1830 et
1496 1809 1644 1833 uxorum

932 1847 1048 1887 capita
1070 1848 1207 1888 rasisse,
1241 1848 1284 1880 ad
1312 1849 1473 1881 indicium
1495 1851 1645 1883 :maximi

931 1897 1071 1930 luctus!
1115 1898 1335 1939 Pergebam:
1376 1899 1437 1931 sed
1477 1909 1496 1931 a
1533 1901 1643 1934 latere

932 1949 1102 1990 tragulam
1117 1949 1198 1981 mihi
1214 1949 1328 1990 injicit
1341 1949 1480 1990 Cicero,
1497 1951 1554 1992 qui
1565 1951 1643 1983 bar·

931 1998 1009 2031 bam
1025 2000 1131 2032 etiam
1157 2000 1192 2032 in
1218 2000 1379 2032 Romanis
1395 2003 1564 2044 agnoscit,
1579 2012 1642 2044 pro

930 2049 1058 2083 Coelio:
1083 2052 1093 2069 ‘
1109 2050 1188 2083 Non
1204 2050 1268 2083 hac
1287 2051 1393 2083 barba
1409 2062 1478 2094 qua
1492 2053 1560 2087 ista
1583 2053 1645 2086 de·

930 2100 1104 2134 lectatur!
1147 2101 1269 2135 Evello
1294 2103 1357 2135 hoc
1380 2103 1550 2145 spiculum
1574 2106 1642 2139 levi

930 2153 1034 2186 nisu:
1067 2154 1111 2187 de
1136 2154 1324 2196 juvenibus
1356 2155 1407 2186 illi
1436 2165 1561 2198 sermo,
1583 2157 1642 2199 qui

931 2204 1073 2236 barbam
1100 2205 1241 2237 alebant
1269 2205 1312 2236 ad
1343 2205 1540 2246 vigesimum
1571 2207 1641 2249 pri-

930 2264 1022 2287 mum
1038 2255 1151 2288 aetatis
1168 2265 1293 2287 annum
1310 2265 1433 2297 usque,
1445 2267 1513 2298 quo
1535 2258 1640 2299 pleri·

930 2316 997 2349 qne
1023 2307 1214 2348 ponebant,
1234 2313 1271 2339 ut
1287 2312 1407 2340 auctor
1431 2315 1484 2340 est
1502 2310 1641 2343 Macro-

930 2357 1006 2389 bius
1042 2358 1077 2388 in
1115 2357 1290 2390 Somnium
1321 2358 1505 2401 Scipionis.
1550 2361 1641 2395 Dico

930 2410 941 2428 ‘
952 2409 1131 2452 plerique,’
1146 2420 1221 2442 nam
1245 2420 1312 2442 non
1329 2420 1457 2444 ornnes.
1503 2413 1641 2456 Caligu-

929 2461 963 2493 la
984 2464 1039 2494 20.
1057 2471 1146 2494 anuo
1169 2462 1294 2503 posuit,
1313 2463 1485 2503 Augustus
1501 2464 1639 2498 demum

928 2514 983 2543 21.
1009 2516 1115 2544 testes
1146 2512 1247 2545 laudo
1269 2513 1472 2546 Suetonium
1496 2520 1533 2548 et
1551 2517 1641 2549 Dio-

928 2571 1019 2603 nem,
1046 2572 1131 2605 qnos
1170 2569 1206 2595 tu
1239 2564 1365 2606 cupide
1402 2566 1515 2598 lector
1546 2567 1638 2602 vide.

927 2613 1016 2646 Dies
1038 2613 1160 2655 positae
1184 2613 1301 2647 barbae
1327 2624 1410 2647 sane
1435 2616 1537 2649 laetus
1563 2624 1640 2652 erat

927 2669 963 2695 et
979 2662 1101 2704 festus,
1117 2674 1322 2707 muneraque
1334 2667 1408 2707 peti
1420 2677 1460 2698 ac
1474 2667 1548 2699 dari
1566 2672 1639 2702 tum

927 2716 1051 2748 solent.
1068 2725 1136 2758 quo
1160 2717 1313 2758 pertinet
1338 2716 1423 2748 illud
1439 2717 1637 2754 Juvenalisx

924 2767 934 2785 ⁴
946 2766 1012 2798 Ille
1028 2767 1128 2798 metit
1145 2766 1298 2808 barbam,
1314 2767 1445 2799 crinem
1461 2769 1515 2801 hic
1531 2770 1637 2812 depo.

927 2819 979 2853 nit
993 2818 1112 2859 amati,
1135 2817 1248 2852 Plena
1269 2819 1388 2851 domus
1407 2819 1487 2852 libis
1508 2822 1636 2856 venali.
