1878 3164
471 194 514 226 Ρ.
544 192 738 226 ΡΑΡΙΝΙΙ
770 191 935 224 STATn
970 192 1116 223 THEB.
1148 192 1246 224 Llss.
1268 194 1322 224 11.

165 290 255 324 Met.
271 297 352 324 vm.
363 288 375 309 ‘
391 293 428 323 et
443 289 577 322 OEneos
588 289 736 321 ultorem
750 293 869 330 spreta

165 350 231 384 por
242 350 343 385 agros
353 339 454 379 uiuit
467 339 614 381 aprum!
631 340 770 371 Gronov.

126 407 136 413 -
170 426 173 429 Α
207 393 273 424 470
292 390 438 426 Fuluiae
457 389 564 430 mle]
586 389 737 431 Propter
760 388 866 420 adun-

165 449 224 474 eoe
238 440 374 482 dentes,
394 447 479 483 quos
494 449 590 472 more
611 440 701 472 ictus
723 437 865 471 fulmine

166 490 423 532 prouenisset.
437 490 586 522 Lace-nt.

207 543 271 574 471
294 540 432 582 Pelopea
453 540 608 583 phalanx]
632 540 766 581 Argiva
786 550 863 583 quae

164 591 293 624 auxilio
307 595 462 632 venerat,
477 597 516 624 ut
531 590 636 624 Ovid.
659 590 786 623 refert:
809 600 864 623 er-

186 651 209 674 o
251 641 484 684 Peloponnesus
536 641 648 673 vicina
691 639 864 674 AEtholiae.

204 701 263 724 ιιι.

205 744 270 776 478
297 742 429 784 Ixiona]
451 742 653 775 Perithoum
670 742 864 784 significare

163 792 314 834 videtur,
328 793 462 826 Ixionis
476 792 595 826 filium.
610 793 710 826 Idem.

204 846 269 878 474
291 843 469 885 Maleam]
489 843 696 877 Metathesis
719 852 781 885 pro
793 843 865 875 Me·

161 894 280 934 hoger.
301 893 411 928 Idem.

203 946 270 978 476
293 945 484 987 Calydonia·
495 944 601 985 heros]
622 944 773 985 Tydeus,
785 953 864 985 pro-

161 995 240 1037 pria
263 995 363 1028 ratio.
385 995 594 1037 Calydonius]
625 995 779 1036 Propter
803 1004 863 1036 pa-

161 1049 252 1078 trum
266 1053 378 1078 mores
393 1049 431 1078 et
446 1049 695 1086 tegumentum.
718 1045 818 1078 Idem.

203 1097 269 1128 478
319 1095 514 1136 &numque
553 1095 714 1136 precantis
754 1094 861 1138 olim]

161 1144 303 1179 Nullam
333 1155 430 1187 spem
453 1145 582 1180 liabens.
604 1146 722 1185 Pacis,
752 1155 862 1187 neque

163 1196 280 1229 volens
295 1205 374 1229 cum
386 1200 456 1228 tam
473 1196 605 1238 perfido
623 1197 721 1238 Rege
737 1196 863 1228 habere

160 1246 360 1281 amicitiam.
404 1247 507 1280 Ultro
530 1247 656 1280 bellum
689 1247 764 1288 ejus
786 1256 864 1288 pro-

161 1307 298 1332 vocans.
318 1296 426 1333 schol.
469 1298 480 1316 ‘
494 1298 647 1331 Precans
663 1296 778 1337 oliva,'
795 1297 862 1329 vel-

159 1352 198 1382 ut
213 1349 402 1393 supplicem
426 1348 532 1381 dicas.
576 1347 678 1384 Quod
693 1347 727 1379 in
744 1347 862 1388 Tydeo

159 1400 271 1434 noluit
300 1400 480 1443 Papinius.
522 1399 612 1432 Vide
644 1400 684 1432 C.
714 1399 863 1432 Pascha·

158 1450 243 1486 lium
272 1450 317 1484 de
344 1450 489 1484 Coronis
524 1450 584 1483 lib.
626 1459 677 1482 vr.
709 1459 787 1492 cap.
811 1452 863 1482 17.

157 1501 279 1536 Barth.

199 1554 264 1585 481
290 1553 434 1595 OEniaae]
453 1553 583 1586 OEneus
599 1552 804 1585 Parthaonis
824 1552 863 1584 fi-

157 1602 237 1644 lim,
257 1602 415 1636 AEtholiae
434 1613 510 1644 rex,
531 1603 630 1645 cujus
652 1603 776 1635 civitas
799 1604 863 1635 Ca-

155 1652 260 1695 lydon
276 1653 507 1694 nobilissima;
531 1655 604 1696 ejus
619 1663 783 1686 summam
801 1663 861 1695 po-

155 1706 317 1736 testatem
340 1703 439 1745 regni
471 1703 623 1736 turbavit
650 1704 862 1746 negligentia

155 1761 344 1786 sacrorum.
371 1763 485 1788 annua
505 1753 672 1796 siqnidem
693 1759 773 1786 vota
798 1763 861 1796 pro

157 1803 294 1846 imperii
321 1802 493 1837 fructibus
523 1804 713 1844 celebrans,
733 1813 860 1837 numen

155 1854 279 1888 Diana
295 1856 517 1897 contempsit,
539 1859 683 1897 propter
702 1854 793 1897 quod
810 1855 860 1887 ni,-

155 1905 227 1939 mla
250 1906 487 1949 indignatione
511 1916 695 1949 oppressus
723 1911 795 1942 estt
821 1912 860 1940 ut

91 1992 94 1995 ,
157 1955 471 1991 videretur-‘omnes
493 1957 703 1999 placaturus,
716 1957 745 1990 si
767 1957 858 1990 illam

155 2005 262 2047 solam
277 2005 467 2040 adorasset.
512 2007 564 2039 Ea
584 2016 705 2048 aprum
728 2007 859 2047 magni-

157 2055 286 2088 tudinis
299 2065 441 2089 summae
455 2057 490 2089 in
511 2057 686 2099 regionem
707 2057 782 2099 ejus
797 2057 859 2090 im·

157 2106 263 2148 misit,
284 2107 343 2149 qui
364 2107 507 2140 vastatis
530 2107 717 2149 Calydonis
743 2108 859 2147 terris,

157 2155 201 2190 ab
216 2155 302 2188 urbe
318 2156 428 2198 genti·
442 2156 652 2198 Calydonius
664 2157 859 2198 appellatus

157 2211 231 2239 est:
269 2206 368 2248 cujus
391 2204 534 2239 feritate
556 2207 687 2241 OEueus
714 2205 860 2248 fractus,

154 2256 309 2292 edictum
332 2256 403 2292 tale
425 2257 617 2299 proposuit,
632 2261 672 2289 ut
684 2256 860 2289 dimidiam

155 2308 252 2350 regni
267 2311 401 2349 partem
422 2311 577 2350 caperet,
591 2307 651 2350 qui
671 2313 860 2341 monstrum

153 2357 396 2393 interemisset.
436 2359 610 2400 Meleagri
638 2359 748 2392 virtus
772 2360 862 2402 peri-

156 2410 272 2447 ,eulum
285 2418 354 2442 non
369 2410 522 2452 expavit.
566 2409 740 2452 Siquidem
756 2410 785 2442 is
800 2419 861 2442 uu,

156 2461 261 2504 dique
270 2461 492 2504 juventutem
508 2462 690 2494 collectam
707 2461 750 2494 ad
767 2462 860 2496 illam

156 2512 238 2544 novi
265 2513 402 2554 generis
427 2513 685 2554 expeditionem
711 2514 861 2554 vocavit,

154 2561 248 2596 inter
262 2572 348 2606 quos
370 2562 476 2595 etiam
491 2562 664 2595 Atalanta
685 2563 860 2604 convenit,

157 2613 228 2646 Iasi
252 2613 336 2655 tilia,
360 2623 490 2647 summa
513 2613 690 2646 venatrix:
725 2623 801 2655 quae
826 2614 861 2649 in

157 2663 301 2706 saltibus
333 2665 442 2706 prima
478 2664 627 2697 omnium
656 2663 860 2707 praedictum

158 2723 278 2756 aprum
292 2715 421 2758 sagitta
437 2715 618 2757 percussit.
641 2715 771 2747 Postea
784 2715 860 2747 Me·

159 2764 325 2808 luterio
347 2775 386 2804 se
406 2766 602 2803 venientem
626 2764 736 2804 feram
759 2775 861 2804 exce.-

1508 184 1622 227 1811

920 287 982 329 pit,
1004 287 1270 330 interemitque;
1300 292 1336 320 et
1359 292 1478 330 gratus
1502 290 1623 323 adver·

917 347 973 370 sus
991 338 1138 380 puellam
1153 338 1300 375 futurus.
1317 348 1393 380 quae
1417 339 1508 371 inter
1531 341 1622 374 viros

918 398 1076 420 successu
1107 389 1246 421 virtutis
1277 389 1464 429 enituerat,
1495 390 1622 430 pellem

916 440 1059 471 monstri
1075 440 1165 471 illius
1179 450 1255 472 cum
1271 440 1389 481 capite
1406 440 1438 471 ei
1453 439 1561 482 dedit,
1577 441 1623 472 ad

916 490 1148 522 testimonium
1164 491 1296 530 laudis;
1311 491 1371 522 sed
1387 500 1509 523 munus
1523 500 1621 532 para-

916 544 989 572 tum
1026 540 1244 581 fortitudine,
1279 541 1409 573 invidia
1454 541 1622 583 perdidit.

914 591 1109 633 Plexippus
1121 602 1267 634 namque
1279 597 1316 625 et
1324 593 1476 634 Agenor,
1489 594 1620 626 Melea-

915 642 967 683 gri
983 643 1154 684 avunculi,
1169 642 1337 684 indignati
1354 646 1434 674 sunt
1450 643 1513 675 sibi
1530 653 1619 685 prae-

914 692 1016 724 latam
1033 692 1138 726 fuisse
1165 693 1341 734 virginem,
1367 698 1404 726 et
1427 703 1500 725 eam
1529 695 1620 728 dono

915 743 1168 784 spoliaverunt:
1187 753 1253 785 qua
1261 744 1457 777 conditione
1471 744 1544 777 fata
1553 746 1621 779 sibi

915 796 1143 825 maturavere.
1168 793 1210 825 Id
1227 793 1315 825 enim
1331 793 1527 835 indignatus
1543 795 1619 827 Me-

914 842 1044 884 leager,
1067 844 1366 885 consanguinitate
1390 845 1525 878 calcata
1548 856 1618 879 ma-

915 893 976 924 tris
1000 903 1072 925 suae
1088 892 1230 925 fratrem
1253 894 1462 936 Plexippum
1478 896 1619 935 occidit,

914 942 1046 985 sibique
1061 944 1177 975 matris
1193 942 1356 976 affectum
1373 945 1529 980 abstulit.
1557 947 1619 980 Al-

915 993 1005 1025 thaea
1020 994 1184 1036 siquidem
1199 994 1279 1027 dum
1292 996 1391 1028 saevit
1406 996 1440 1028 in
1456 998 1619 1032 ultionem

915 1055 1166 1086 germanorum,
1181 1046 1338 1079 titionem
1354 1058 1454 1091 quem
1468 1050 1620 1084 habebat

914 1096 1101 1136 occultum,
1111 1097 1256 1139 quicum
1269 1098 1449 1141 Meleager
1460 1110 1618 1134 nascere-

915 1151 972 1179 tur
986 1147 1020 1178 in
1035 1147 1131 1188 regia
1145 1147 1258 1179 subito
1273 1148 1415 1181 traditus
1423 1149 1491 1182 fuit
1502 1161 1522 1183 a
1534 1151 1619 1184 Par-

915 1197 977 1238 cis,
993 1202 1032 1229 ut
1049 1197 1188 1239 juvenis
1205 1203 1274 1230 tam
1291 1198 1349 1231 diu
1371 1201 1517 1238 viveret,
1534 1211 1618 1244 quo-

915 1248 959 1283 ad
986 1249 1014 1280 is
1041 1254 1134 1281 esset
1160 1254 1326 1290 servatus,
1347 1255 1459 1282 mater
1481 1252 1617 1293 ignibus

915 1299 1047 1339 mersit,
1075 1309 1221 1342 eumque
1247 1309 1327 1332 cum
1361 1300 1422 1332 filii
1453 1299 1535 1334 fatis
1558 1312 1618 1339 ex.

914 1349 1030 1382 tinxit.
1076 1350 1164 1383 Quae
1187 1355 1412 1393 posteaquam
1433 1350 1617 1390 admissum

915 1398 1013 1431 nefas
1039 1401 1194 1442 agnovit,
1220 1401 1344 1443 laqueo
1367 1401 1471 1435 vitam
1492 1401 1615 1437 finivit.

913 1450 1064 1484 Lactant.

956 1504 1021 1534 482
1045 1502 1115 1534 Nec
1132 1503 1227 1544 piger
1244 1503 1387 1545 ingenio]
1418 1504 1460 1536 Id
1478 1509 1542 1545 est,
1556 1506 1615 1548 qui

914 1560 1057 1597 semper·
1079 1553 1187 1585 solers
1210 1552 1277 1586 fuit
1299 1558 1334 1585 et
1356 1554 1487 1596 peritus
1510 1556 1618 1588 scele-

913 1611 1000 1643 rum,
1014 1603 1094 1645 quia
1115 1604 1283 1636 invidiose
1307 1614 1488 1645 aggressus
1503 1604 1618 1647 fuerat

912 1654 1104 1686 Etheoclen
1128 1654 1276 1696 Tydeus,
1296 1655 1433 1696 legatus
1454 1656 1576 1688 missus
1598 1666 1619 1693 a

912 1704 1097 1747 Polynice;
1114 1705 1193 1737 inde
1204 1707 1277 1747 jam
1294 1706 1437 1747 cogitat,
1453 1707 1618 1749 quemad-

910 1755 1046 1787 modum
1063 1755 1204 1788 insidias
1221 1761 1407 1797 praeparet.
1429 1757 1530 1793 Idem.

952 1807 1016 1837 48³
1039 1806 1196 1840 Juvenum
1214 1806 1313 1848 fidos,
1341 1807 1512 1840 lectissirm
1540 1807 1619 1842 bella

911 1855 1064 1896 Pectora]
1079 1856 1244 1889 Melior-es
1260 1860 1296 1890 et
1308 1857 1425 1899 plures
1439 1869 1447 1890 ς
1467 1859 1623 1900 Cor-pora.

910 1906 1032 1938 Recte.
1077 1907 1230 1940 Quorum
1256 1917 1337 1940 usus
1360 1918 1381 1939 a
1406 1918 1553 1950 corpore
1581 1914 1619 1941 et

909 1957 1075 1994 manibus,
1099 1958 1110 1976 ⁶
1126 1957 1291 1999 corpora’
1313 1962 1351 1993 et
1375 1958 1541 1994 ‘manus’
1565 1959 1617 1994 di-

909 2012 1034 2039 cuntur
1063 2009 1224 2050 antiquis.
1271 2008 1420 2042 Ovidius
1446 2010 1540 2043 Fast.
1557 2018 1615 2045 111.

908 2058 918 2075 ‘
933 2058 1076 2090 totidem
1109 2059 1283 2102 princeps,
1310 2060 1455 2092 totidem
1481 2061 1615 2102 pilanus

907 2108 1056 2142 habebat
1085 2110 1264 2151 Corpora!
1307 2111 1423 2143 Livius
1439 2111 1498 2143 lib.
1516 2120 1616 2144 xxn.

908 2159 1157 2201 ‘Transfugam
1181 2161 1252 2193 sive
1275 2170 1407 2203 magnae
1433 2161 1483 2193 rei
1499 2162 1616 2203 prodi-
1645 2203 1647 2205 ι

910 2210 1003 2246 tione
1021 2211 1216 2246 venientem
1232 2211 1276 2243 ad
1299 2212 1414 2244 hostes
1425 2211 1508 2243 nihil
1523 2211 1616 2244 aliud

909 2270 1010 2302 quam
1025 2271 1129 2294 uuum
1146 2261 1213 2294 vile
1227 2266 1331 2304 atque
1347 2261 1475 2307 infame
1488 2271 1615 2303 corpus

909 2311 1012 2344 esse!
1056 2312 1198 2346 Tacitus
1219 2313 1311 2345 Hist.
1327 2322 1386 2345 ιιι.
1406 2312 1416 2330 ‘
1430 2312 1549 2354 Ipsum
1566 2312 1618 2344 0-

910 2362 1046 2394 thouem
1069 2362 1334 2403 comitabantur,
1357 2362 1615 2404 speculatorum

909 2413 1001 2449 lecta
1016 2412 1187 2453 corpora.’
1210 2413 1372 2445 Libanius
1383 2418 1496 2445 Βασιλ.
1518 2412 1615 2451 Eur-fi-

908 2474 986 2505 7ero
1007 2462 1065 2502 μὲν
1086 2462 1180 2503 ὄγκος
1202 2463 1383 2506 χρημάτων,
1403 2464 1568 2506 ἡθροίζετο
1582 2464 1617 2501 δὲ

908 2516 1028 2552 πλῆθος
1042 2513 1202 2553 σωμάτων.
1248 2515 1341 2546 Hinc
1362 2519 1399 2547 et
1422 2520 1430 2533 ⁸
1445 2514 1619 2556 corpora’

910 2575 1152 2606 nonnunquam
1170 2574 1231 2606 pro
1247 2565 1363 2597 servis.
1390 2566 1493 2601 Gron,

952 2618 1016 2648 490
1034 2617 1063 2646 0
1073 2625 1192 2656 semper
1206 2615 1366 2656 timidum]
1384 2615 1498 2647 Antea
1511 2625 1613 2657 quam

908 2666 970 2700 fiat
985 2666 1028 2698 de
1046 2666 1201 2707 potentia
1216 2666 1442 2706 adversantis,
1456 2665 1613 2698 timidum

911 2721 990 2757 post
1005 2715 1048 2747 de
1065 2715 1287 2748 conscientia.
1329 2715 1484 2747 Timidum
1500 2716 1615 2760 scelus]

909 2766 1009 2803 Quod
1021 2766 1086 2803 nisi
1103 2776 1122 2800 a
1136 2766 1335 2804 timentibus
1348 2776 1416 2801 non
1432 2765 1614 2802 committi-1
