1878 3164
306 219 420 262 2040

307 328 418 363 sente,
445 323 499 355 vel
523 323 692 364 suspensis,
716 323 865 354 nondum
889 331 909 354 e
941 330 1001 354 suo

306 375 382 406 loco
397 373 509 413 motis,
523 372 566 404 ad
588 377 717 405 tautam
739 372 1003 413 expeditionem,

308 423 366 456 sed
383 423 504 455 melior
519 428 571 454 est
592 423 685 464 prior
699 423 880 454 sententia.
904 422 1002 455 Idem.

351 476 411 505 197
436 473 527 513 Sine]
550 473 730 505 Permitte.
783 472 923 512 Palleat]
943 472 1001 504 'ri-

306 528 412 563 meat,
426 527 462 555 et
477 532 607 554 revera.
644 523 720 564 Idu]
738 521 839 564 Apud
854 522 1002 563 Troiam,

307 573 374 604 alia
389 571 478 613 apud
495 572 653 604 Cretam:
677 572 721 603 de
736 573 884 613 Trojana
905 572 1002 603 intel—

308 622 390 662 lige.
434 620 498 651 Ide
509 620 741 653 nominativus
756 621 899 653 Graeeua
911 632 920 661 ;
934 620 1003 658 Ἴδη

308 670 434 702 dicitur
448 669 744 711 quemadmodum.
755 671 872 712 Κρητῆ,
885 672 1002 703 Creta.

301 719 415 758 Ἴδη,η
430 719 464 750 in
482 731 509 758 ε,
525 719 609 750 etin
634 731 654 751 α
677 721 837 753 vertitur.
881 720 944 752 Ide
969 724 1004 752 et

308 769 374 801 Ida
399 769 534 801 dicitur.
576 769 720 812 Perfida]
740 770 892 812 Propter
906 770 1006 802 Pari-

310 818 400 859 dem,
429 819 486 861 qui
515 819 696 861 hospitalia
719 821 797 862 jura
824 820 942 862 fregit,
970 820 1004 852 in

311 874 411 910 raptu
430 869 589 901 Helenae.
612 870 793 903 Maturant.

353 922 416 950 198
449 920 494 951 Et
522 919 614 959 juvet
641 920 707 951 ltoec
734 919 843 952 audire
867 920 1006 962 patrem]

311 969 444 1001 Callide
473 970 566 1001 illum
606 970 760 1003 incendit
797 970 840 1002 ad
869 970 1007 1011 bellum,

310 1018 479 1051 affirmans
501 1021 565 1052 hoc
590 1019 664 1052 fore
679 1021 870 1062 jucundum
895 1021 1007 1061 patri3

311 1079 389 1102 nam
404 1071 604 1102 excellentis
627 1071 730 1102 animi
754 1070 843 1103 filius
860 1071 902 1103 ad
920 1080 1007 1112 prae·

311 1120 422 1152 claras
450 1121 610 1160 virtutes,
639 1120 675 1152 in
707 1121 851 1162 gratiam
888 1121 1008 1163 patris,

311 1169 453 1201 accendi
469 1170 565 1202 solet.
586 1170 739 1202 Britann-

353 1221 414 1250 201
441 1218 600 1259 Fugiunt]
622 1220 753 1252 Puellae
773 1219 886 1261 regiae.
908 1220 1008 1253 Idem.

355 1271 418 1300 2⁰3
442 1268 590 1310 Intactae]
617 1269 725 1303 Quasi
750 1270 856 1309 dicat,
885 1274 1008 1310 sponte

313 1323 425 1350 vestes
455 1319 624 1359 cecidere,
661 1319 848 1361 indignatae
878 1323 1007 1352 tantam

312 1367 476 1400 virtutem
502 1378 564 1410 per
585 1378 645 1401 eas
665 1369 813 1411 turpiter
827 1369 1006 1403 occultari.

312 1417 491 1450 Maturant.
791 1453 793 1457 X

319 1495 323 1499 .
355 1470 419 1499 204
441 1467 592 1508 Brevior]
617 1468 1008 1512 Respectu'l'hyrsi,qui

313 1519 445 1559 longior
457 1523 510 1551 est
521 1519 618 1552 hasta
629 1519 766 1553 bellica.
792 1521 1008 1562 Consumitur]

315 1568 356 1600 Id
377 1571 442 1610 est,
462 1569 604 1601 sumitur
625 1570 680 1603 vel
697 1570 905 1603 consumitur
921 1574 1008 1603 trac-

315 1619 432 1652 tando.
455 1620 553 1652 Idem.
700 1643 701 1646 κ

356 1672 419 1701 205
441 1670 532 1702 Mira
542 1670 643 1713 fides]
676 1671 783 1705 Quasi
812 1671 1010 1704 acclamatio

315 1724 370 1752 est
384 1720 418 1752 in
433 1721 506 1762 ejus
521 1720 802 1762 magnitudinem,
823 1721 880 1763 qui
897 1730 1010 1762 sump-

316 1769 359 1801 tis
374 1770 476 1801 armis
491 1770 584 1802 visus
600 1770 644 1803 sit
663 1775 699 1803 et
722 1771 846 1812 Ulysse
870 1776 906 1804 et
926 1771 1012 1804 Dio.

316 1820 414 1852 mede
430 1821 531 1861 longe
547 1821 658 1853 altior.
678 1821 830 1855 Britann-

358 1873 423 1903 206
447 1872 543 1903 Calor
568 1872 724 1914 Martius]
754 1874 875 1915 Furor,
900 1871 936 1906 et
958 1882 1011 1905 ar-

316 1930 445 1952 morum
461 1922 643 1962 cupiditas.
659 1922 759 1954 Idem.

358 1974 422 2003 207
457 1972 644 2013 Confundit]
682 1972 781 2006 Quod
812 1976 909 2005 tauta
937 1977 1014 2005 erat

316 2021 388 2062 lux,
410 2026 447 2054 et
473 2021 559 2053 adeo
579 2028 655 2054 erat
679 2021 904 2056 inflammatus
928 2023 1014 2065 ipse,

317 2078 356 2103 ut
384 2076 459 2104 tota
483 2072 587 2114 ipsius
607 2068 726 2105 domus
752 2078 842 2106 esset
864 2074 1014 2106 attonita

317 2122 516 2163 praesentia,
545 2127 582 2155 et
611 2122 701 2155 visus
728 2127 782 2155 est
803 2123 876 2165 jam
905 2124 1014 2165 major

317 2173 440 2215 Ulysse
455 2178 492 2205 et
506 2173 688 2206 Diomede.
711 2175 889 2208 Matar-aut.

325 2243 328 2246 -
359 2225 423 2269 217
446 2224 503 2254 Me
524 2223 584 2255 tibi
607 2233 678 2256 care
698 2224 803 2265 pater]
826 2225 919 2257 Mira
938 2229 1013 2257 arte

318 2274 506 2315 composita
530 2278 582 2306 est
603 2274 716 2307 oratio
743 2275 785 2306 ad
809 2274 894 2306 iram
923 2275 1013 2315 regis

318 2324 557 2363 minuendam
573 2334 649 2356 nam
662 2334 703 2356 ea
713 2324 824 2356 omnia
840 2325 1013 2366 proponit,

319 2375 443 2417 quibus
465 2375 645 2406 molestum
668 2384 743 2406 esse
758 2384 826 2407 non
841 2374 946 2407 debet
960 2385 1014 2407 re-

319 2425 362 2466 gi.
388 2425 416 2456 si
442 2424 513 2456 filia
534 2424 578 2456 ab
602 2434 639 2457 se
663 2435 858 2467 compressa
878 2426 922 2458 sit
936 2436 1013 2458 cnm

321 2475 365 2507 ab
381 2475 445 2506 diis
464 2475 628 2516 originem
643 2475 758 2509 ducat.
804 2476 939 2508 Deinde
954 2486 1015 2518 pu-

320 2526 419 2557 ellam
443 2531 584 2557 excusat
600 2525 642 2558 ab
657 2525 893 2558 imbecillitate
913 2535 1015 2559 sexus

321 2586 453 2608 omnem
478 2577 612 2617 culpam
637 2577 671 2608 in
695 2577 783 2609 vires
806 2586 883 2609 snas
901 2575 1015 2610 ‘trans-

321 2626 449 2659 ferens.
496 2627 576 2658 Care
593 2626 700 2668 pater]
731 2627 872 2659 Patrem
898 2628 1017 2669 appel-

319 2676 435 2715 lando,
466 2677 607 2709 multum
638 2676 796 2718 ponderis
824 2678 939 2710 attulit
973 2676 1016 2709 ad

321 2726 577 2766 mitigationem.
623 2726 764 2758 Dubium
776 2727 901 2759 dimitte
923 2737 1016 2768 pavo-

321 2776 403 2817 rem]
426 2776 531 2810 Quasi
552 2785 613 2808 rex
630 2780 811 2818 metueret,
833 2786 876 2809 ne
900 2777 929 2809 is
951 2786 1016 2809 non

770 228 910 261 ⁸0¹1·AE
942 226 1204 259 VAmoRUM
1238 226 1291 258 IN

1050 324 1156 361 esset,
1185 329 1286 362 quem
1309 319 1374 352 sibi
1396 318 1518 357 'rethia
1540 318 1745 353 servandam

1049 380 1125 402 cum
1154 370 1277 412 puellis
1307 369 1376 402 suis
1408 369 1612 410 tradiderat,
1638 379 1744 412 ergoz

1050 420 1175 453 dimitte
1194 430 1350 462 pavorem.
1373 420 1533 456 Britann.

1092 473 1156 507 220
1180 470 1329 511 Gratior]
1349 471 1398 502 'ru
1418 470 1547 511 gratior
1568 469 1651 502 milii
1669 469 1747 511 ipso

1051 521 1158 553 Peleo
1185 523 1284 562 patre
1313 524 1351 552 et
1387 520 1546 558 Chirone,
1569 519 1633 552 hoc
1655 518 1749 552 enim

1051 569 1231 611 plurimum
1249 570 1363 610 potuit
1385 569 1492 601 lenire
1516 569 1590 610 ejtis
1616 569 1749 601 iracun-

1051 619 1152 651 diam.
1174 619 1272 652 Idem.
1318 618 1464 659 Gratim,
1487 618 1561 660 Sua]
1582 619 1653 652 Cur
1679 628 1750 652 non

1052 669 1185 701 audiam
1210 674 1375 707 veterem,
1404 669 1544 711 egregia
1570 667 1745 710 emphasi:

1054 719 1188 751 Gratior
1198 729 1231 750 es
1240 728 1353 758 magno
1363 721 1377 750 2
1390 719 1548 751 Bernart.
1593 718 1753 760 Parente}

1053 769 1171 802 Peleo.
1218 769 1279 801 Fas
1293 767 1427 809 dixisse]
1442 768 1533 803 Quia
1545 778 1566 800 a
1581 773 1748 810 patra,‚eo

1054 819 1144 862 quod
1175 829 1250 852 esse
1281 819 1479 859 habeamus,
1508 818 1654 851 maxime
1677 826 1751 852 om·

1054 869 1145 901 nium
1161 869 1335 901 debemus.
1361 869 1539 902 Maxuma.

1096 922 1158 951 221
1185 918 1334 960 Chirone]
1357 918 1426 952 Qui
1450 917 1516 951 fnit
1545 921 1753 960 preceptor,

1057 972 1115 1013 qui
1129 972 1204 1004 loco
1218 972 1322 1014 patris
1333 971 1488 1013 liabetur,
1504 971 1593 1003 unde
1603 969 1752 1004 Alexan„

1057 1022 1119 1054 der
1133 1022 1252 1054 solitus
1268 1026 1343 1054 erat
1357 1021 1473 1054 dicere
1498 1031 1537 1054 ae
1563 1020 1670 1063 magia
1690 1019 1751 1052 de-

1056 1072 1138 1104 bere
1152 1071 1345 1113 Aristoteli,
1360 1081 1459 1114 quam
1475 1071 1649 1113 Philippo,
1660 1070 1752 1113 quoa

1057 1131 1078 1154 a
1105 1127 1203 1163 patre
1229 1131 1305 1154 esse
1330 1126 1475 1162 tantum,
1497 1131 1517 1154 a
1536 1125 1751 1164 preceptore

1057 1173 1145 1206 bene
1161 1183 1235 1206 esse
1247 1173 1447 1215 accepisset.
1468 1172 1568 1205 Idm.

1066 1236 1068 1238 ·
1098 1226 1161 1256 223
1183 1224 1226 1256 Te
1241 1224 1355 1256 Peleus
1376 1226 1450 1255 nato
1463 1221 1616 1264 socerum]
1643 1220 1753 1254 Certi-

1056 1273 1122 1307 fico
1138 1278 1185 1313 te,
1200 1273 1289 1315 quod
1307 1274 1440 1305 volente
1461 1275 1560 1314 patre
1583 1276 1619 1305 et
1643 1275 1753 1304 matre

1056 1333 1134 1355 mea
1149 1327 1186 1354 tu
1200 1331 1297 1354 socer
1311 1322 1390 1354 mihi
1405 1331 1456 1363 es,
1471 1326 1508 1354 et
1522 1331 1589 1363 ego
1603 1329 1752 1363 aum-ge·

1056 1384 1119 1407 ner
1132 1375 1206 1407 tibi.
1233 1373 1300 1406 Vet.
1316 1374 1423 1406 Schol.

1100 1426 1164 1456 224
1189 1423 1325 1464 Utroque
1347 1433 1388 1455 ex
1410 1422 1577 1463 sanguine]
1601 1422 1753 1456 Nereum

1057 1473 1189 1505 scilicet
1213 1482 1233 1503 a
1260 1473 1423 1514 sanguine
1446 1477 1614 1512 materno,
1629 1471 1754 1505 Jovem

1057 1531 1140 1554 vero
1155 1531 1176 1553 a
1190 1523 1351 1562 sanguine
1366 1526 1520 1563 paterno.
1542 1521 1696 1554 Britan-n.

1100 1573 1165 1603 226
1196 1571 1430 1612 Degener-esque
1457 1571 1615 1612 videmur]
1635 1570 1756 1604 >Quasi

1058 1621 1166 1661 dicat,
1181 1631 1247 1653 non
1263 1622 1416 1654 videmur
1430 1621 1631 1664 degeneres.
1653 1621 1755 1654 Iden.

1100 1674 1163 1704 227
1181 1672 1267 1703 Num
1280 1671 1408 1703 remis?
1436 1672 1544 1712 Jangae
1555 1669 1647 1712 ergo]
1662 1671 1755 1705 Male

1059 1722 1249 1755 eohaerent:
1265 1721 1391 1754 etenim
1405 1721 1434 1753 ai
1447 1726 1618 1761 renueret,
1627 1729 1756 1763 nequas

1059 1781 1161 1814 quam
1189 1770 1343 1813 profecto
1372 1770 1529 1803 dextram
1563 1771 1756 1813 porrigeret

1061 1825 1242 1863 natamque
1258 1820 1306 1852 illi
1322 1820 1552 1862 polliceretur.
1587 1820 1756 1853 Nimirum

1061 1872 1184 1904 invasit
1199 1872 1271 1903 haec
1286 1871 1375 1903 idem
1387 1871 1558 1911 mendum,
1568 1870 1660 1913 quod
1674 1869 1757 1902 alibi

1063 1930 1198 1964 quoque
1212 1921 1393 1953 inolevisse
1408 1921 1491 1952 alias
1502 1920 1705 1956 notavimus.
1720 1922 1758 1950 et

1063 1971 1299 2004 scribendum:
1325 1971 1399 2003 Non
1418 1971 1536 2003 renuis.
1577 1969 1755 2001 Silentium

1063 2026 1100 2055 et
1133 2021 1283 2054 habitum
1321 2020 1525 2062 Lycomedis
1563 2019 1758 2060 vultumque

1064 2082 1129 2104 uon
1160 2080 1314 2104 aversum
1350 2079 1410 2112 pro
1438 2078 1604 2102 consensu
1631 2067 1759 2109 accipit

1063 2122 1226 2162 Achilles,
1241 2130 1349 2163 eoque
1364 2121 1485 2162 pignus
1509 2119 1580 2161 ejus
1601 2117 1757 2150 dextram

1062 2171 1208 2213 flagitat.
1252 2171 1375 2213 Neque
1390 2169 1526 2210 accepit
1538 2168 1640 2201 aliter
1653 2166 1758 2200 Scho-

1062 2223 1197 2255 liastes:
1221 2221 1232 2239 ‘
1247 2231 1278 2254 n.
1293 2231 1339 2254 re.
1352 2221 1442 2252 serio
1456 2221 1566 2261 legam
1580 2218 1634 2250 vel
1648 2217 1756 2249 iuter-2

1063 2272 1235 2314 rogative:
1272 2271 1301 2303 si
1329 2280 1398 2303 non
1432 2270 1560 2310 renuis,
1595 2267 1651 2299 vel
1687 2275 1757 2299 non

1062 2333 1110 2356 re.
1144 2327 1306 2364 tanquam
1342 2320 1554 2363 Lycomedes
1590 2317 1759 2350 dixisset:

1063 2372 1212 2406 Achilles
1227 2381 1296 2403 non
1310 2370 1440 2404 renno.'
1464 2371 1602 2403 Gronov.
1754 2383 1762 2391 »

1105 2425 1170 2454 229
1204 2421 1285 2458 Quis
1310 2421 1360 2453 Itis
1384 2421 1505 2452 obstare
1531 2421 1671 2463 matie]
1700 2421 1757 2455 Ab

1064 2472 1296 2505 imbecillitate
1315 2480 1418 2503 sexus
1442 2470 1589 2512 puellam
1603 2476 1760 2512 excusat,

1064 2531 1198 2555 omnem
1227 2521 1262 2553 in
1290 2530 1328 2553 se
1363 2521 1498 2562 culpam
1535 2519 1759 2553 transferens.

1065 2573 1218 2605 Britann.

1109 2625 1172 2655 230
1196 2619 1368 2662 flammas]
1390 2619 1536 2653 Amores
1549 2625 1585 2652 et
1610 2621 1762 2663 amplex-

1066 2684 1116 2707 us.
1138 2674 1236 2705 Idem.

1107 2727 1170 2756 231
1207 2723 1323 2764 Lucre]
1355 2721 1571 2763 Persolvere,
1605 2725 1642 2754 et
1675 2722 1760 2764 pati.

1070 2776 1154 2807 Pano
1181 2773 1283 2815 arma]
1307 2771 1412 2806 Quasi
1443 2774 1582 2813 paratus
1603 2770 1647 2803 ad
1677 2771 1761 2804 dau-
