1878 3164
484 203 523 234 P.
554 201 748 234 PAPlNu
781 202 948 236 STA'rn
980 202 1130 234 THEB.
1163 203 1260 234 LlB.
1292 203 1358 234 vl.

191 297 326 328 iorum:
342 294 471 330 Ὄσσαν
496 296 556 329 er*
568 296 726 337 Οὐλύμπῳ
750 295 898 338 μέμασαν

189 344 294 388 θέμιν,
306 347 405 391 αὐτὰρ
418 348 470 385 ἐπ’,
483 347 590 390 Ὄσσῃ
604 347 737 387 Πήλιον.
783 347 898 381 Aliter

190 398 336 432 collocat
355 397 460 432 Ovid.
475 398 566 438 Met.
581 407 608 436 ι,
641 399 652 417 ‘
676 399 765 431 Tum
795 403 897 440 pater

189 447 405 491 omnipotens
433 448 538 481 misso
573 447 744 490 perfregit
776 449 897 491 Olym-

191 497 471 540 pnmfulmiue,
497 503 534 531 et
557 499 713 532 excussis
739 499 898 540 subjecto

191 549 292 590 Pelio
311 549 463 589 Ossam!
506 550 563 583 Ita
588 550 678 583 euim
702 550 898 592 legendum,

191 603 228 641 et
242 599 414 640 hocveue
440 605 576 634 veteres
598 602 704 634 libros
727 602 900 643 existimo,

191 659 270 685 cnm
280 651 417 692 subiecto
431 651 560 684 habent
577 652 690 694 potius
705 663 807 695 quam
828 652 898 684 sub-

181 701 317 742 jectum
341 702 484 742 ,virgin
508 702 639 744 Georg.
662 711 687 734 ι.
711 704 721 721 ‘
737 703 805 735 Ter
819 707 900 735 sunt

191 752 310 787 conati
331 747 509 794 imponere
536 753 634 786 Pelio
648 753 787 794 Ossam,
800 754 900 786 Scili-

188 806 264 844 cet,
293 806 400 845 atque
430 803 531 836 0⁸⁸ae
560 803 763 836 frondosum
792 804 901 836 invol-

192 863 274 886 vere
305 853 520 895 Olympum!
572 854 678 887 Hunc
706 855 814 896 igitur
842 855 902 888 ille

193 907 348 937 secutus.
374 904 514 937 Gronov.

196 989 200 992 Α
234 957 302 988 ¹124
323 955 548 988 Menneu-erat
577 956 714 998 ungues]
747 956 902 989 Praecisa

194 1006 392 1044 summitate
407 1007 582 1047 unguium,
607 1008 809 1040 extremitas
825 1018 902 1050 quae

194 1065 320 1089 nocere
333 1059 484 1098 poterat,
499 1055 615 1089 fuerat
631 1066 715 1089 auro
732 1057 902 1090 vestieute

195 1105 340 1140 mollita.
364 1106 464 1145 Idem.
870 1100 872 1104 '

249 1159 315 1189 727
350 1156 577 1198 Auxiliumque
614 1157 759 1199 Pelasgi]
797 1158 903 1198 Regis

196 1206 422 1240 Grecoruma
450 1208 531 1249 quia
557 1207 695 1249 gladius
715 1208 794 1240 huie
821 1208 902 1240 vali-

197 1257 262 1290 dus
274 1260 316 1291 et
330 1261 453 1289 acutus
470 1256 551 1291 fuit.
574 1257 678 1291 Idem.

199 1346 203 1348 ,
239 1309 304 1340 780
327 1307 428 1340 Ferro
450 1308 597 1349 proxima
619 1307 738 1349 virm]
762 1307 853 1342 Quia
868 1312 904 1340 et

196 1361 308 1391 caestu
322 1357 474 1392 homines
488 1357 704 1390 occiduntur.
729 1358 831 1392 Idem.

241 1410 306 1440 783
329 1407 406 1449 Non
424 1409 547 1440 mollior
565 1408 648 1452 ipse]
669 1409 778 1451 AEque
794 1409 905 1442 duris-

199 1458 326 1492 simus:
349 1459 447 1500 cujus
472 1459 562 1491 cutis
585 1459 728 1492 hominis
750 1464 827 1492 erat
842 1459 904 1492 du-

198 1514 278 1542 rata
293 1509 328 1542 in
344 1509 446 1542 boum
462 1510 590 1552 pelles.v
602 1509 704 1544 Idem.

241 1561 318 1593 ⁷8⁷v
333 1561 400 1593 Nec
419 1569 488 1593 meo
500 1560 651 1602 crudelis]
673 1559 906 1592 Subaudimus

198 1614 291 1653 mee.
336 1611 491 1653 Minatur
505 1611 596 1643 enim
612 1620 648 1643 se
665 1611 759 1643 illum
776 1611 907 1643 occisu-

201 1671 276 1695 rum
292 1661 352 1704 qui
366 1665 489 1694 contra
503 1661 663 1694 steterit:
687 1660 767 1693 ideo
792 1661 907 1693 venire

200 1713 318 1749 hostes
333 1711 489 1754 optabat.
510 1711 612 1744 Idem.

205 1800 209 1804 .
245 1765 311 1796 ⁷³9
333 1763 432 1802 Nuda
458 1763 497 1795 de
518 1761 607 1804 plebe
628 1759 804 1802 Laconum]
826 1760 908 1793 Sive

203 1823 321 1848 amore
341 1813 527 1853 ceromatis
547 1812 593 1845 ad
615 1811 806 1846 certamina
821 1821 906 1854 pras-

204 1859 341 1907 para'ta,
357 1864 411 1896 vel
425 1862 540 1896 fortia.
562 1863 665 1905 Idem.

244 1919 310 1957 ⁴141
334 1915 422 1950 Socii
435 1915 577 1956 fretum]
599 1914 642 1948 Id
664 1919 717 1947 est
740 1914 909 1946 Lacones.

204 1967 334 2002 Pouuoe
351 1966 523 2008 magistro]
546 1967 642 2000 Deus
669 1966 762 1999 enim
787 1965 911 1998 Pollux

205 2020 270 2059 hoc
301 2020 482 2060 exercitio,
520 2019 602 2051 dnm
631 2019 720 2051 inter
748 2017 912 2049 mortales

206 2075 312 2111 esset,
327 2070 593 2104 delectabatur:
617 2074 655 2103 et
668 2070 760 2102 hunc
774 2067 912 2101 Alcida·

208 2130 264 2162 ma
279 2121 401 2157 induit.
423 2122 523 2154 Idem.

250 2172 318 2206 744
330 2171 500 2204 Mater-iem
511 2171 660 2203 suadebat
674 2170 777 2211 amor]
793 2170 842 2202 Ut
853 2169 913 2202 do-

207 2225 308 2254 ceret
322 2221 413 2263 quod
428 2221 683 2254 delectabatur.
706 2221 805 2253 Idem.
840 2220 914 2252 Ma-

207 2268 324 2308 ‚tesiam
350 2271 500 2304 suadebat
528 2272 632 2313 amor]
667 2271 758 2303 Puto
787 2269 915 2303 rectius

210 2321 396 2364 distingui:
419 2325 451 2354 et
465 2321 594 2355 brachia
604 2321 709 2364 finxit
723 2321 914 2353 Materiam.-

207 2372 375 2416 (suadebat
389 2371 493 2415 amor)
507 2376 580 2404 tuno
594 2381 688 2413 καῖρε.
723 2371 795 2403 Per
810 2379 915 2411 epex-

211 2423 340 2465 egestu,
353 2428 393 2456 nt
406 2424 464 2463 sit,
478 2423 588 2455 instar
601 2421 768 2454 materiae.
812 2421 916 2453 Plato

211 2473 256 2506 de
273 2473 421 2516 Republ.
441 2473 499 2505 lib.
515 2482 556 2505 n.
588 2471 667 2505 Τοὺς
681 2472 705 2503 δ’
721 2469 917 2513 ἐγκριθέντας

209 2523 324 2564 μύθους
337 2522 486 2563 πείσομεν
498 2523 556 2556 τὰς
568 2521 705 2564 τροφούς
725 2534 763 2554 τε
786 2520 838 2553 καὶ
858 2520 917 2553 τὰς

211 2571 348 2616 μητέρας
367 2571 475 2614 λέγειν
495 2574 563 2606 τοῖς
583 2572 685 2609 παισὶ,
700 2571 751 2604 καὶ
765 2570 918 2603 πλάττειν

212 2625 271 2659 τὰς
278 2626 383 2667 ψυχὰς
393 2625 494 2657 αὐτῶν
506 2625 573 2657 τοῖς
583 2623 689 2664 μύθοις
702 2622 784 2655 πολὺ
794 2624 918 2662 μᾶλλον

213 2675 236 2716 ἢ
259 2676 302 2712 τὰ
325 2676 456 2718 σώματα
482 2678 552 2712 ταῖς
581 2675 700 2717 χερσίν.
752 2674 918 2716 Virgilius

215 2727 351 2761 AEneid.
363 2736 418 2762 vx.
436 2733 447 2747 ‘
460 2726 534 2760 fera
555 2727 662 2760 corda
675 2726 792 2759 domat
805 2725 917 2766 fingit-

215 2787 284 2822 que
299 2777 508 2820 premendo!
541 2776 705 2819 Eiusdem
720 2781 794 2809 est:
816 2775 827 2795 ‘
844 2784 920 2809 sua-

1541 185 1658 235 1907

947 297 1052 331 debat
1065 299 1183 332 amor.'
1228 297 1307 331 Lib.
1318 306 1373 331 lx.
1389 296 1399 316 ⁸
1413 296 1547 330 Suadet
1564 297 1653 330 euim

949 358 1074 381 vesana
1088 348 1220 382 fames!
1246 349 1386 381 Gronov.

990 402 1055 431 746
1069 400 1255 441 Nullamque
1263 401 1304 431 ad
1315 402 1443 441 pectora
1454 398 1596 440 pressit]
1610 397 1654 430 Id

948 453 1014 490 est,
1040 450 1240 491 complexus
1268 454 1322 482 est
1347 448 1517 492 fovendo:
1542 448 1656 481 Poeta

948 509 1076 532 morem
1089 501 1270 532 ceromatis
1282 504 1448 532 executus
1460 504 1512 531 est
1527 499 1655 531 descri-

950 550 1081 583 bendo:
1098 552 1215 583 nudum
1229 551 1283 583 hic
1299 551 1356 583 alii
1368 550 1495 583 fortem
1508 549 1654 591 intelligi

949 601 1082 633 volunt.
1104 602 1252 634 Lactant-

992 653 1056 683 747
1081 652 1236 694 Ridetque
1260 653 1435 695 vocantem]
1457 651 1654 685 Provocan·

950 705 1032 733 tem.
1055 701 1158 734 Idem.

994 754 1059 784 749
1080 752 1250 793 Languida
1271 754 1350 786 colla
1373 753 1562 795 tumescunt]
1587 752 1658 788 Qui

950 801 1111 843 languida
1128 804 1296 836 habebat:
1314 805 1474 846 quoniam
1490 804 1657 846 dedigna-

951 853 1054 885 batur
1068 858 1258 887 certamen.
1283 855 1382 887 Idem.

995 906 1060 936 750
1085 905 1225 946 Corpora
1243 905 1382 946 plantis]
1405 904 1447 937 Id
1465 908 1517 936 est
1532 904 1659 937 articu-

951 954 1004 987 lis.
1032 954 1101 986 Vet.
1114 954 1220 987 Schol.
1264 955 1428 997 Plerique
1443 954 1554 996 poe'tae
1570 955 1660 987 hanc

952 1004 1198 1036 exaltationem
1217 1004 1384 1037 scribunt.
1414 1005 1530 1038 Valet.
1542 1005 1661 1036 Flacc.

952 1054 996 1086 de
1014 1055 1178 1086 Polluce:
1203 1055 1213 1073 ‘
1228 1055 1374 1096 Semper
1389 1060 1426 1087 et
1442 1055 1477 1086 in
1493 1053 1610 1095 digitis
1623 1058 1661 1086 et

952 1106 1074 1138 summi
1099 1107 1244 1148 pulvere
1269 1107 1383 1148 campi
1406 1107 1661 1148 Porrectusque

952 1156 1067 1189 redit.'
1113 1157 1154 1189 Id
1178 1162 1243 1198 est,
1266 1157 1478 1190 omnimodo
1502 1167 1578 1189 sese
1602 1166 1661 1188 ex-

953 1207 1110 1240 tendens.
1143 1208 1273 1241 Inscite
1290 1209 1468 1250 vulgatur:
1493 1209 1503 1225 ‘
1517 1207 1661 1248 Projec·

954 1258 1100 1300 tuaque:
1122 1259 1240 1291 Barth.

996 1311 1058 1341 751
1087 1309 1155 1341 Ora
1183 1309 1320 1351 recessu]
1351 1309 1362 1328 ⁴
1386 1308 1551 1342 Habent'
1582 1307 1667 1340 sub-¹

954 1359 1108 1392 audimus
1129 1360 1139 1378 ‘
1156 1360 1313 1393 manibus
1339 1359 1547 1402 implicatis?
1581 1359 1662 1391 Lac·

954 1412 1036 1441 tant.
1324 1426 1327 1429 -

997 1462 1063 1491 756
1096 1460 1197 1492 Paulo
1224 1464 1299 1493 ante
1338 1460 1435 1502 puer]
1466 1459 1664 1493 Alcidamas

955 1509 1167 1552 adolescens,
1180 1510 1238 1553 qui
1254 1515 1392 1544 aetatem
1406 1511 1560 1553 corporis
1574 1511 1665 1543 mole

957 1560 1138 1593 vincebat:
1155 1560 1189 1592 id
1202 1565 1270 1600 est,
1285 1562 1382 1602 cnjus
1399 1561 1509 1593 virtus
1523 1565 1664 1593 aetatem

958 1609 1088 1642 virilem
1106 1615 1344 1651 praecesserat.
1368 1611 1467 1642 Idem.

1000 1662 1064 1692 757
1098 1661 1198 1692 Tener
1226 1661 1360 1702 impetus
1388 1660 1503 1702 annos]
1537 1660 1580 1693 Id
1610 1664 1666 1693 est

958 1720 1080 1752 magna
1096 1711 1129 1742 in
1146 1721 1188 1743 eo
1203 1721 1247 1743 ex
1263 1711 1394 1753 impetu
1406 1711 1520 1744 aetatis
1534 1705 1665 1743 tenerae

959 1760 1099 1793 virtutis
1127 1760 1251 1794 futurae
1281 1761 1415 1794 indoles
1449 1761 1666 1795 cernebatur.

960 1811 1061 1844 Idem.

1003 1865 1069 1895 758
1086 1863 1186 1900 Quem
1200 1863 1300 1904 vinci]
1318 1862 1476 1906 Aliquem
1493 1863 1664 1905 ipsorum:

962 1914 1110 1956 populus
1127 1915 1214 1946 enim
1225 1914 1420 1955 junioribus
1436 1915 1523 1947 solet
1537 1913 1667 1947 favere.

964 1964 1063 1997 Ordo
1077 1974 1159 2007 ergo
1175 1966 1254 1997 talis
1267 1970 1337 1997 est:
1356 1966 1479 2008 Neque
1490 1965 1667 2008 quisquam

963 2015 1062 2047 malit
1084 2016 1228 2058 aliquem
1256 2016 1346 2048 vinci
1376 2021 1438 2048 aut
1459 2016 1550 2059 tingi
1576 2025 1670 2049 saevo

963 2066 1139 2107 sanguine.
1162 2067 1258 2098 Idem.

1006 2119 1071 2150 759
1093 2117 1209 2149 Erecto
1238 2116 1348 2149 timeat
1376 2117 1553 2158 spectacula
1580 2115 1671 2156 voto]

963 2166 1165 2200 Deformata
1179 2168 1253 2200 haec
1270 2178 1291 2200 a
1312 2166 1511 2200 deformatis
1524 2167 1670 2199 homini-

964 2218 1040 2259 bus,
1053 2218 1176 2261 quibus
1198 2218 1280 2250 nihil
1305 2218 1431 2250 bonum
1453 2218 1515 2250 nisi
1534 2217 1670 2251 tritum.

966 2268 1061 2310 Lips.
1076 2269 1227 2310 scriptus
1243 2268 1354 2301 liber:
1378 2272 1410 2300 et
1424 2272 1525 2300 erecto
1540 2268 1672 2300 timeant

964 2319 1150 2360 spectacula,
1174 2319 1265 2361 quod
1290 2319 1399 2361 probe
1425 2318 1571 2361 probum
1597 2323 1670 2352 est:

964 2371 1140 2411 spectacula
1166 2370 1257 2401 dixit
1281 2379 1343 2411 pro
1367 2369 1377 2388 ‘
1395 2368 1672 2410 spectatoribus:

966 2420 1107 2452 notione
1123 2419 1264 2462 optimis
1280 2420 1474 2452 authoribus
1487 2418 1647 2452 familiari
1661 2430 1671 2452 ι

967 2470 1017 2503 ita
1053 2470 1064 2488 ⁴
1089 2470 1325 2503 matrimonia'
1360 2479 1423 2512 pro
1455 2470 1465 2488 ‘
1480 2469 1673 2503 matronis!

967 2520 1085 2553 Livius
1105 2519 1166 2553 lib.
1182 2529 1220 2552 x.
1243 2521 1253 2538 ‘
1269 2521 1316 2552 Et
1329 2520 1526 2553 convocatis
1541 2520 1675 2562 plebeis

966 2571 1194 2604 matrimoniis
1231 2575 1420 2613 conquesta
1456 2570 1499 2602 de
1544 2571 1675 2612 injuria.

967 2620 1215 2663 patriciarum!
1257 2621 1315 2653 Sic
1346 2623 1356 2640 ‘
1377 2620 1586 2653 ministeria'
1610 2630 1674 2663 pro

966 2673 977 2691 ‘
994 2673 1183 2706 ministris!
1227 2672 1321 2707 Juris
1345 2673 1530 2706 Consultus
1554 2672 1674 2714 Ulpia—

969 2732 1032 2756 nus
1056 2723 1115 2756 lib.
1133 2732 1198 2756 vu.
1222 2723 1265 2755 de
1288 2722 1414 2755 Officio
1429 2723 1673 2755 proconsulis:

970 2778 980 2793 ‘
997 2774 1195 2808 Ministeria
1217 2783 1352 2818 quoque
1368 2773 1530 2807 militaria
1546 2772 1574 2805 si
1588 2781 1674 2814 opus
