<?xml version="1.0" encoding="UTF-8"?>
<!DOCTYPE html PUBLIC "-//W3C//DTD XHTML 1.0 Transitional//EN"
    "http://www.w3.org/TR/xhtml1/DTD/xhtml1-transitional.dtd">
<html xmlns="http://www.w3.org/1999/xhtml" xml:lang="en" lang="en">
 <head>
  <title>
</title>
<meta http-equiv="Content-Type" content="text/html;charset=utf-8" />
  <meta name='ocr-system' content='tesseract 3.04.00' />
  <meta name='ocr-capabilities' content='ocr_page ocr_carea ocr_par ocr_line ocrx_word'/>
</head>
<body>
  <div class='ocr_page' id='page_1' title='image "./operaomniaexedit04statuoft/operaomniaexedit04statuoft_0308.png"; bbox 0 0 1878 3164; ppageno 0'>
   <div class='ocr_carea' id='block_1_1' title="bbox 280 217 395 262">
    <p class='ocr_par' dir='ltr' id='par_1_1' title="bbox 280 217 395 262">
     <span class='ocr_line' id='line_1_1' title="bbox 280 217 395 262; baseline -0.017 0"><span class='ocrx_word' id='word_1_1' title='bbox 280 217 395 262; x_wconf 80' lang='lat'>2044</span> 
     </span>
    </p>
   </div>
   <div class='ocr_carea' id='block_1_2' title="bbox 279 324 982 1419">
    <p class='ocr_par' dir='ltr' id='par_1_2' title="bbox 283 324 979 458">
     <span class='ocr_line' id='line_1_2' title="bbox 327 324 979 366; baseline 0 -10"><span class='ocrx_word' id='word_1_2' title='bbox 327 327 390 356; x_wconf 82' lang='grc'>318</span> <span class='ocrx_word' id='word_1_3' title='bbox 413 325 512 361; x_wconf 77' lang='lat' dir='ltr'>Quem</span> <span class='ocrx_word' id='word_1_4' title='bbox 529 324 674 358; x_wconf 75' lang='lat' dir='ltr'>Danaum</span> <span class='ocrx_word' id='word_1_5' title='bbox 683 325 817 366; x_wconf 77' lang='lat' dir='ltr'>classes}</span> <span class='ocrx_word' id='word_1_6' title='bbox 828 325 979 366; x_wconf 81' lang='lat' dir='ltr'>Propter</span> 
     </span>
     <span class='ocr_line' id='line_1_3' title="bbox 283 373 979 408; baseline 0.003 -4"><span class='ocrx_word' id='word_1_7' title='bbox 283 373 341 405; x_wconf 87' lang='lat' dir='ltr'>id:</span> <span class='ocrx_word' id='word_1_8' title='bbox 366 375 375 391; x_wconf 92' lang='lat'>‘</span> <span class='ocrx_word' id='word_1_9' title='bbox 393 373 559 406; x_wconf 88' lang='lat' dir='ltr'>Omnis-in</span> <span class='ocrx_word' id='word_1_10' title='bbox 576 375 749 407; x_wconf 84' lang='lat' dir='ltr'><strong>absentem</strong></span> <span class='ocrx_word' id='word_1_11' title='bbox 767 376 847 408; x_wconf 89' lang='lat' dir='ltr'>belli</span> <span class='ocrx_word' id='word_1_12' title='bbox 861 385 979 407; x_wconf 84' lang='lat' dir='ltr'>manus</span> 
     </span>
     <span class='ocr_line' id='line_1_4' title="bbox 284 424 710 458; baseline 0.005 -2"><span class='ocrx_word' id='word_1_13' title='bbox 284 424 384 456; x_wconf 76' lang='lat' dir='ltr'>ardet</span> <span class='ocrx_word' id='word_1_14' title='bbox 400 424 590 457; x_wconf 66' lang='lat' dir='ltr'>Achillem!</span> <span class='ocrx_word' id='word_1_15' title='bbox 613 426 710 458; x_wconf 84' lang='lat' dir='ltr'>Idem.</span> 
     </span>
    </p>

    <p class='ocr_par' dir='ltr' id='par_1_3' title="bbox 279 475 982 1057">
     <span class='ocr_line' id='line_1_5' title="bbox 326 475 977 517; baseline 0.003 -11"><span class='ocrx_word' id='word_1_16' title='bbox 326 477 391 506; x_wconf 70' lang='lat'>319</span> <span class='ocrx_word' id='word_1_17' title='bbox 418 475 577 516; x_wconf 79' lang='lat' dir='ltr'>Erectum]</span> <span class='ocrx_word' id='word_1_18' title='bbox 599 476 677 509; x_wconf 83' lang='lat' dir='ltr'>Jam</span> <span class='ocrx_word' id='word_1_19' title='bbox 702 475 915 517; x_wconf 77' lang='lat' dir='ltr'>suscitatum,</span> <span class='ocrx_word' id='word_1_20' title='bbox 942 480 977 508; x_wconf 91' lang='lat' dir='ltr'>et</span> 
     </span>
     <span class='ocr_line' id='line_1_6' title="bbox 283 519 980 567; baseline 0.004 -11"><span class='ocrx_word' id='word_1_21' title='bbox 283 519 493 566; x_wconf 84' lang='lat' dir='ltr'>susceptum.</span> <span class='ocrx_word' id='word_1_22' title='bbox 545 526 671 567; x_wconf 69' lang='lat' dir='ltr'>Manet]</span> <span class='ocrx_word' id='word_1_23' title='bbox 711 527 894 567; x_wconf 79' lang='lat' dir='ltr'>Expectat.</span> <span class='ocrx_word' id='word_1_24' title='bbox 938 528 980 559; x_wconf 74' lang='lat' dir='ltr'>In</span> 
     </span>
     <span class='ocr_line' id='line_1_7' title="bbox 281 574 979 617; baseline 0.006 -11"><span class='ocrx_word' id='word_1_25' title='bbox 281 574 389 607; x_wconf 77' lang='lat' dir='ltr'>limine</span> <span class='ocrx_word' id='word_1_26' title='bbox 414 576 566 617; x_wconf 74' lang='lat' dir='ltr'>reserato]</span> <span class='ocrx_word' id='word_1_27' title='bbox 591 577 638 609; x_wconf 90' lang='lat' dir='ltr'>Ut</span> <span class='ocrx_word' id='word_1_28' title='bbox 665 577 694 608; x_wconf 88' lang='lat' dir='ltr'>si</span> <span class='ocrx_word' id='word_1_29' title='bbox 719 577 824 617; x_wconf 85' lang='lat' dir='ltr'>dicat,</span> <span class='ocrx_word' id='word_1_30' title='bbox 852 579 979 610; x_wconf 85' lang='lat' dir='ltr'>ceteris</span> 
     </span>
     <span class='ocr_line' id='line_1_8' title="bbox 279 625 982 669; baseline 0.007 -14"><span class='ocrx_word' id='word_1_31' title='bbox 279 625 351 666; x_wconf 79' lang='lat' dir='ltr'>jam</span> <span class='ocrx_word' id='word_1_32' title='bbox 367 626 493 666; x_wconf 81' lang='lat' dir='ltr'>paratis</span> <span class='ocrx_word' id='word_1_33' title='bbox 508 626 550 657; x_wconf 76' lang='lat' dir='ltr'>ud</span> <span class='ocrx_word' id='word_1_34' title='bbox 565 630 693 659; x_wconf 79' lang='lat' dir='ltr'><strong>tantam</strong></span> <span class='ocrx_word' id='word_1_35' title='bbox 707 637 790 659; x_wconf 87' lang='lat' dir='ltr'>rem.</span> <span class='ocrx_word' id='word_1_36' title='bbox 815 628 982 669; x_wconf 80' lang='lat' dir='ltr'>Respexit</span> 
     </span>
     <span class='ocr_line' id='line_1_9' title="bbox 282 674 981 709; baseline 0.006 -4"><span class='ocrx_word' id='word_1_37' title='bbox 282 678 396 706; x_wconf 88' lang='lat' dir='ltr'>autem</span> <span class='ocrx_word' id='word_1_38' title='bbox 426 674 468 706; x_wconf 80' lang='lat' dir='ltr'>ad</span> <span class='ocrx_word' id='word_1_39' title='bbox 498 676 725 708; x_wconf 83' lang='lat' dir='ltr'>Romanorum</span> <span class='ocrx_word' id='word_1_40' title='bbox 764 678 981 709; x_wconf 85' lang='lat' dir='ltr'>consuetudi-</span> 
     </span>
     <span class='ocr_line' id='line_1_10' title="bbox 284 724 980 765; baseline 0.007 -11"><span class='ocrx_word' id='word_1_41' title='bbox 284 732 375 763; x_wconf 88' lang='lat' dir='ltr'>nem,</span> <span class='ocrx_word' id='word_1_42' title='bbox 400 724 456 765; x_wconf 81' lang='lat' dir='ltr'>qui</span> <span class='ocrx_word' id='word_1_43' title='bbox 479 724 609 757; x_wconf 90' lang='lat' dir='ltr'>indicto</span> <span class='ocrx_word' id='word_1_44' title='bbox 632 725 722 758; x_wconf 88' lang='lat' dir='ltr'>bello</span> <span class='ocrx_word' id='word_1_45' title='bbox 746 730 781 758; x_wconf 83' lang='lat' dir='ltr'>et</span> <span class='ocrx_word' id='word_1_46' title='bbox 803 726 845 758; x_wconf 82' lang='lat' dir='ltr'>ad</span> <span class='ocrx_word' id='word_1_47' title='bbox 869 727 980 759; x_wconf 87' lang='lat' dir='ltr'>hostes</span> 
     </span>
     <span class='ocr_line' id='line_1_11' title="bbox 283 775 981 815; baseline 0.007 -11"><span class='ocrx_word' id='word_1_48' title='bbox 283 778 480 814; x_wconf 85' lang='lat' dir='ltr'>pergentes,</span> <span class='ocrx_word' id='word_1_49' title='bbox 504 779 635 815; x_wconf 82' lang='lat' dir='ltr'>portam</span> <span class='ocrx_word' id='word_1_50' title='bbox 656 775 740 807; x_wconf 80' lang='lat' dir='ltr'>aedis</span> <span class='ocrx_word' id='word_1_51' title='bbox 754 776 834 809; x_wconf 87' lang='lat' dir='ltr'>Jani</span> <span class='ocrx_word' id='word_1_52' title='bbox 850 786 981 809; x_wconf 83' lang='lat' dir='ltr'>resera-</span> 
     </span>
     <span class='ocr_line' id='line_1_12' title="bbox 283 822 982 866; baseline 0.007 -12"><span class='ocrx_word' id='word_1_53' title='bbox 283 822 382 863; x_wconf 85' lang='lat' dir='ltr'>bant,</span> <span class='ocrx_word' id='word_1_54' title='bbox 412 833 523 866; x_wconf 87' lang='lat' dir='ltr'>neque</span> <span class='ocrx_word' id='word_1_55' title='bbox 552 830 670 866; x_wconf 86' lang='lat' dir='ltr'>postea</span> <span class='ocrx_word' id='word_1_56' title='bbox 699 826 762 858; x_wconf 85' lang='lat' dir='ltr'>nisi</span> <span class='ocrx_word' id='word_1_57' title='bbox 790 826 879 858; x_wconf 90' lang='lat' dir='ltr'>bello</span> <span class='ocrx_word' id='word_1_58' title='bbox 901 836 982 859; x_wconf 90' lang='lat' dir='ltr'>con·</span> 
     </span>
     <span class='ocr_line' id='line_1_13' title="bbox 283 871 980 915; baseline 0.007 -11"><span class='ocrx_word' id='word_1_59' title='bbox 283 871 378 905; x_wconf 85' lang='lat' dir='ltr'>fecto</span> <span class='ocrx_word' id='word_1_60' title='bbox 412 874 657 915; x_wconf 73' lang='lat' dir='ltr'>claudebatur-3</span> <span class='ocrx_word' id='word_1_61' title='bbox 695 876 785 908; x_wconf 87' lang='lat' dir='ltr'>unde</span> <span class='ocrx_word' id='word_1_62' title='bbox 812 880 864 909; x_wconf 85' lang='lat' dir='ltr'>est</span> <span class='ocrx_word' id='word_1_63' title='bbox 895 876 980 909; x_wconf 89' lang='lat' dir='ltr'>illud</span> 
     </span>
     <span class='ocr_line' id='line_1_14' title="bbox 283 923 981 967; baseline 0.007 -13"><span class='ocrx_word' id='word_1_64' title='bbox 283 923 408 964; x_wconf 83' lang='lat' dir='ltr'>Virgil.</span> <span class='ocrx_word' id='word_1_65' title='bbox 453 924 463 942; x_wconf 88' lang='lat'>‘</span> <span class='ocrx_word' id='word_1_66' title='bbox 493 924 702 958; x_wconf 81' lang='lat' dir='ltr'>claudentur</span> <span class='ocrx_word' id='word_1_67' title='bbox 738 926 818 957; x_wconf 90' lang='lat' dir='ltr'>belli</span> <span class='ocrx_word' id='word_1_68' title='bbox 846 926 981 967; x_wconf 60' lang='lat' dir='ltr'>portae?</span> 
     </span>
     <span class='ocr_line' id='line_1_15' title="bbox 283 971 980 1016; baseline 0.009 -13"><span class='ocrx_word' id='word_1_69' title='bbox 283 971 342 1004; x_wconf 87' lang='lat' dir='ltr'>De</span> <span class='ocrx_word' id='word_1_70' title='bbox 357 971 421 1004; x_wconf 85' lang='lat' dir='ltr'>hoc</span> <span class='ocrx_word' id='word_1_71' title='bbox 446 973 643 1015; x_wconf 80' lang='lat' dir='ltr'>Suetonius,</span> <span class='ocrx_word' id='word_1_72' title='bbox 665 974 816 1016; x_wconf 87' lang='lat' dir='ltr'>Servius,</span> <span class='ocrx_word' id='word_1_73' title='bbox 839 980 876 1009; x_wconf 86' lang='lat' dir='ltr'>et</span> <span class='ocrx_word' id='word_1_74' title='bbox 897 976 980 1009; x_wconf 87' lang='lat' dir='ltr'>Ovi-</span> 
     </span>
     <span class='ocr_line' id='line_1_16' title="bbox 282 1019 758 1057; baseline 0.006 -3"><span class='ocrx_word' id='word_1_75' title='bbox 282 1019 361 1054; x_wconf 80' lang='lat' dir='ltr'>dius</span> <span class='ocrx_word' id='word_1_76' title='bbox 377 1022 412 1053; x_wconf 93' lang='lat' dir='ltr'>in</span> <span class='ocrx_word' id='word_1_77' title='bbox 430 1022 538 1054; x_wconf 84' lang='lat' dir='ltr'>Fastis</span> <span class='ocrx_word' id='word_1_78' title='bbox 553 1023 633 1055; x_wconf 86' lang='lat' dir='ltr'>suis.</span> <span class='ocrx_word' id='word_1_79' title='bbox 657 1024 758 1057; x_wconf 82' lang='lat' dir='ltr'>Idem.</span> 
     </span>
    </p>

    <p class='ocr_par' dir='ltr' id='par_1_4' title="bbox 282 1071 981 1312">
     <span class='ocr_line' id='line_1_17' title="bbox 326 1071 979 1114; baseline 0.008 -12"><span class='ocrx_word' id='word_1_80' title='bbox 326 1072 390 1102; x_wconf 79' lang='lat'>320</span> <span class='ocrx_word' id='word_1_81' title='bbox 413 1071 585 1112; x_wconf 79' lang='lat' dir='ltr'>Foemineo]</span> <span class='ocrx_word' id='word_1_82' title='bbox 623 1073 727 1106; x_wconf 80' lang='lat' dir='ltr'>Quasi</span> <span class='ocrx_word' id='word_1_83' title='bbox 753 1073 860 1114; x_wconf 82' lang='lat' dir='ltr'>dicat,</span> <span class='ocrx_word' id='word_1_84' title='bbox 890 1084 979 1107; x_wconf 90' lang='lat' dir='ltr'>com-</span> 
     </span>
     <span class='ocr_line' id='line_1_18' title="bbox 283 1120 981 1166; baseline 0.01 -16"><span class='ocrx_word' id='word_1_85' title='bbox 283 1120 377 1151; x_wconf 85' lang='lat' dir='ltr'>misit</span> <span class='ocrx_word' id='word_1_86' title='bbox 399 1124 530 1153; x_wconf 85' lang='lat' dir='ltr'>tautum</span> <span class='ocrx_word' id='word_1_87' title='bbox 554 1123 678 1164; x_wconf 88' lang='lat' dir='ltr'>scelus,</span> <span class='ocrx_word' id='word_1_88' title='bbox 700 1123 790 1166; x_wconf 86' lang='lat' dir='ltr'>quod</span> <span class='ocrx_word' id='word_1_89' title='bbox 814 1124 918 1157; x_wconf 84' lang='lat' dir='ltr'>vellet</span> <span class='ocrx_word' id='word_1_90' title='bbox 941 1128 981 1157; x_wconf 83' lang='lat' dir='ltr'>nt</span> 
     </span>
     <span class='ocr_line' id='line_1_19' title="bbox 282 1170 981 1214; baseline 0.009 -12"><span class='ocrx_word' id='word_1_91' title='bbox 282 1174 353 1202; x_wconf 81' lang='lat' dir='ltr'>tam</span> <span class='ocrx_word' id='word_1_92' title='bbox 369 1170 464 1204; x_wconf 86' lang='lat' dir='ltr'>fortis</span> <span class='ocrx_word' id='word_1_93' title='bbox 479 1172 532 1204; x_wconf 89' lang='lat' dir='ltr'>vir</span> <span class='ocrx_word' id='word_1_94' title='bbox 553 1173 691 1214; x_wconf 83' lang='lat' dir='ltr'>lateret,</span> <span class='ocrx_word' id='word_1_95' title='bbox 716 1180 752 1206; x_wconf 89' lang='lat' dir='ltr'>et</span> <span class='ocrx_word' id='word_1_96' title='bbox 775 1175 849 1208; x_wconf 82' lang='lat' dir='ltr'>haec</span> <span class='ocrx_word' id='word_1_97' title='bbox 878 1175 981 1208; x_wconf 85' lang='lat' dir='ltr'>verba</span> 
     </span>
     <span class='ocr_line' id='line_1_20' title="bbox 283 1220 980 1261; baseline 0.01 -9"><span class='ocrx_word' id='word_1_98' title='bbox 283 1220 356 1261; x_wconf 83' lang='lat' dir='ltr'>dat,</span> <span class='ocrx_word' id='word_1_99' title='bbox 386 1226 425 1254; x_wconf 92' lang='lat' dir='ltr'>ut</span> <span class='ocrx_word' id='word_1_100' title='bbox 454 1227 588 1256; x_wconf 79' lang='lat' dir='ltr'>avertat</span> <span class='ocrx_word' id='word_1_101' title='bbox 613 1224 760 1257; x_wconf 81' lang='lat' dir='ltr'>animum</span> <span class='ocrx_word' id='word_1_102' title='bbox 788 1235 810 1257; x_wconf 79' lang='lat' dir='ltr'>a</span> <span class='ocrx_word' id='word_1_103' title='bbox 837 1235 980 1259; x_wconf 84' lang='lat' dir='ltr'>moerore</span> 
     </span>
     <span class='ocr_line' id='line_1_21' title="bbox 282 1273 611 1312; baseline 0.012 -9"><span class='ocrx_word' id='word_1_104' title='bbox 282 1276 464 1312; x_wconf 86' lang='lat' dir='ltr'>concepto.</span> <span class='ocrx_word' id='word_1_105' title='bbox 487 1273 611 1307; x_wconf 71' lang='lat' dir='ltr'>Matar.</span> 
     </span>
    </p>

    <p class='ocr_par' dir='ltr' id='par_1_5' title="bbox 280 1323 981 1419">
     <span class='ocr_line' id='line_1_22' title="bbox 325 1323 981 1368; baseline 0.009 -15"><span class='ocrx_word' id='word_1_106' title='bbox 325 1324 388 1353; x_wconf 79' lang='lat'>321</span> <span class='ocrx_word' id='word_1_107' title='bbox 415 1323 498 1355; x_wconf 84' lang='lat' dir='ltr'>Ullis</span> <span class='ocrx_word' id='word_1_108' title='bbox 514 1323 623 1366; x_wconf 78' lang='lat' dir='ltr'>furtu]</span> <span class='ocrx_word' id='word_1_109' title='bbox 659 1324 760 1359; x_wconf 81' lang='lat' dir='ltr'>Quod</span> <span class='ocrx_word' id='word_1_110' title='bbox 782 1326 832 1358; x_wconf 83' lang='lat' dir='ltr'>ita</span> <span class='ocrx_word' id='word_1_111' title='bbox 856 1336 981 1368; x_wconf 81' lang='lat' dir='ltr'>magua</span> 
     </span>
     <span class='ocr_line' id='line_1_23' title="bbox 280 1373 979 1419; baseline 0.006 -12"><span class='ocrx_word' id='word_1_112' title='bbox 280 1373 415 1407; x_wconf 76' lang='lat' dir='ltr'>latebra</span> <span class='ocrx_word' id='word_1_113' title='bbox 429 1375 651 1417; x_wconf 85' lang='lat' dir='ltr'>inveniretur,</span> <span class='ocrx_word' id='word_1_114' title='bbox 660 1387 737 1419; x_wconf 83' lang='lat' dir='ltr'>quae</span> <span class='ocrx_word' id='word_1_115' title='bbox 748 1381 783 1410; x_wconf 89' lang='lat' dir='ltr'>te</span> <span class='ocrx_word' id='word_1_116' title='bbox 798 1378 979 1411; x_wconf 83' lang='lat' dir='ltr'>maximum</span> 
     </span>
    </p>
   </div>
   <div class='ocr_carea' id='block_1_3' title="bbox 270 1425 980 1509">
    <p class='ocr_par' dir='ltr' id='par_1_6' title="bbox 270 1425 980 1509">
     <span class='ocr_line' id='line_1_24' title="bbox 270 1425 980 1470; baseline 0.008 -15"><span class='ocrx_word' id='word_1_117' title='bbox 270 1428 434 1464; x_wconf 76' lang='lat' dir='ltr'>caperet.</span> <span class='ocrx_word' id='word_1_118' title='bbox 481 1425 640 1468; x_wconf 79' lang='lat' dir='ltr'><strong><em>Grandia]</em></strong></span> <span class='ocrx_word' id='word_1_119' title='bbox 662 1427 793 1469; x_wconf 72' lang='lat' dir='ltr'>Magne</span> <span class='ocrx_word' id='word_1_120' title='bbox 812 1438 878 1460; x_wconf 91' lang='lat' dir='ltr'>uon</span> <span class='ocrx_word' id='word_1_121' title='bbox 902 1439 980 1470; x_wconf 85' lang='lat' dir='ltr'>pos-</span> 
     </span>
     <span class='ocr_line' id='line_1_25' title="bbox 283 1474 678 1509; baseline 0.01 -5"><span class='ocrx_word' id='word_1_122' title='bbox 283 1477 363 1505; x_wconf 89' lang='lat' dir='ltr'>sunt</span> <span class='ocrx_word' id='word_1_123' title='bbox 379 1474 554 1507; x_wconf 85' lang='lat' dir='ltr'>occultari.</span> <span class='ocrx_word' id='word_1_124' title='bbox 579 1476 678 1509; x_wconf 86' lang='lat' dir='ltr'>Idem.</span> 
     </span>
    </p>
   </div>
   <div class='ocr_carea' id='block_1_4' title="bbox 718 230 859 262">
    <p class='ocr_par' dir='ltr' id='par_1_7' title="bbox 718 230 859 262">
     <span class='ocr_line' id='line_1_26' title="bbox 718 230 859 262; baseline -0.007 0"><span class='ocrx_word' id='word_1_125' title='bbox 718 230 859 262; x_wconf 78' lang='lat' dir='ltr'><strong>NOTAE</strong></span> 
     </span>
    </p>
   </div>
   <div class='ocr_carea' id='block_1_5' title="bbox 282 1523 982 2213">
    <p class='ocr_par' dir='ltr' id='par_1_8' title="bbox 283 1523 980 1615">
     <span class='ocr_line' id='line_1_27' title="bbox 326 1523 980 1568; baseline 0.009 -14"><span class='ocrx_word' id='word_1_126' title='bbox 326 1526 390 1555; x_wconf 75' lang='lat'>322</span> <span class='ocrx_word' id='word_1_127' title='bbox 422 1523 592 1565; x_wconf 74' lang='lat' dir='ltr'>Suspensa]</span> <span class='ocrx_word' id='word_1_128' title='bbox 627 1526 804 1568; x_wconf 79' lang='lat' dir='ltr'><strong>Tanquam</strong></span> <span class='ocrx_word' id='word_1_129' title='bbox 840 1530 879 1559; x_wconf 84' lang='lat' dir='ltr'>tu</span> <span class='ocrx_word' id='word_1_130' title='bbox 914 1537 980 1560; x_wconf 89' lang='lat' dir='ltr'>non</span> 
     </span>
     <span class='ocr_line' id='line_1_28' title="bbox 283 1574 938 1615; baseline 0.005 -10"><span class='ocrx_word' id='word_1_131' title='bbox 283 1583 398 1615; x_wconf 85' lang='lat' dir='ltr'>posses</span> <span class='ocrx_word' id='word_1_132' title='bbox 414 1578 448 1606; x_wconf 89' lang='lat' dir='ltr'>te</span> <span class='ocrx_word' id='word_1_133' title='bbox 465 1574 652 1607; x_wconf 86' lang='lat' dir='ltr'>defendere</span> <span class='ocrx_word' id='word_1_134' title='bbox 666 1576 701 1607; x_wconf 91' lang='lat' dir='ltr'>in</span> <span class='ocrx_word' id='word_1_135' title='bbox 713 1576 816 1610; x_wconf 84' lang='lat' dir='ltr'>hello.</span> <span class='ocrx_word' id='word_1_136' title='bbox 839 1577 938 1609; x_wconf 84' lang='lat' dir='ltr'>Idem.</span> 
     </span>
    </p>

    <p class='ocr_par' dir='ltr' id='par_1_9' title="bbox 282 1624 982 1915">
     <span class='ocr_line' id='line_1_29' title="bbox 325 1624 981 1666; baseline 0.005 -10"><span class='ocrx_word' id='word_1_137' title='bbox 325 1626 388 1657; x_wconf 73' lang='lat'>³23</span> <span class='ocrx_word' id='word_1_138' title='bbox 412 1624 536 1666; x_wconf 76' lang='lat' dir='ltr'>Fidem]</span> <span class='ocrx_word' id='word_1_139' title='bbox 566 1625 669 1659; x_wconf 82' lang='lat' dir='ltr'>Quod</span> <span class='ocrx_word' id='word_1_140' title='bbox 692 1635 760 1658; x_wconf 87' lang='lat' dir='ltr'>non</span> <span class='ocrx_word' id='word_1_141' title='bbox 782 1625 981 1659; x_wconf 81' lang='lat' dir='ltr'>manifesta·</span> 
     </span>
     <span class='ocr_line' id='line_1_30' title="bbox 283 1674 500 1707; baseline 0.005 -1"><span class='ocrx_word' id='word_1_142' title='bbox 283 1674 378 1706; x_wconf 85' lang='lat' dir='ltr'>reris.</span> <span class='ocrx_word' id='word_1_143' title='bbox 400 1674 500 1707; x_wconf 86' lang='lat' dir='ltr'>Idem.</span> 
     </span>
     <span class='ocr_line' id='line_1_31' title="bbox 292 1724 982 1767; baseline 0.009 -13"><span class='ocrx_word' id='word_1_144' title='bbox 292 1757 295 1759; x_wconf 84' lang='lat'>.</span> <span class='ocrx_word' id='word_1_145' title='bbox 325 1726 387 1755; x_wconf 77' lang='lat'>326</span> <span class='ocrx_word' id='word_1_146' title='bbox 412 1724 648 1767; x_wconf 63' lang='lat' dir='ltr'>suppresserat]</span> <span class='ocrx_word' id='word_1_147' title='bbox 685 1727 779 1760; x_wconf 85' lang='lat' dir='ltr'>Quos</span> <span class='ocrx_word' id='word_1_148' title='bbox 816 1727 982 1760; x_wconf 86' lang='lat' dir='ltr'>hactenus</span> 
     </span>
     <span class='ocr_line' id='line_1_32' title="bbox 283 1773 980 1815; baseline 0.009 -10"><span class='ocrx_word' id='word_1_149' title='bbox 283 1773 394 1815; x_wconf 88' lang='lat' dir='ltr'>ipsum</span> <span class='ocrx_word' id='word_1_150' title='bbox 410 1783 562 1807; x_wconf 83' lang='lat' dir='ltr'>socerum</span> <span class='ocrx_word' id='word_1_151' title='bbox 585 1780 623 1808; x_wconf 87' lang='lat' dir='ltr'>et</span> <span class='ocrx_word' id='word_1_152' title='bbox 644 1781 786 1810; x_wconf 86' lang='lat' dir='ltr'>matrem</span> <span class='ocrx_word' id='word_1_153' title='bbox 809 1787 904 1810; x_wconf 86' lang='lat' dir='ltr'>suam</span> <span class='ocrx_word' id='word_1_154' title='bbox 926 1788 980 1811; x_wconf 89' lang='lat' dir='ltr'>ce-</span> 
     </span>
     <span class='ocr_line' id='line_1_33' title="bbox 282 1825 980 1870; baseline 0.007 -14"><span class='ocrx_word' id='word_1_155' title='bbox 282 1825 430 1865; x_wconf 81' lang='lat' dir='ltr'>laverat3</span> <span class='ocrx_word' id='word_1_156' title='bbox 457 1825 500 1857; x_wconf 83' lang='lat' dir='ltr'>ad</span> <span class='ocrx_word' id='word_1_157' title='bbox 516 1835 617 1858; x_wconf 89' lang='lat' dir='ltr'>unum</span> <span class='ocrx_word' id='word_1_158' title='bbox 633 1827 725 1859; x_wconf 85' lang='lat' dir='ltr'>tubae</span> <span class='ocrx_word' id='word_1_159' title='bbox 742 1828 887 1861; x_wconf 81' lang='lat' dir='ltr'>sonitum</span> <span class='ocrx_word' id='word_1_160' title='bbox 904 1838 980 1870; x_wconf 89' lang='lat' dir='ltr'>pro-</span> 
     </span>
     <span class='ocr_line' id='line_1_34' title="bbox 283 1874 967 1915; baseline 0.009 -9"><span class='ocrx_word' id='word_1_161' title='bbox 283 1874 424 1915; x_wconf 78' lang='lat' dir='ltr'>palavit.</span> <span class='ocrx_word' id='word_1_162' title='bbox 468 1876 586 1908; x_wconf 82' lang='lat' dir='ltr'>Tantae</span> <span class='ocrx_word' id='word_1_163' title='bbox 604 1883 678 1909; x_wconf 88' lang='lat' dir='ltr'>erat</span> <span class='ocrx_word' id='word_1_164' title='bbox 688 1878 841 1911; x_wconf 78' lang='lat' dir='ltr'>virtutis.</span> <span class='ocrx_word' id='word_1_165' title='bbox 868 1878 967 1912; x_wconf 82' lang='lat' dir='ltr'>Idem·</span> 
     </span>
    </p>

    <p class='ocr_par' dir='ltr' id='par_1_10' title="bbox 283 1924 981 2213">
     <span class='ocr_line' id='line_1_35' title="bbox 327 1924 980 1967; baseline 0.009 -12"><span class='ocrx_word' id='word_1_166' title='bbox 327 1927 391 1956; x_wconf 78' lang='lat'>326</span> <span class='ocrx_word' id='word_1_167' title='bbox 414 1924 482 1956; x_wconf 80' lang='lat' dir='ltr'>Nec</span> <span class='ocrx_word' id='word_1_168' title='bbox 503 1926 658 1967; x_wconf 73' lang='lat' dir='ltr'>nostrum]</span> <span class='ocrx_word' id='word_1_169' title='bbox 684 1927 760 1959; x_wconf 91' lang='lat' dir='ltr'>Non</span> <span class='ocrx_word' id='word_1_170' title='bbox 782 1928 980 1961; x_wconf 82' lang='lat' dir='ltr'>ascribimus</span> 
     </span>
     <span class='ocr_line' id='line_1_36' title="bbox 283 1973 978 2016; baseline 0.006 -9"><span class='ocrx_word' id='word_1_171' title='bbox 283 1973 379 2007; x_wconf 87' lang='lat' dir='ltr'>nobis</span> <span class='ocrx_word' id='word_1_172' title='bbox 399 1974 488 2007; x_wconf 88' lang='lat' dir='ltr'>hanc</span> <span class='ocrx_word' id='word_1_173' title='bbox 511 1975 662 2016; x_wconf 78' lang='lat' dir='ltr'>gloriam,</span> <span class='ocrx_word' id='word_1_174' title='bbox 684 1986 747 2009; x_wconf 90' lang='lat' dir='ltr'>nec</span> <span class='ocrx_word' id='word_1_175' title='bbox 773 1983 807 2009; x_wconf 85' lang='lat' dir='ltr'>te</span> <span class='ocrx_word' id='word_1_176' title='bbox 829 1987 889 2010; x_wconf 84' lang='lat' dir='ltr'>nos</span> <span class='ocrx_word' id='word_1_177' title='bbox 910 1983 978 2011; x_wconf 82' lang='lat' dir='ltr'>tam</span> 
     </span>
     <span class='ocr_line' id='line_1_37' title="bbox 284 2023 981 2069; baseline 0.009 -15"><span class='ocrx_word' id='word_1_178' title='bbox 284 2023 531 2065; x_wconf 81' lang='lat' dir='ltr'>pusillanimem</span> <span class='ocrx_word' id='word_1_179' title='bbox 542 2025 760 2068; x_wconf 78' lang='lat' dir='ltr'>credidimus,</span> <span class='ocrx_word' id='word_1_180' title='bbox 776 2031 814 2059; x_wconf 90' lang='lat' dir='ltr'>ut</span> <span class='ocrx_word' id='word_1_181' title='bbox 829 2037 914 2069; x_wconf 91' lang='lat' dir='ltr'>opus</span> <span class='ocrx_word' id='word_1_182' title='bbox 929 2038 981 2060; x_wconf 87' lang='lat' dir='ltr'>es-</span> 
     </span>
     <span class='ocr_line' id='line_1_38' title="bbox 283 2074 980 2118; baseline 0.006 -13"><span class='ocrx_word' id='word_1_183' title='bbox 283 2078 337 2106; x_wconf 84' lang='lat' dir='ltr'>set</span> <span class='ocrx_word' id='word_1_184' title='bbox 353 2074 415 2106; x_wconf 86' lang='lat' dir='ltr'>tibi</span> <span class='ocrx_word' id='word_1_185' title='bbox 430 2075 639 2115; x_wconf 80' lang='lat' dir='ltr'>persuaderi.</span> <span class='ocrx_word' id='word_1_186' title='bbox 681 2077 716 2108; x_wconf 94' lang='lat' dir='ltr'>Si</span> <span class='ocrx_word' id='word_1_187' title='bbox 733 2077 868 2118; x_wconf 86' lang='lat' dir='ltr'>paulum</span> <span class='ocrx_word' id='word_1_188' title='bbox 890 2087 980 2109; x_wconf 91' lang='lat' dir='ltr'>com-</span> 
     </span>
     <span class='ocr_line' id='line_1_39' title="bbox 284 2123 981 2166; baseline 0.006 -10"><span class='ocrx_word' id='word_1_189' title='bbox 284 2124 408 2157; x_wconf 79' lang='lat' dir='ltr'>morati</span> <span class='ocrx_word' id='word_1_190' title='bbox 432 2123 624 2166; x_wconf 79' lang='lat' dir='ltr'>fuissemus,</span> <span class='ocrx_word' id='word_1_191' title='bbox 652 2127 743 2158; x_wconf 86' lang='lat' dir='ltr'>ultro</span> <span class='ocrx_word' id='word_1_192' title='bbox 773 2131 808 2159; x_wconf 92' lang='lat' dir='ltr'>te</span> <span class='ocrx_word' id='word_1_193' title='bbox 832 2128 875 2159; x_wconf 85' lang='lat' dir='ltr'>ad</span> <span class='ocrx_word' id='word_1_194' title='bbox 904 2137 981 2160; x_wconf 89' lang='lat' dir='ltr'>nos-</span> 
     </span>
     <span class='ocr_line' id='line_1_40' title="bbox 285 2174 981 2213; baseline 0.009 -9"><span class='ocrx_word' id='word_1_195' title='bbox 285 2177 376 2205; x_wconf 89' lang='lat' dir='ltr'>trum</span> <span class='ocrx_word' id='word_1_196' title='bbox 416 2174 608 2207; x_wconf 86' lang='lat' dir='ltr'>exercitum</span> <span class='ocrx_word' id='word_1_197' title='bbox 648 2176 861 2213; x_wconf 75' lang='lat' dir='ltr'>contulisses.</span> <span class='ocrx_word' id='word_1_198' title='bbox 910 2177 981 2210; x_wconf 80' lang='lat' dir='ltr'>Vet.</span> 
     </span>
    </p>
   </div>
   <div class='ocr_carea' id='block_1_6' title="bbox 282 2274 986 2820">
    <p class='ocr_par' dir='ltr' id='par_1_11' title="bbox 285 2274 982 2465">
     <span class='ocr_line' id='line_1_41' title="bbox 327 2274 982 2318; baseline 0.006 -13"><span class='ocrx_word' id='word_1_199' title='bbox 327 2275 392 2307; x_wconf 79' lang='lat'>329</span> <span class='ocrx_word' id='word_1_200' title='bbox 416 2274 627 2306; x_wconf 70' lang='lat' dir='ltr'>Exmabitur</span> <span class='ocrx_word' id='word_1_201' title='bbox 661 2275 790 2318; x_wconf 78' lang='lat' dir='ltr'>Scyros]</span> <span class='ocrx_word' id='word_1_202' title='bbox 830 2276 873 2308; x_wconf 93' lang='lat' dir='ltr'>Id</span> <span class='ocrx_word' id='word_1_203' title='bbox 915 2281 982 2318; x_wconf 88' lang='lat' dir='ltr'>est,</span> 
     </span>
     <span class='ocr_line' id='line_1_42' title="bbox 286 2324 982 2367; baseline 0.007 -12"><span class='ocrx_word' id='word_1_204' title='bbox 286 2324 365 2356; x_wconf 90' lang='lat' dir='ltr'>uolo</span> <span class='ocrx_word' id='word_1_205' title='bbox 381 2324 507 2366; x_wconf 88' lang='lat' dir='ltr'>verbis,</span> <span class='ocrx_word' id='word_1_206' title='bbox 532 2324 591 2356; x_wconf 90' lang='lat' dir='ltr'>sed</span> <span class='ocrx_word' id='word_1_207' title='bbox 607 2334 689 2357; x_wconf 90' lang='lat' dir='ltr'>ense</span> <span class='ocrx_word' id='word_1_208' title='bbox 704 2335 891 2367; x_wconf 81' lang='lat' dir='ltr'>excusare;</span> <span class='ocrx_word' id='word_1_209' title='bbox 916 2337 982 2360; x_wconf 89' lang='lat' dir='ltr'>non</span> 
     </span>
     <span class='ocr_line' id='line_1_43' title="bbox 286 2374 981 2416; baseline 0.006 -11"><span class='ocrx_word' id='word_1_210' title='bbox 286 2377 429 2415; x_wconf 83' lang='lat' dir='ltr'>propter</span> <span class='ocrx_word' id='word_1_211' title='bbox 444 2374 628 2415; x_wconf 83' lang='lat' dir='ltr'>ignaviam,</span> <span class='ocrx_word' id='word_1_212' title='bbox 644 2384 719 2416; x_wconf 86' lang='lat' dir='ltr'>quae</span> <span class='ocrx_word' id='word_1_213' title='bbox 743 2380 819 2408; x_wconf 78' lang='lat' dir='ltr'>acta</span> <span class='ocrx_word' id='word_1_214' title='bbox 845 2381 925 2409; x_wconf 88' lang='lat' dir='ltr'>sunt</span> <span class='ocrx_word' id='word_1_215' title='bbox 947 2377 981 2409; x_wconf 92' lang='lat' dir='ltr'>in</span> 
     </span>
     <span class='ocr_line' id='line_1_44' title="bbox 285 2424 800 2465; baseline 0.004 -9"><span class='ocrx_word' id='word_1_216' title='bbox 285 2424 405 2465; x_wconf 79' lang='lat' dir='ltr'>Scyro,</span> <span class='ocrx_word' id='word_1_217' title='bbox 420 2429 495 2456; x_wconf 83' lang='lat' dir='ltr'>acta</span> <span class='ocrx_word' id='word_1_218' title='bbox 511 2434 596 2457; x_wconf 87' lang='lat' dir='ltr'>esse.</span> <span class='ocrx_word' id='word_1_219' title='bbox 621 2426 800 2459; x_wconf 70' lang='lat' dir='ltr'>Matar-ant.</span> 
     </span>
    </p>

    <p class='ocr_par' dir='ltr' id='par_1_12' title="bbox 282 2474 985 2717">
     <span class='ocr_line' id='line_1_45' title="bbox 329 2474 982 2518; baseline 0.005 -12"><span class='ocrx_word' id='word_1_220' title='bbox 329 2477 392 2506; x_wconf 73' lang='lat'>330</span> <span class='ocrx_word' id='word_1_221' title='bbox 415 2475 566 2506; x_wconf 76' lang='lat' dir='ltr'>Fatorum</span> <span class='ocrx_word' id='word_1_222' title='bbox 600 2474 746 2516; x_wconf 80' lang='lat' dir='ltr'>crimina]</span> <span class='ocrx_word' id='word_1_223' title='bbox 784 2476 911 2518; x_wconf 89' lang='lat' dir='ltr'>Rejicit</span> <span class='ocrx_word' id='word_1_224' title='bbox 946 2476 982 2509; x_wconf 88' lang='lat' dir='ltr'>in</span> 
     </span>
     <span class='ocr_line' id='line_1_46' title="bbox 284 2522 985 2569; baseline 0.006 -14"><span class='ocrx_word' id='word_1_225' title='bbox 284 2522 371 2564; x_wconf 82' lang='lat' dir='ltr'>fata,</span> <span class='ocrx_word' id='word_1_226' title='bbox 384 2525 477 2566; x_wconf 88' lang='lat' dir='ltr'>quod</span> <span class='ocrx_word' id='word_1_227' title='bbox 503 2525 552 2557; x_wconf 84' lang='lat' dir='ltr'>ita</span> <span class='ocrx_word' id='word_1_228' title='bbox 573 2526 743 2558; x_wconf 90' lang='lat' dir='ltr'>voluerint</span> <span class='ocrx_word' id='word_1_229' title='bbox 765 2535 841 2558; x_wconf 78' lang='lat' dir='ltr'>euin</span> <span class='ocrx_word' id='word_1_230' title='bbox 863 2527 985 2569; x_wconf 79' lang='lat' dir='ltr'>latere,</span> 
     </span>
     <span class='ocr_line' id='line_1_47' title="bbox 287 2575 982 2617; baseline 0.006 -11"><span class='ocrx_word' id='word_1_231' title='bbox 287 2575 360 2616; x_wconf 89' lang='lat' dir='ltr'>sed,</span> <span class='ocrx_word' id='word_1_232' title='bbox 380 2575 501 2617; x_wconf 84' lang='lat' dir='ltr'>inquit,</span> <span class='ocrx_word' id='word_1_233' title='bbox 528 2575 643 2616; x_wconf 87' lang='lat' dir='ltr'>potius</span> <span class='ocrx_word' id='word_1_234' title='bbox 673 2576 728 2608; x_wconf 86' lang='lat' dir='ltr'>dic</span> <span class='ocrx_word' id='word_1_235' title='bbox 743 2577 823 2609; x_wconf 86' lang='lat' dir='ltr'>mihi</span> <span class='ocrx_word' id='word_1_236' title='bbox 846 2587 982 2612; x_wconf 79' lang='lat' dir='ltr'>causam</span> 
     </span>
     <span class='ocr_line' id='line_1_48' title="bbox 286 2625 983 2670; baseline 0.007 -14"><span class='ocrx_word' id='word_1_237' title='bbox 286 2626 440 2666; x_wconf 83' lang='lat' dir='ltr'>suscepti</span> <span class='ocrx_word' id='word_1_238' title='bbox 462 2625 556 2664; x_wconf 90' lang='lat' dir='ltr'>belli,</span> <span class='ocrx_word' id='word_1_239' title='bbox 580 2629 616 2658; x_wconf 90' lang='lat' dir='ltr'>et</span> <span class='ocrx_word' id='word_1_240' title='bbox 640 2627 836 2667; x_wconf 75' lang='lat' dir='ltr'>primordia,</span> <span class='ocrx_word' id='word_1_241' title='bbox 858 2632 898 2661; x_wconf 91' lang='lat' dir='ltr'>ut</span> <span class='ocrx_word' id='word_1_242' title='bbox 919 2638 983 2670; x_wconf 78' lang='lat' dir='ltr'>ego</span> 
     </span>
     <span class='ocr_line' id='line_1_49' title="bbox 282 2675 821 2717; baseline 0.004 -10"><span class='ocrx_word' id='word_1_243' title='bbox 282 2675 379 2717; x_wconf 83' lang='lat' dir='ltr'>juste</span> <span class='ocrx_word' id='word_1_244' title='bbox 393 2675 518 2707; x_wconf 87' lang='lat' dir='ltr'>irascar</span> <span class='ocrx_word' id='word_1_245' title='bbox 532 2675 699 2716; x_wconf 84' lang='lat' dir='ltr'>Trojanis.</span> <span class='ocrx_word' id='word_1_246' title='bbox 722 2677 821 2709; x_wconf 85' lang='lat' dir='ltr'>Idem.</span> 
     </span>
    </p>

    <p class='ocr_par' dir='ltr' id='par_1_13' title="bbox 287 2725 986 2820">
     <span class='ocr_line' id='line_1_50' title="bbox 331 2725 984 2767; baseline 0.006 -11"><span class='ocrx_word' id='word_1_247' title='bbox 331 2728 393 2757; x_wconf 78' lang='lat'>335</span> <span class='ocrx_word' id='word_1_248' title='bbox 417 2726 534 2757; x_wconf 84' lang='lat' dir='ltr'>Fertur</span> <span class='ocrx_word' id='word_1_249' title='bbox 541 2725 575 2757; x_wconf 80' lang='lat' dir='ltr'>in</span> <span class='ocrx_word' id='word_1_250' title='bbox 586 2726 758 2767; x_wconf 77' lang='lat' dir='ltr'>Hectorea]</span> <span class='ocrx_word' id='word_1_251' title='bbox 771 2727 896 2760; x_wconf 84' lang='lat' dir='ltr'>Peleus</span> <span class='ocrx_word' id='word_1_252' title='bbox 906 2727 984 2760; x_wconf 77' lang='lat' dir='ltr'>eum</span> 
     </span>
     <span class='ocr_line' id='line_1_51' title="bbox 287 2774 986 2820; baseline 0.004 -12"><span class='ocrx_word' id='word_1_253' title='bbox 287 2774 466 2809; x_wconf 81' lang='lat' dir='ltr'>Thetidem</span> <span class='ocrx_word' id='word_1_254' title='bbox 490 2785 630 2808; x_wconf 83' lang='lat' dir='ltr'>uxorem</span> <span class='ocrx_word' id='word_1_255' title='bbox 652 2776 807 2820; x_wconf 85' lang='lat' dir='ltr'>duceret,</span> <span class='ocrx_word' id='word_1_256' title='bbox 836 2777 879 2811; x_wconf 79' lang='lat' dir='ltr'>ad</span> <span class='ocrx_word' id='word_1_257' title='bbox 901 2787 986 2820; x_wconf 84' lang='lat' dir='ltr'>nup-</span> 
     </span>
    </p>
   </div>
   <div class='ocr_carea' id='block_1_7' title="bbox 894 229 1241 262">
    <p class='ocr_par' dir='ltr' id='par_1_14' title="bbox 894 229 1241 262">
     <span class='ocr_line' id='line_1_52' title="bbox 894 229 1241 262; baseline 0.003 -2"><span class='ocrx_word' id='word_1_258' title='bbox 894 229 1155 262; x_wconf 78' lang='lat' dir='ltr'>VARIORUM</span> <span class='ocrx_word' id='word_1_259' title='bbox 1191 231 1241 261; x_wconf 77' lang='grc' dir='ltr'>[Ν</span> 
     </span>
    </p>
   </div>
   <div class='ocr_carea' id='block_1_8' title="bbox 1027 324 1730 2821">
    <p class='ocr_par' dir='ltr' id='par_1_15' title="bbox 1027 324 1727 566">
     <span class='ocr_line' id='line_1_53' title="bbox 1030 324 1721 368; baseline 0.006 -12"><span class='ocrx_word' id='word_1_260' title='bbox 1030 325 1092 357; x_wconf 81' lang='lat' dir='ltr'>tias</span> <span class='ocrx_word' id='word_1_261' title='bbox 1114 333 1230 357; x_wconf 88' lang='lat' dir='ltr'>omues</span> <span class='ocrx_word' id='word_1_262' title='bbox 1255 325 1349 357; x_wconf 84' lang='lat' dir='ltr'>Deos</span> <span class='ocrx_word' id='word_1_263' title='bbox 1374 330 1523 368; x_wconf 83' lang='lat' dir='ltr'>excepta</span> <span class='ocrx_word' id='word_1_264' title='bbox 1537 324 1721 362; x_wconf 62' lang='lat' dir='ltr'>Discordia</span> 
     </span>
     <span class='ocr_line' id='line_1_54' title="bbox 1027 374 1722 418; baseline 0.004 -12"><span class='ocrx_word' id='word_1_265' title='bbox 1027 374 1198 416; x_wconf 85' lang='lat' dir='ltr'>invitavit,</span> <span class='ocrx_word' id='word_1_266' title='bbox 1212 385 1316 418; x_wconf 86' lang='lat' dir='ltr'>quare</span> <span class='ocrx_word' id='word_1_267' title='bbox 1341 376 1518 418; x_wconf 83' lang='lat' dir='ltr'>indignata</span> <span class='ocrx_word' id='word_1_268' title='bbox 1538 377 1616 409; x_wconf 75' lang='lat' dir='ltr'>Dea</span> <span class='ocrx_word' id='word_1_269' title='bbox 1630 377 1722 409; x_wconf 77' lang='lat' dir='ltr'>iuter.</span> 
     </span>
     <span class='ocr_line' id='line_1_55' title="bbox 1027 425 1720 468; baseline 0.004 -13"><span class='ocrx_word' id='word_1_270' title='bbox 1027 425 1206 466; x_wconf 72' lang='lat' dir='ltr'>epulantes</span> <span class='ocrx_word' id='word_1_271' title='bbox 1230 426 1324 461; x_wconf 85' lang='lat' dir='ltr'>Deos</span> <span class='ocrx_word' id='word_1_272' title='bbox 1351 436 1487 468; x_wconf 90' lang='lat' dir='ltr'>pomum</span> <span class='ocrx_word' id='word_1_273' title='bbox 1515 435 1664 466; x_wconf 71' lang='lat' dir='ltr'>auin-eum,</span> <span class='ocrx_word' id='word_1_274' title='bbox 1685 426 1720 458; x_wconf 90' lang='lat' dir='ltr'>iu</span> 
     </span>
     <span class='ocr_line' id='line_1_56' title="bbox 1028 475 1727 518; baseline 0.004 -12"><span class='ocrx_word' id='word_1_275' title='bbox 1028 484 1094 517; x_wconf 91' lang='lat' dir='ltr'>quo</span> <span class='ocrx_word' id='word_1_276' title='bbox 1121 476 1289 518; x_wconf 86' lang='lat' dir='ltr'>sculptum</span> <span class='ocrx_word' id='word_1_277' title='bbox 1316 481 1405 516; x_wconf 80' lang='lat' dir='ltr'>erat,</span> <span class='ocrx_word' id='word_1_278' title='bbox 1426 477 1436 496; x_wconf 86' lang='lat'>‘</span> <span class='ocrx_word' id='word_1_279' title='bbox 1453 475 1727 510; x_wconf 38' lang='lat' dir='ltr'>Formosissima&gt;</span> 
     </span>
     <span class='ocr_line' id='line_1_57' title="bbox 1030 524 1481 566; baseline 0.004 -10"><span class='ocrx_word' id='word_1_280' title='bbox 1030 524 1127 565; x_wconf 82' lang='lat' dir='ltr'>esto,&#39;</span> <span class='ocrx_word' id='word_1_281' title='bbox 1151 526 1304 566; x_wconf 85' lang='lat' dir='ltr'>projecit.</span> <span class='ocrx_word' id='word_1_282' title='bbox 1327 527 1481 559; x_wconf 69' lang='lat' dir='ltr'>Britanno.</span> 
     </span>
    </p>

    <p class='ocr_par' dir='ltr' id='par_1_16' title="bbox 1028 575 1724 1309">
     <span class='ocr_line' id='line_1_58' title="bbox 1071 575 1723 617; baseline 0.002 -11"><span class='ocrx_word' id='word_1_283' title='bbox 1071 577 1134 607; x_wconf 77' lang='grc'>337</span> <span class='ocrx_word' id='word_1_284' title='bbox 1156 576 1315 608; x_wconf 78' lang='lat' dir='ltr'>Sollicitas</span> <span class='ocrx_word' id='word_1_285' title='bbox 1341 577 1476 609; x_wconf 76' lang='lat' dir='ltr'>tenuisse</span> <span class='ocrx_word' id='word_1_286' title='bbox 1501 575 1588 617; x_wconf 78' lang='lat' dir='ltr'>deas]</span> <span class='ocrx_word' id='word_1_287' title='bbox 1618 575 1723 608; x_wconf 77' lang='lat' dir='ltr'>Liber-</span> 
     </span>
     <span class='ocr_line' id='line_1_59' title="bbox 1028 625 1722 668; baseline 0.001 -11"><span class='ocrx_word' id='word_1_288' title='bbox 1028 626 1118 658; x_wconf 84' lang='lat' dir='ltr'>haud</span> <span class='ocrx_word' id='word_1_289' title='bbox 1140 627 1368 668; x_wconf 84' lang='lat' dir='ltr'>spernendus:</span> <span class='ocrx_word' id='word_1_290' title='bbox 1390 626 1548 659; x_wconf 72' lang='lat' dir='ltr'>Sollicitas</span> <span class='ocrx_word' id='word_1_291' title='bbox 1567 625 1722 658; x_wconf 64' lang='lat' dir='ltr'>habuim-</span> 
     </span>
     <span class='ocr_line' id='line_1_60' title="bbox 1030 675 1720 719; baseline -0.001 -11"><span class='ocrx_word' id='word_1_292' title='bbox 1030 676 1116 708; x_wconf 82' lang='lat' dir='ltr'>Cato</span> <span class='ocrx_word' id='word_1_293' title='bbox 1131 676 1164 707; x_wconf 88' lang='lat' dir='ltr'>in</span> <span class='ocrx_word' id='word_1_294' title='bbox 1186 675 1229 708; x_wconf 81' lang='lat' dir='ltr'>fr.</span> <span class='ocrx_word' id='word_1_295' title='bbox 1253 680 1261 694; x_wconf 81' lang='lat'><strong>¹</strong></span> <span class='ocrx_word' id='word_1_296' title='bbox 1279 686 1331 708; x_wconf 88' lang='lat' dir='ltr'>me</span> <span class='ocrx_word' id='word_1_297' title='bbox 1345 676 1529 709; x_wconf 85' lang='lat' dir='ltr'>sollicitum</span> <span class='ocrx_word' id='word_1_298' title='bbox 1543 680 1647 719; x_wconf 77' lang='lat' dir='ltr'>atque</span> <span class='ocrx_word' id='word_1_299' title='bbox 1661 685 1720 709; x_wconf 70' lang='lat' dir='ltr'>ex-</span> 
     </span>
     <span class='ocr_line' id='line_1_61' title="bbox 1030 725 1723 769; baseline 0.003 -13"><span class='ocrx_word' id='word_1_300' title='bbox 1030 726 1174 757; x_wconf 83' lang='lat' dir='ltr'>ercitum</span> <span class='ocrx_word' id='word_1_301' title='bbox 1189 726 1338 758; x_wconf 84' lang='lat' dir='ltr'>habitum</span> <span class='ocrx_word' id='word_1_302' title='bbox 1361 736 1434 759; x_wconf 84' lang='lat' dir='ltr'>esse</span> <span class='ocrx_word' id='word_1_303' title='bbox 1454 736 1495 759; x_wconf 84' lang='lat' dir='ltr'>ac</span> <span class='ocrx_word' id='word_1_304' title='bbox 1510 735 1614 769; x_wconf 83' lang='lat' dir='ltr'>porro</span> <span class='ocrx_word' id='word_1_305' title='bbox 1627 725 1723 759; x_wconf 80' lang='lat' dir='ltr'>fore.&#39;</span> 
     </span>
     <span class='ocr_line' id='line_1_62' title="bbox 1029 775 1723 820; baseline 0.001 -13"><span class='ocrx_word' id='word_1_306' title='bbox 1029 775 1146 808; x_wconf 82' lang='lat' dir='ltr'>Plaut.</span> <span class='ocrx_word' id='word_1_307' title='bbox 1163 776 1400 810; x_wconf 78' lang='lat' dir='ltr'>Menaechmis:</span> <span class='ocrx_word' id='word_1_308' title='bbox 1424 777 1434 795; x_wconf 88' lang='lat'><em>‘</em></span> <span class='ocrx_word' id='word_1_309' title='bbox 1452 777 1520 811; x_wconf 81' lang='lat' dir='ltr'>Qui</span> <span class='ocrx_word' id='word_1_310' title='bbox 1541 786 1653 820; x_wconf 83' lang='lat' dir='ltr'>neque</span> <span class='ocrx_word' id='word_1_311' title='bbox 1672 776 1723 808; x_wconf 88' lang='lat' dir='ltr'>le-.</span> 
     </span>
     <span class='ocr_line' id='line_1_63' title="bbox 1030 827 1724 870; baseline 0.003 -13"><span class='ocrx_word' id='word_1_312' title='bbox 1030 835 1090 867; x_wconf 88' lang='lat' dir='ltr'>ges</span> <span class='ocrx_word' id='word_1_313' title='bbox 1124 835 1235 868; x_wconf 89' lang='lat' dir='ltr'>neque</span> <span class='ocrx_word' id='word_1_314' title='bbox 1264 836 1396 868; x_wconf 84' lang='lat' dir='ltr'>aequum</span> <span class='ocrx_word' id='word_1_315' title='bbox 1425 827 1549 860; x_wconf 87' lang='lat' dir='ltr'>bouum</span> <span class='ocrx_word' id='word_1_316' title='bbox 1578 836 1724 870; x_wconf 76' lang='lat' dir='ltr'>usquam</span> 
     </span>
     <span class='ocr_line' id='line_1_64' title="bbox 1030 875 1721 918; baseline 0.003 -11"><span class='ocrx_word' id='word_1_317' title='bbox 1030 875 1161 912; x_wconf 57' lang='lat' dir='ltr'>colunt,</span> <span class='ocrx_word' id='word_1_318' title='bbox 1193 876 1352 909; x_wconf 82' lang='lat' dir='ltr'>sollicitos</span> <span class='ocrx_word' id='word_1_319' title='bbox 1381 881 1542 918; x_wconf 86' lang='lat' dir='ltr'>patronos</span> <span class='ocrx_word' id='word_1_320' title='bbox 1571 875 1721 909; x_wconf 58' lang='lat' dir='ltr'>habent?</span> 
     </span>
     <span class='ocr_line' id='line_1_65' title="bbox 1028 925 1722 967; baseline 0.003 -10"><span class='ocrx_word' id='word_1_321' title='bbox 1028 926 1166 958; x_wconf 83' lang='lat' dir='ltr'>Terent.</span> <span class='ocrx_word' id='word_1_322' title='bbox 1179 926 1306 958; x_wconf 84' lang='lat' dir='ltr'>Heaut.</span> <span class='ocrx_word' id='word_1_323' title='bbox 1336 926 1346 945; x_wconf 89' lang='lat'>‘</span> <span class='ocrx_word' id='word_1_324' title='bbox 1362 927 1481 959; x_wconf 86' lang='lat' dir='ltr'>Relevi</span> <span class='ocrx_word' id='word_1_325' title='bbox 1495 926 1585 959; x_wconf 84' lang='lat' dir='ltr'>dolia</span> <span class='ocrx_word' id='word_1_326' title='bbox 1599 925 1722 967; x_wconf 86' lang='lat' dir='ltr'>omnia,</span> 
     </span>
     <span class='ocr_line' id='line_1_66' title="bbox 1029 976 1723 1009; baseline 0.003 -3"><span class='ocrx_word' id='word_1_327' title='bbox 1029 983 1145 1007; x_wconf 85' lang='lat' dir='ltr'>omnes</span> <span class='ocrx_word' id='word_1_328' title='bbox 1172 976 1289 1009; x_wconf 85' lang='lat' dir='ltr'>serias.</span> <span class='ocrx_word' id='word_1_329' title='bbox 1332 976 1462 1009; x_wconf 83' lang='lat' dir='ltr'>Omnes</span> <span class='ocrx_word' id='word_1_330' title='bbox 1482 976 1642 1009; x_wconf 85' lang='lat' dir='ltr'>sollicitos</span> <span class='ocrx_word' id='word_1_331' title='bbox 1661 976 1723 1008; x_wconf 74' lang='lat' dir='ltr'>lra-</span> 
     </span>
     <span class='ocr_line' id='line_1_67' title="bbox 1029 1023 1722 1067; baseline 0.003 -11"><span class='ocrx_word' id='word_1_332' title='bbox 1029 1023 1110 1057; x_wconf 87' lang='lat' dir='ltr'>bui.&#39;</span> <span class='ocrx_word' id='word_1_333' title='bbox 1132 1025 1268 1058; x_wconf 75' lang='lat' dir='ltr'>Gronov.</span> <span class='ocrx_word' id='word_1_334' title='bbox 1304 1026 1449 1058; x_wconf 75' lang='lat' dir='ltr'>Tenuisse</span> <span class='ocrx_word' id='word_1_335' title='bbox 1459 1025 1560 1067; x_wconf 79' lang='lat' dir='ltr'>Deus]</span> <span class='ocrx_word' id='word_1_336' title='bbox 1582 1025 1670 1058; x_wconf 76' lang='lat' dir='ltr'>Nam</span> <span class='ocrx_word' id='word_1_337' title='bbox 1685 1025 1722 1058; x_wconf 79' lang='lat' dir='ltr'>in</span> 
     </span>
     <span class='ocr_line' id='line_1_68' title="bbox 1029 1074 1722 1118; baseline 0.004 -12"><span class='ocrx_word' id='word_1_338' title='bbox 1029 1074 1095 1106; x_wconf 85' lang='lat' dir='ltr'>Ida</span> <span class='ocrx_word' id='word_1_339' title='bbox 1109 1081 1224 1107; x_wconf 88' lang='lat' dir='ltr'>monte</span> <span class='ocrx_word' id='word_1_340' title='bbox 1241 1075 1399 1118; x_wconf 63' lang='lat' dir='ltr'>Phrygias</span> <span class='ocrx_word' id='word_1_341' title='bbox 1422 1076 1466 1108; x_wconf 87' lang='lat' dir='ltr'>de</span> <span class='ocrx_word' id='word_1_342' title='bbox 1487 1077 1640 1109; x_wconf 83' lang='lat' dir='ltr'>Dearum</span> <span class='ocrx_word' id='word_1_343' title='bbox 1652 1074 1722 1109; x_wconf 75' lang='lat' dir='ltr'>for-</span> 
     </span>
     <span class='ocr_line' id='line_1_69' title="bbox 1030 1124 1721 1166; baseline 0.004 -11"><span class='ocrx_word' id='word_1_344' title='bbox 1030 1133 1085 1155; x_wconf 81' lang='lat' dir='ltr'>ma</span> <span class='ocrx_word' id='word_1_345' title='bbox 1105 1124 1283 1166; x_wconf 82' lang='lat' dir='ltr'>judicavit,</span> <span class='ocrx_word' id='word_1_346' title='bbox 1308 1126 1367 1158; x_wconf 86' lang='lat' dir='ltr'>ubi</span> <span class='ocrx_word' id='word_1_347' title='bbox 1393 1135 1451 1159; x_wconf 83' lang='lat' dir='ltr'>eas</span> <span class='ocrx_word' id='word_1_348' title='bbox 1475 1126 1584 1159; x_wconf 84' lang='lat' dir='ltr'>nudas</span> <span class='ocrx_word' id='word_1_349' title='bbox 1605 1124 1721 1158; x_wconf 82' lang='lat' dir='ltr'>corani</span> 
     </span>
     <span class='ocr_line' id='line_1_70' title="bbox 1028 1174 1722 1216; baseline 0.003 -11"><span class='ocrx_word' id='word_1_350' title='bbox 1028 1174 1145 1207; x_wconf 83' lang='lat' dir='ltr'>videre</span> <span class='ocrx_word' id='word_1_351' title='bbox 1162 1175 1279 1216; x_wconf 79' lang='lat' dir='ltr'>voluit,</span> <span class='ocrx_word' id='word_1_352' title='bbox 1299 1177 1390 1211; x_wconf 88' lang='lat' dir='ltr'>unde</span> <span class='ocrx_word' id='word_1_353' title='bbox 1411 1175 1576 1209; x_wconf 86' lang='lat' dir='ltr'>Ovidius:</span> <span class='ocrx_word' id='word_1_354' title='bbox 1598 1176 1609 1195; x_wconf 80' lang='lat'>⁸</span> <span class='ocrx_word' id='word_1_355' title='bbox 1625 1175 1672 1208; x_wconf 82' lang='lat' dir='ltr'>Et</span> <span class='ocrx_word' id='word_1_356' title='bbox 1682 1175 1722 1213; x_wconf 76' lang='lat' dir='ltr'>jn</span> 
     </span>
     <span class='ocr_line' id='line_1_71' title="bbox 1029 1224 1723 1258; baseline 0.004 -4"><span class='ocrx_word' id='word_1_357' title='bbox 1029 1224 1108 1255; x_wconf 80' lang='lat' dir='ltr'>altis</span> <span class='ocrx_word' id='word_1_358' title='bbox 1123 1224 1265 1256; x_wconf 82' lang='lat' dir='ltr'>vallibus</span> <span class='ocrx_word' id='word_1_359' title='bbox 1282 1225 1355 1257; x_wconf 83' lang='lat' dir='ltr'>ldae</span> <span class='ocrx_word' id='word_1_360' title='bbox 1369 1225 1457 1257; x_wconf 82' lang='lat' dir='ltr'>Tres</span> <span class='ocrx_word' id='word_1_361' title='bbox 1478 1224 1543 1257; x_wconf 90' lang='lat' dir='ltr'>tibi</span> <span class='ocrx_word' id='word_1_362' title='bbox 1563 1233 1600 1258; x_wconf 90' lang='lat' dir='ltr'>se</span> <span class='ocrx_word' id='word_1_363' title='bbox 1612 1224 1723 1257; x_wconf 75' lang='lat' dir='ltr'>nudas</span> 
     </span>
     <span class='ocr_line' id='line_1_72' title="bbox 1029 1274 1511 1309; baseline 0 -3"><span class='ocrx_word' id='word_1_364' title='bbox 1029 1274 1211 1309; x_wconf 79' lang='lat' dir='ltr'>exhibuere</span> <span class='ocrx_word' id='word_1_365' title='bbox 1228 1275 1337 1308; x_wconf 53' lang='lat' dir='ltr'>Deae?</span> <span class='ocrx_word' id='word_1_366' title='bbox 1359 1275 1511 1307; x_wconf 68' lang='lat' dir='ltr'>Brittium.</span> 
     </span>
    </p>

    <p class='ocr_par' dir='ltr' id='par_1_17' title="bbox 1029 1324 1729 1765">
     <span class='ocr_line' id='line_1_73' title="bbox 1070 1324 1725 1367; baseline 0.003 -11"><span class='ocrx_word' id='word_1_367' title='bbox 1070 1327 1134 1356; x_wconf 79' lang='lat'>339</span> <span class='ocrx_word' id='word_1_368' title='bbox 1156 1325 1305 1367; x_wconf 78' lang='lat' dir='ltr'>Dionem]</span> <span class='ocrx_word' id='word_1_369' title='bbox 1334 1325 1523 1358; x_wconf 84' lang='lat' dir='ltr'>Venerem:</span> <span class='ocrx_word' id='word_1_370' title='bbox 1547 1334 1624 1358; x_wconf 75' lang='lat' dir='ltr'>uam</span> <span class='ocrx_word' id='word_1_371' title='bbox 1645 1324 1725 1367; x_wconf 62' lang='lat' dir='ltr'>poe·-</span> 
     </span>
     <span class='ocr_line' id='line_1_74' title="bbox 1030 1375 1726 1417; baseline 0.003 -11"><span class='ocrx_word' id='word_1_372' title='bbox 1030 1378 1076 1406; x_wconf 83' lang='lat' dir='ltr'>tae</span> <span class='ocrx_word' id='word_1_373' title='bbox 1108 1375 1252 1407; x_wconf 90' lang='lat' dir='ltr'>Diouem</span> <span class='ocrx_word' id='word_1_374' title='bbox 1286 1384 1350 1416; x_wconf 86' lang='lat' dir='ltr'>pro</span> <span class='ocrx_word' id='word_1_375' title='bbox 1377 1376 1514 1408; x_wconf 84' lang='lat' dir='ltr'>Venere</span> <span class='ocrx_word' id='word_1_376' title='bbox 1543 1385 1636 1416; x_wconf 78' lang='lat' dir='ltr'>saepe</span> <span class='ocrx_word' id='word_1_377' title='bbox 1662 1384 1726 1417; x_wconf 52' lang='lat' dir='ltr'>pom</span> 
     </span>
     <span class='ocr_line' id='line_1_75' title="bbox 1030 1425 1725 1466; baseline 0.001 -10"><span class='ocrx_word' id='word_1_378' title='bbox 1030 1434 1141 1464; x_wconf 85' lang='lat' dir='ltr'>suere,</span> <span class='ocrx_word' id='word_1_379' title='bbox 1154 1429 1193 1456; x_wconf 90' lang='lat' dir='ltr'>ut</span> <span class='ocrx_word' id='word_1_380' title='bbox 1205 1425 1350 1457; x_wconf 88' lang='lat' dir='ltr'>Ovidius</span> <span class='ocrx_word' id='word_1_381' title='bbox 1365 1425 1401 1457; x_wconf 89' lang='lat' dir='ltr'>iu</span> <span class='ocrx_word' id='word_1_382' title='bbox 1416 1425 1548 1458; x_wconf 76' lang='lat' dir='ltr'>Fastis:</span> <span class='ocrx_word' id='word_1_383' title='bbox 1570 1425 1581 1444; x_wconf 83' lang='lat'>⁸</span> <span class='ocrx_word' id='word_1_384' title='bbox 1591 1425 1725 1466; x_wconf 82' lang='lat' dir='ltr'>Hippo·</span> 
     </span>
     <span class='ocr_line' id='line_1_76' title="bbox 1029 1473 1722 1516; baseline 0.001 -11"><span class='ocrx_word' id='word_1_385' title='bbox 1029 1475 1100 1516; x_wconf 82' lang='lat' dir='ltr'>lyte</span> <span class='ocrx_word' id='word_1_386' title='bbox 1115 1474 1247 1513; x_wconf 83' lang='lat' dir='ltr'>infelix,</span> <span class='ocrx_word' id='word_1_387' title='bbox 1264 1476 1367 1507; x_wconf 84' lang='lat' dir='ltr'>velles</span> <span class='ocrx_word' id='word_1_388' title='bbox 1391 1475 1535 1507; x_wconf 85' lang='lat' dir='ltr'>coluisse</span> <span class='ocrx_word' id='word_1_389' title='bbox 1549 1473 1722 1507; x_wconf 87' lang='lat' dir='ltr'>Diouem.’</span> 
     </span>
     <span class='ocr_line' id='line_1_77' title="bbox 1030 1523 1722 1566; baseline 0.003 -11"><span class='ocrx_word' id='word_1_390' title='bbox 1030 1523 1159 1555; x_wconf 84' lang='lat' dir='ltr'>Verum</span> <span class='ocrx_word' id='word_1_391' title='bbox 1174 1524 1296 1561; x_wconf 86' lang='lat' dir='ltr'>Dione,</span> <span class='ocrx_word' id='word_1_392' title='bbox 1307 1529 1344 1556; x_wconf 88' lang='lat' dir='ltr'>ut</span> <span class='ocrx_word' id='word_1_393' title='bbox 1354 1525 1474 1557; x_wconf 82' lang='lat' dir='ltr'>scribit</span> <span class='ocrx_word' id='word_1_394' title='bbox 1487 1525 1670 1566; x_wconf 81' lang='lat' dir='ltr'>Hesiodus,</span> <span class='ocrx_word' id='word_1_395' title='bbox 1685 1529 1722 1558; x_wconf 87' lang='lat' dir='ltr'>et</span> 
     </span>
     <span class='ocr_line' id='line_1_78' title="bbox 1031 1572 1723 1614; baseline 0.003 -9"><span class='ocrx_word' id='word_1_396' title='bbox 1031 1573 1200 1605; x_wconf 87' lang='lat' dir='ltr'>Homerus</span> <span class='ocrx_word' id='word_1_397' title='bbox 1225 1574 1341 1610; x_wconf 74' lang='lat' dir='ltr'>sentit,</span> <span class='ocrx_word' id='word_1_398' title='bbox 1355 1572 1426 1606; x_wconf 77' lang='lat' dir='ltr'>filia</span> <span class='ocrx_word' id='word_1_399' title='bbox 1438 1572 1505 1606; x_wconf 80' lang='lat' dir='ltr'>fnit</span> <span class='ocrx_word' id='word_1_400' title='bbox 1519 1574 1665 1614; x_wconf 85' lang='lat' dir='ltr'>Oceani,</span> <span class='ocrx_word' id='word_1_401' title='bbox 1685 1578 1723 1607; x_wconf 77' lang='lat' dir='ltr'>et</span> 
     </span>
     <span class='ocr_line' id='line_1_79' title="bbox 1030 1624 1729 1666; baseline 0.003 -10"><span class='ocrx_word' id='word_1_402' title='bbox 1030 1625 1201 1665; x_wconf 80' lang='lat' dir='ltr'>Tethyos3</span> <span class='ocrx_word' id='word_1_403' title='bbox 1223 1635 1299 1666; x_wconf 81' lang='lat' dir='ltr'>quae</span> <span class='ocrx_word' id='word_1_404' title='bbox 1321 1635 1398 1657; x_wconf 90' lang='lat' dir='ltr'>cum</span> <span class='ocrx_word' id='word_1_405' title='bbox 1413 1629 1504 1657; x_wconf 86' lang='lat' dir='ltr'>esset</span> <span class='ocrx_word' id='word_1_406' title='bbox 1523 1624 1729 1658; x_wconf 72' lang='lat' dir='ltr'>summissi·-</span> 
     </span>
     <span class='ocr_line' id='line_1_80' title="bbox 1029 1674 1729 1719; baseline 0 -12"><span class='ocrx_word' id='word_1_407' title='bbox 1029 1683 1097 1713; x_wconf 84' lang='lat' dir='ltr'>ma,</span> <span class='ocrx_word' id='word_1_408' title='bbox 1111 1683 1132 1705; x_wconf 79' lang='lat' dir='ltr'><strong>a</strong></span> <span class='ocrx_word' id='word_1_409' title='bbox 1143 1674 1232 1707; x_wconf 83' lang='lat' dir='ltr'>Jove</span> <span class='ocrx_word' id='word_1_410' title='bbox 1245 1674 1374 1706; x_wconf 85' lang='lat' dir='ltr'>dilecta</span> <span class='ocrx_word' id='word_1_411' title='bbox 1382 1683 1644 1719; x_wconf 80' lang='lat' dir='ltr'>compressaque</span> <span class='ocrx_word' id='word_1_412' title='bbox 1656 1675 1729 1707; x_wconf 69' lang='lat' dir='ltr'>Ve·</span> 
     </span>
     <span class='ocr_line' id='line_1_81' title="bbox 1029 1722 1722 1765; baseline 0.001 -10"><span class='ocrx_word' id='word_1_413' title='bbox 1029 1733 1145 1755; x_wconf 87' lang='lat' dir='ltr'>nerem</span> <span class='ocrx_word' id='word_1_414' title='bbox 1161 1722 1291 1765; x_wconf 81' lang='lat' dir='ltr'>gennit.</span> <span class='ocrx_word' id='word_1_415' title='bbox 1313 1724 1414 1756; x_wconf 85' lang='lat' dir='ltr'>Idem.</span> <span class='ocrx_word' id='word_1_416' title='bbox 1719 1760 1722 1763; x_wconf 15' lang='grc' dir='ltr'><em>Δ</em></span> 
     </span>
    </p>

    <p class='ocr_par' dir='ltr' id='par_1_18' title="bbox 1029 1772 1726 2058">
     <span class='ocr_line' id='line_1_82' title="bbox 1072 1772 1723 1815; baseline 0.002 -10"><span class='ocrx_word' id='word_1_417' title='bbox 1072 1775 1136 1805; x_wconf 73' lang='lat'>340</span> <span class='ocrx_word' id='word_1_418' title='bbox 1157 1775 1243 1806; x_wconf 83' lang='lat' dir='ltr'>Adeo</span> <span class='ocrx_word' id='word_1_419' title='bbox 1270 1773 1310 1805; x_wconf 77' lang='lat' dir='ltr'>lis</span> <span class='ocrx_word' id='word_1_420' title='bbox 1335 1774 1391 1806; x_wconf 74' lang='lat' dir='ltr'>illa</span> <span class='ocrx_word' id='word_1_421' title='bbox 1417 1773 1497 1815; x_wconf 73' lang='lat' dir='ltr'>tuis]</span> <span class='ocrx_word' id='word_1_422' title='bbox 1526 1772 1639 1815; x_wconf 72' lang='lat' dir='ltr'>Hujus</span> <span class='ocrx_word' id='word_1_423' title='bbox 1663 1782 1723 1806; x_wconf 84' lang='lat' dir='ltr'>au-</span> 
     </span>
     <span class='ocr_line' id='line_1_83' title="bbox 1032 1822 1723 1864; baseline 0.001 -9"><span class='ocrx_word' id='word_1_424' title='bbox 1032 1827 1112 1860; x_wconf 86' lang='lat' dir='ltr'>tem,</span> <span class='ocrx_word' id='word_1_425' title='bbox 1141 1822 1265 1864; x_wconf 85' lang='lat' dir='ltr'>iuquit,</span> <span class='ocrx_word' id='word_1_426' title='bbox 1303 1822 1483 1856; x_wconf 72' lang='lat' dir='ltr'>discordiae</span> <span class='ocrx_word' id='word_1_427' title='bbox 1518 1822 1610 1855; x_wconf 85' lang='lat' dir='ltr'>inter</span> <span class='ocrx_word' id='word_1_428' title='bbox 1639 1822 1723 1856; x_wconf 84' lang='lat' dir='ltr'>deas</span> 
     </span>
     <span class='ocr_line' id='line_1_84' title="bbox 1031 1871 1725 1914; baseline 0 -9"><span class='ocrx_word' id='word_1_429' title='bbox 1031 1881 1133 1905; x_wconf 78' lang='lat' dir='ltr'>causa</span> <span class='ocrx_word' id='word_1_430' title='bbox 1153 1875 1227 1905; x_wconf 81' lang='lat' dir='ltr'>orta</span> <span class='ocrx_word' id='word_1_431' title='bbox 1249 1875 1300 1904; x_wconf 90' lang='lat' dir='ltr'>est</span> <span class='ocrx_word' id='word_1_432' title='bbox 1322 1871 1358 1905; x_wconf 88' lang='lat' dir='ltr'>in</span> <span class='ocrx_word' id='word_1_433' title='bbox 1382 1871 1510 1913; x_wconf 81' lang='lat' dir='ltr'>nuptiis</span> <span class='ocrx_word' id='word_1_434' title='bbox 1535 1872 1642 1914; x_wconf 82' lang='lat' dir='ltr'>patris</span> <span class='ocrx_word' id='word_1_435' title='bbox 1657 1872 1725 1914; x_wconf 85' lang='lat' dir='ltr'>tui,</span> 
     </span>
     <span class='ocr_line' id='line_1_85' title="bbox 1029 1922 1726 1965; baseline 0.001 -10"><span class='ocrx_word' id='word_1_436' title='bbox 1029 1923 1089 1956; x_wconf 91' lang='lat' dir='ltr'>ubi</span> <span class='ocrx_word' id='word_1_437' title='bbox 1105 1933 1242 1965; x_wconf 89' lang='lat' dir='ltr'>pomum</span> <span class='ocrx_word' id='word_1_438' title='bbox 1267 1932 1417 1964; x_wconf 87' lang='lat' dir='ltr'>aureum,</span> <span class='ocrx_word' id='word_1_439' title='bbox 1440 1926 1480 1955; x_wconf 88' lang='lat' dir='ltr'>ut</span> <span class='ocrx_word' id='word_1_440' title='bbox 1504 1922 1632 1955; x_wconf 88' lang='lat' dir='ltr'>dictum</span> <span class='ocrx_word' id='word_1_441' title='bbox 1657 1928 1726 1965; x_wconf 85' lang='lat' dir='ltr'>est,</span> 
     </span>
     <span class='ocr_line' id='line_1_86' title="bbox 1030 1973 1723 2019; baseline 0 -12"><span class='ocrx_word' id='word_1_442' title='bbox 1030 1974 1122 2007; x_wconf 87' lang='lat' dir='ltr'>inter</span> <span class='ocrx_word' id='word_1_443' title='bbox 1138 1974 1232 2013; x_wconf 70' lang='lat' dir='ltr'>Deas</span> <span class='ocrx_word' id='word_1_444' title='bbox 1255 1973 1509 2019; x_wconf 84' lang='lat' dir='ltr'>discumbentes</span> <span class='ocrx_word' id='word_1_445' title='bbox 1531 1973 1723 2015; x_wconf 85' lang='lat' dir='ltr'>projectum</span> 
     </span>
     <span class='ocr_line' id='line_1_87' title="bbox 1030 2023 1455 2058; baseline -0.005 0"><span class='ocrx_word' id='word_1_446' title='bbox 1030 2025 1095 2058; x_wconf 79' lang='lat' dir='ltr'>fuit</span> <span class='ocrx_word' id='word_1_447' title='bbox 1110 2035 1130 2057; x_wconf 86' lang='lat' dir='ltr'>a</span> <span class='ocrx_word' id='word_1_448' title='bbox 1143 2023 1335 2058; x_wconf 87' lang='lat' dir='ltr'>Discordia.</span> <span class='ocrx_word' id='word_1_449' title='bbox 1357 2024 1455 2056; x_wconf 80' lang='lat' dir='ltr'>Idem.</span> 
     </span>
    </p>

    <p class='ocr_par' dir='ltr' id='par_1_19' title="bbox 1031 2074 1727 2269">
     <span class='ocr_line' id='line_1_88' title="bbox 1073 2074 1726 2117; baseline -0.002 -9"><span class='ocrx_word' id='word_1_450' title='bbox 1073 2078 1136 2108; x_wconf 74' lang='lat'>343</span> <span class='ocrx_word' id='word_1_451' title='bbox 1158 2076 1216 2108; x_wconf 82' lang='lat' dir='ltr'>Ira</span> <span class='ocrx_word' id='word_1_452' title='bbox 1236 2075 1339 2117; x_wconf 75' lang='lat' dir='ltr'>quatit</span> <span class='ocrx_word' id='word_1_453' title='bbox 1362 2074 1474 2116; x_wconf 73' lang='lat' dir='ltr'>victas]</span> <span class='ocrx_word' id='word_1_454' title='bbox 1495 2074 1664 2108; x_wconf 83' lang='lat' dir='ltr'>Junonem</span> <span class='ocrx_word' id='word_1_455' title='bbox 1686 2078 1726 2109; x_wconf 86' lang='lat' dir='ltr'>et</span> 
     </span>
     <span class='ocr_line' id='line_1_89' title="bbox 1031 2124 1724 2167; baseline -0.003 -9"><span class='ocrx_word' id='word_1_456' title='bbox 1031 2126 1218 2163; x_wconf 84' lang='lat' dir='ltr'>Palladem.</span> <span class='ocrx_word' id='word_1_457' title='bbox 1234 2135 1311 2167; x_wconf 78' lang='lat' dir='ltr'>quoe</span> <span class='ocrx_word' id='word_1_458' title='bbox 1326 2124 1385 2157; x_wconf 80' lang='lat' dir='ltr'>tali</span> <span class='ocrx_word' id='word_1_459' title='bbox 1401 2124 1532 2166; x_wconf 86' lang='lat' dir='ltr'>judicio</span> <span class='ocrx_word' id='word_1_460' title='bbox 1549 2124 1724 2166; x_wconf 64' lang='lat' dir='ltr'>perturba«</span> 
     </span>
     <span class='ocr_line' id='line_1_90' title="bbox 1034 2174 1727 2218; baseline 0 -9"><span class='ocrx_word' id='word_1_461' title='bbox 1034 2182 1077 2209; x_wconf 85' lang='lat' dir='ltr'>tae</span> <span class='ocrx_word' id='word_1_462' title='bbox 1092 2177 1247 2218; x_wconf 87' lang='lat' dir='ltr'>Trojanis</span> <span class='ocrx_word' id='word_1_463' title='bbox 1269 2185 1404 2217; x_wconf 86' lang='lat' dir='ltr'>semper</span> <span class='ocrx_word' id='word_1_464' title='bbox 1417 2174 1560 2208; x_wconf 73' lang='lat' dir='ltr'>infeusoe</span> <span class='ocrx_word' id='word_1_465' title='bbox 1575 2174 1727 2209; x_wconf 73' lang='lat' dir='ltr'>fuerunt·</span> 
     </span>
     <span class='ocr_line' id='line_1_91' title="bbox 1031 2226 1407 2269; baseline -0.005 -10"><span class='ocrx_word' id='word_1_466' title='bbox 1031 2227 1153 2269; x_wconf 75' lang='lat' dir='ltr'>Judex]</span> <span class='ocrx_word' id='word_1_467' title='bbox 1175 2226 1286 2259; x_wconf 76' lang='lat' dir='ltr'>Paris.</span> <span class='ocrx_word' id='word_1_468' title='bbox 1308 2226 1407 2258; x_wconf 83' lang='lat' dir='ltr'>Idem.</span> 
     </span>
    </p>

    <p class='ocr_par' dir='ltr' id='par_1_20' title="bbox 1032 2273 1728 2569">
     <span class='ocr_line' id='line_1_92' title="bbox 1075 2273 1724 2316; baseline -0.002 -8"><span class='ocrx_word' id='word_1_469' title='bbox 1075 2279 1139 2308; x_wconf 79' lang='grc'>344</span> <span class='ocrx_word' id='word_1_470' title='bbox 1161 2275 1301 2308; x_wconf 76' lang='lat' dir='ltr'>Praemia</span> <span class='ocrx_word' id='word_1_471' title='bbox 1323 2274 1484 2316; x_wconf 74' lang='lat' dir='ltr'>exitialia]</span> <span class='ocrx_word' id='word_1_472' title='bbox 1510 2273 1552 2308; x_wconf 86' lang='lat' dir='ltr'>Id</span> <span class='ocrx_word' id='word_1_473' title='bbox 1575 2277 1635 2307; x_wconf 75' lang='lat' dir='ltr'>est&#39;</span> <span class='ocrx_word' id='word_1_474' title='bbox 1651 2274 1724 2307; x_wconf 79' lang='lat' dir='ltr'>He-</span> 
     </span>
     <span class='ocr_line' id='line_1_93' title="bbox 1032 2323 1726 2367; baseline 0 -9"><span class='ocrx_word' id='word_1_475' title='bbox 1032 2327 1156 2366; x_wconf 82' lang='lat' dir='ltr'>lenam,</span> <span class='ocrx_word' id='word_1_476' title='bbox 1172 2335 1247 2367; x_wconf 83' lang='lat' dir='ltr'>quae</span> <span class='ocrx_word' id='word_1_477' title='bbox 1258 2324 1411 2366; x_wconf 77' lang='lat' dir='ltr'>TroJanis</span> <span class='ocrx_word' id='word_1_478' title='bbox 1422 2324 1520 2357; x_wconf 82' lang='lat' dir='ltr'>exitii</span> <span class='ocrx_word' id='word_1_479' title='bbox 1532 2333 1635 2357; x_wconf 82' lang='lat' dir='ltr'>causa</span> <span class='ocrx_word' id='word_1_480' title='bbox 1647 2323 1726 2359; x_wconf 79' lang='lat' dir='ltr'>fuit.</span> 
     </span>
     <span class='ocr_line' id='line_1_94' title="bbox 1033 2375 1725 2419; baseline -0.001 -10"><span class='ocrx_word' id='word_1_481' title='bbox 1033 2376 1185 2419; x_wconf 62' lang='lat' dir='ltr'>Amyclae]</span> <span class='ocrx_word' id='word_1_482' title='bbox 1210 2376 1340 2408; x_wconf 83' lang='lat' dir='ltr'>Civitas</span> <span class='ocrx_word' id='word_1_483' title='bbox 1359 2378 1414 2408; x_wconf 88' lang='lat' dir='ltr'>est</span> <span class='ocrx_word' id='word_1_484' title='bbox 1426 2375 1596 2415; x_wconf 82' lang='lat' dir='ltr'>Laconise,</span> <span class='ocrx_word' id='word_1_485' title='bbox 1615 2375 1650 2407; x_wconf 88' lang='lat' dir='ltr'>in</span> <span class='ocrx_word' id='word_1_486' title='bbox 1673 2384 1725 2408; x_wconf 84' lang='lat' dir='ltr'>re·</span> 
     </span>
     <span class='ocr_line' id='line_1_95' title="bbox 1032 2425 1724 2469; baseline -0.004 -9"><span class='ocrx_word' id='word_1_487' title='bbox 1032 2428 1130 2469; x_wconf 85' lang='lat' dir='ltr'>gione</span> <span class='ocrx_word' id='word_1_488' title='bbox 1146 2426 1410 2466; x_wconf 74' lang='lat' dir='ltr'>mediterranea,</span> <span class='ocrx_word' id='word_1_489' title='bbox 1426 2425 1578 2458; x_wconf 83' lang='lat' dir='ltr'>Castoris</span> <span class='ocrx_word' id='word_1_490' title='bbox 1592 2429 1630 2458; x_wconf 85' lang='lat' dir='ltr'>et</span> <span class='ocrx_word' id='word_1_491' title='bbox 1643 2425 1724 2458; x_wconf 89' lang='lat' dir='ltr'>Pol-</span> 
     </span>
     <span class='ocr_line' id='line_1_96' title="bbox 1032 2475 1728 2519; baseline -0.001 -9"><span class='ocrx_word' id='word_1_492' title='bbox 1032 2477 1116 2510; x_wconf 89' lang='lat' dir='ltr'>lucis</span> <span class='ocrx_word' id='word_1_493' title='bbox 1127 2477 1250 2519; x_wconf 83' lang='lat' dir='ltr'>patria.</span> <span class='ocrx_word' id='word_1_494' title='bbox 1291 2476 1368 2508; x_wconf 85' lang='lat' dir='ltr'>Hoc</span> <span class='ocrx_word' id='word_1_495' title='bbox 1382 2480 1495 2508; x_wconf 88' lang='lat' dir='ltr'>autem</span> <span class='ocrx_word' id='word_1_496' title='bbox 1518 2475 1593 2508; x_wconf 88' lang='lat' dir='ltr'>loco</span> <span class='ocrx_word' id='word_1_497' title='bbox 1614 2475 1728 2509; x_wconf 61' lang='lat' dir='ltr'>Poeta</span> 
     </span>
     <span class='ocr_line' id='line_1_97' title="bbox 1033 2524 1725 2569; baseline -0.001 -9"><span class='ocrx_word' id='word_1_498' title='bbox 1033 2527 1194 2569; x_wconf 83' lang='lat' dir='ltr'>Amyclas</span> <span class='ocrx_word' id='word_1_499' title='bbox 1204 2535 1225 2558; x_wconf 71' lang='lat' dir='ltr'>a</span> <span class='ocrx_word' id='word_1_500' title='bbox 1233 2525 1410 2558; x_wconf 77' lang='lat' dir='ltr'>vicinitate</span> <span class='ocrx_word' id='word_1_501' title='bbox 1419 2524 1505 2557; x_wconf 80' lang='lat' dir='ltr'>dixit</span> <span class='ocrx_word' id='word_1_502' title='bbox 1517 2534 1578 2567; x_wconf 87' lang='lat' dir='ltr'>pro</span> <span class='ocrx_word' id='word_1_503' title='bbox 1587 2525 1725 2567; x_wconf 79' lang='lat' dir='ltr'>Sparta.</span> 
     </span>
    </p>

    <p class='ocr_par' dir='ltr' id='par_1_21' title="bbox 1033 2625 1730 2821">
     <span class='ocr_line' id='line_1_98' title="bbox 1076 2625 1729 2668; baseline -0.002 -9"><span class='ocrx_word' id='word_1_504' title='bbox 1076 2630 1138 2659; x_wconf 73' lang='lat'>345</span> <span class='ocrx_word' id='word_1_505' title='bbox 1161 2625 1354 2668; x_wconf 52' lang='lat' dir='ltr'>itm-igme]</span> <span class='ocrx_word' id='word_1_506' title='bbox 1377 2625 1466 2658; x_wconf 90' lang='lat' dir='ltr'>Nam</span> <span class='ocrx_word' id='word_1_507' title='bbox 1481 2634 1639 2658; x_wconf 83' lang='lat' dir='ltr'>coronam</span> <span class='ocrx_word' id='word_1_508' title='bbox 1656 2629 1729 2658; x_wconf 89' lang='lat' dir='ltr'>tur-</span> 
     </span>
     <span class='ocr_line' id='line_1_99' title="bbox 1033 2675 1726 2717; baseline -0.007 -7"><span class='ocrx_word' id='word_1_509' title='bbox 1033 2678 1132 2710; x_wconf 85' lang='lat' dir='ltr'>ritam</span> <span class='ocrx_word' id='word_1_510' title='bbox 1148 2677 1274 2709; x_wconf 88' lang='lat' dir='ltr'>dicitur</span> <span class='ocrx_word' id='word_1_511' title='bbox 1287 2680 1433 2717; x_wconf 79' lang='lat' dir='ltr'>gestare,</span> <span class='ocrx_word' id='word_1_512' title='bbox 1446 2679 1483 2707; x_wconf 91' lang='lat' dir='ltr'>et</span> <span class='ocrx_word' id='word_1_513' title='bbox 1502 2675 1602 2717; x_wconf 85' lang='lat' dir='ltr'>hujus</span> <span class='ocrx_word' id='word_1_514' title='bbox 1616 2675 1726 2708; x_wconf 84' lang='lat' dir='ltr'>fictio.</span> 
     </span>
     <span class='ocr_line' id='line_1_100' title="bbox 1033 2725 1725 2767; baseline 0 -7"><span class='ocrx_word' id='word_1_515' title='bbox 1033 2728 1085 2760; x_wconf 84' lang='lat' dir='ltr'>nis</span> <span class='ocrx_word' id='word_1_516' title='bbox 1096 2727 1173 2760; x_wconf 80' lang='lat' dir='ltr'>talis</span> <span class='ocrx_word' id='word_1_517' title='bbox 1185 2731 1238 2759; x_wconf 86' lang='lat' dir='ltr'>est</span> <span class='ocrx_word' id='word_1_518' title='bbox 1249 2726 1348 2759; x_wconf 81' lang='lat' dir='ltr'>ratio.</span> <span class='ocrx_word' id='word_1_519' title='bbox 1371 2725 1498 2767; x_wconf 75' lang='lat' dir='ltr'>Cybele</span> <span class='ocrx_word' id='word_1_520' title='bbox 1510 2727 1599 2759; x_wconf 87' lang='lat' dir='ltr'>euim</span> <span class='ocrx_word' id='word_1_521' title='bbox 1611 2728 1725 2760; x_wconf 91' lang='lat' dir='ltr'>Deum</span> 
     </span>
     <span class='ocr_line' id='line_1_101' title="bbox 1034 2775 1730 2821; baseline -0.003 -10"><span class='ocrx_word' id='word_1_522' title='bbox 1034 2781 1144 2811; x_wconf 83' lang='lat' dir='ltr'>mater</span> <span class='ocrx_word' id='word_1_523' title='bbox 1157 2775 1349 2811; x_wconf 84' lang='lat' dir='ltr'>curruvebi</span> <span class='ocrx_word' id='word_1_524' title='bbox 1372 2775 1509 2818; x_wconf 84' lang='lat' dir='ltr'>dieitur,</span> <span class='ocrx_word' id='word_1_525' title='bbox 1532 2776 1623 2821; x_wconf 83' lang='lat' dir='ltr'>quod</span> <span class='ocrx_word' id='word_1_526' title='bbox 1649 2777 1730 2821; x_wconf 66' lang='lat' dir='ltr'>ipss.</span> 
     </span>
    </p>
   </div>
  </div>
 </body>
</html>
