1878 3164
320 225 435 269 2036

323 338 409 363 rum.
450 329 601 362 Maeotide
629 330 715 371 ripa]
755 330 892 363 Maeotis
921 330 1016 372 palus

321 385 374 412 est
382 390 457 422 quae
468 380 649 412 Cimmerio
658 381 832 421 Bosphoro
841 381 1018 413 commissa

322 431 462 462 Tanaim
488 439 621 466 amnem
646 440 689 462 ex
705 430 878 472 Rbiphaeis
893 430 1017 462 monti·

322 481 385 513 bus
399 480 604 512 defluentem
629 480 771 521 accipit,
787 480 948 522 dictaque
963 483 1018 512 est

322 533 442 572 αμαΐα,
458 531 548 573 quod
575 531 743 572 significat
769 532 951 570 nutricem,
975 541 1017 564 eo

321 581 412 622 quod
435 581 604 612 Euxinum
629 584 665 612 et
688 580 904 613 Cimmerium
933 581 1017 613 Bos-

321 631 463 672 phorum
482 630 577 662 uberi
592 639 751 671 aquarum
768 629 931 663 effusione
945 631 1016 663 effi-

321 680 403 719 ciat,
419 681 566 721 alatque.
590 680 742 712 Britanni.

365 732 405 761 86
431 729 599 771 Getarum]
628 729 730 761 Getae
755 729 908 762 Thracias
937 734 1017 763 sunt

322 779 453 820 populi,
467 779 554 811 Daci
568 789 589 811 a
606 779 764 811 Romanis
781 780 874 812 dicti.
895 780 995 813 Idem.

366 832 408 861 8⁶3
445 829 613 870 Proelibat]
649 829 783 870 Libare,
810 834 864 862 est
899 839 1017 862 unum·

319 879 478 921 quodque
495 879 618 911 leviter
632 879 826 920 degustare,
837 879 926 911 unde
935 889 1016 920 proe-

320 930 410 969 libat,
420 930 452 961 id
464 935 516 961 est
525 930 640 961 oculos
650 929 751 970 jacit,
764 929 864 961 modo
875 929 908 960 in
919 930 1018 971 lianc,

320 980 422 1012 modo
446 980 600 1019 inillam,
617 989 684 1011 non
710 978 877 1011 firmando
899 980 1016 1012 oculos

320 1028 355 1060 in
373 1038 439 1060 nna
451 1034 595 1061 tantum.
617 1030 795 1060 Moturum.

362 1081 405 1110 89
426 1079 539 1111 Latuit
553 1078 854 1119 merwurajamtis]
893 1078 1017 1119 Respi-

321 1128 369 1159 cit
390 1133 539 1160 veterem
563 1127 787 1160 accumbendi
803 1128 932 1160 ritum:
956 1127 1017 1160 sed

321 1179 437 1210 nescio
453 1188 495 1210 sn
517 1178 600 1210 satis
623 1182 725 1210 caute
742 1179 852 1219 priseo
868 1178 927 1210 illo
944 1188 1018 1211 aevo

322 1233 520 1268 usurpatum
544 1227 683 1259 scribat.
733 1227 903 1259 Homerus
936 1237 1017 1259 sane

322 1285 388 1308 non
405 1277 660 1317 accumbentes,
674 1276 733 1308 sed
754 1277 914 1309 sedentes
930 1286 1016 1309 sem-

321 1336 383 1367 per
397 1326 530 1358 Heroas
544 1326 743 1358 introducit.
758 1326 911 1359 Bernart.

363 1378 406 1407 90
429 1377 577 1408 Erectum
602 1375 716 1416 genos]
753 1376 934 1416 Figuratus
963 1380 1017 1408 est

320 1434 445 1464 sermo,
461 1425 495 1456 id
522 1428 588 1464 est,
612 1434 716 1466 genas
738 1430 871 1462 erectas
890 1425 1017 1457 haben-

321 1478 390 1505 tem
407 1474 442 1504 in
459 1474 574 1505 oculos
590 1474 732 1505 audacia
746 1473 845 1505 virili.
868 1474 1017 1506 Britann.

363 1526 406 1555 92
429 1522 570 1565 Defigit]
609 1522 772 1555 Annotat.
828 1523 1018 1565 Comitique]

321 1573 494 1605 Diomedi.
516 1572 615 1604 Idem.
880 1602 885 1614 ,

363 1625 404 1654 93
430 1622 520 1658 Quod
541 1622 602 1653 nisi
621 1621 830 1662 praeeipitem]
855 1622 947 1662 Nisi,
967 1622 1018 1654 in-

322 1673 410 1715 quit,
428 1672 607 1704 Deidamia
622 1671 790 1703 Achillem
807 1672 1017 1704 blandimen-

321 1723 367 1754 tis
398 1722 608 1757 retinuisset,
645 1722 761 1752 statim
799 1731 876 1753 eum
913 1722 1018 1754 duces

322 1772 420 1804 Graii
435 1771 686 1812 cognovissent.
709 1772 808 1803 Idem.

362 1824 404 1853 97
430 1820 559 1852 Crinale
586 1823 746 1861 reponeret
773 1819 899 1861 aurum]
936 1821 1018 1852 Fas·

320 1871 407 1903 ciam
429 1879 566 1902 auream
583 1873 688 1908 notat,
705 1879 803 1911 quam
824 1870 931 1901 instar
946 1870 1019 1902 dia·

321 1920 466 1953 dematis
489 1920 524 1951 in
551 1919 664 1951 fronte
688 1919 854 1961 gerebant
870 1920 1020 1961 virgines

322 1970 517 2002 nobiliores.
573 1970 737 2011 Virgilius
774 1970 817 2001 de
855 1971 1018 2002 Camilla:

319 2021 329 2038 ⁴
343 2020 411 2053 Pro
424 2020 543 2052 crinali
559 2029 655 2060 auro,
671 2029 732 2060 pro
746 2020 856 2061 longae
873 2020 1020 2061 tegmine

322 2070 437 2110 pallae,
462 2068 607 2109 Tigridis
623 2069 755 2101 exuviae
773 2078 834 2110 per
849 2071 985 2101 dorsum
1001 2080 1021 2101 a

322 2119 451 2150 vertice
467 2117 642 2158 pendent.'
665 2118 816 2150 Bernart.

364 2170 407 2199 99
430 2168 542 2208 Epulis
555 2167 602 2198 bis
615 2171 720 2209 terque
740 2167 888 2209 repostis]
911 2169 1020 2202 Notat

322 2217 520 2250 divisionem
546 2227 666 2258 coenae,
689 2228 764 2260 quae
791 2219 939 2260 antiquis
961 2219 1018 2251 tri-

322 2268 417 2309 plex,
433 2268 466 2298 in
477 2267 715 2308 Antecoenam,
731 2269 868 2300 Coenam
882 2269 1019 2310 proprie

322 2318 461 2358 dictam,
477 2321 513 2349 et
536 2317 693 2349 Mensam
715 2327 904 2358 pomorum.
949 2318 1020 2350 An-

323 2371 459 2398 tecoena
485 2371 560 2398 erat
582 2367 704 2398 missus
734 2368 873 2408 primus,
898 2368 955 2409 qui
983 2372 1020 2400 et

324 2416 498 2455 Gustatio‚
507 2426 566 2448 seu
577 2422 706 2457 gustus,
717 2421 820 2458 atque
831 2417 933 2449 etiam
943 2427 1019 2459 pro-

323 2465 438 2496 mulsis
454 2465 647 2504 dicebatur,
661 2465 751 2506 quod
768 2466 910 2506 primam
928 2466 1019 2498 sitim

324 2515 456 2556 antiqui
479 2514 552 2546 fere
572 2515 681 2547 mulso
697 2515 870 2548 sedarent.
914 2517 1020 2548 Coena

324 2566 446 2597 missus
469 2564 638 2597 secundus
661 2569 748 2605 erat,
763 2565 797 2597 in
818 2575 884 2607 quo
899 2567 1019 2607 praeci·

323 2614 380 2655 pui
406 2614 486 2646 cibi.
531 2615 654 2646 Mensa
687 2625 863 2656 pomorum
900 2617 1019 2650 missus

324 2664 445 2695 tertius
476 2664 510 2695 in
537 2674 604 2706 quo
632 2665 785 2698 bellaria.
828 2666 917 2698 Vide
942 2676 1018 2708 quae

322 2715 459 2745 notavit
483 2714 552 2745 late
569 2715 703 2755 Lipsius
724 2718 838 2747 noster
852 2716 1017 2758 Antiqua-

324 2773 397 2795 rum
425 2764 505 2799 lect.
535 2764 592 2797 lib.
620 2774 675 2796 ιιι.
720 2764 776 2797 Ad
791 2774 832 2797 ea
849 2775 924 2808 quae
939 2766 1017 2807 Lip-

778 237 918 269 NOTAE
951 236 1216 268 VAR10RUM
1250 235 1302 268 m

1065 329 1135 361 sius
1149 329 1193 361 de
1209 329 1423 362 Promulside
1445 329 1590 371 notavit,
1602 328 1760 365 add-‘h-

1066 389 1144 412 eum
1158 380 1246 412 liunc
1255 379 1455 413 Tertulliani
1467 379 1511 413 de
1522 380 1654 413 Pallio:
1670 381 1682 400 ‘
1694 381 1762 415 Ve-

1068 439 1145 462 reor
1170 439 1249 462 sane
1274 440 1317 462 ne
1339 439 1442 472 parva
1463 430 1508 462 sit
1529 430 1597 462 ista
1621 430 1766 472 trutina,

1065 488 1142 511 cum
1169 479 1384 511 Drusilianus
1413 484 1450 511 et
1479 478 1618 522 quidam
1644 488 1760 513 servus

1067 529 1200 563 Claudii
1228 530 1555 572 quinquagenariam
1583 530 1762 572 promulsi-

1067 579 1145 612 dem
1170 579 1332 620 oedificst,
1348 580 1590 622 suprascriptis
1614 577 1762 613 fortasse

1068 629 1194 660 mensis
1223 629 1474 662 necessariam?
1514 629 1636 662 Posuit
1663 630 1764 672 ‘pro-

1068 678 1262 710 mulsidem'
1279 688 1342 720 pro
1362 679 1437 721 ipso
1459 679 1470 698 ‘
1484 679 1765 722 promulsidario:

1067 728 1102 760 id
1118 731 1231 760 autem
1245 733 1299 760 est
1314 738 1373 760 vas
1384 738 1449 771 qno
1461 729 1641 771 promulsis
1651 730 1762 763 conti-

1067 782 1181 810 netur.
1224 775 1392 820 Ulpianus
1406 778 1466 812 lib.
1481 787 1534 811 ιι.
1553 780 1585 822 §.
1607 783 1765 822 argento,

1065 828 1110 860 de
1135 837 1216 860 auro
1247 833 1284 860 et
1308 838 1381 869 arg.
1403 829 1470 870 leg.
1497 829 1681 862 ‘scutellas
1707 830 1764 863 vel

1067 877 1322 919 promulsidaris
1336 877 1529 911 contineri!
1550 878 1652 912 Bm.

1111 929 1173 959 100
1189 927 1374 969 Pater-isque
1382 928 1498 960 invitat
1512 928 1664 971 Achiuos]
1677 929 1762 964 sus-

1067 975 1142 1007 vius
1165 986 1240 1009 meo
1261 977 1374 1010 animo
1399 977 1435 1009 in
1459 977 1686 1020 quibusdam
1704 989 1763 1022 ps-

1066 1027 1202 1067 terisque
1224 1026 1369 1058 lmrtatur
1390 1026 1532 1065 Achivos.
1574 1027 1703 1062 Noster
1725 1029 1764 1062 in

1067 1074 1220 1107 Hercule
1238 1076 1409 1109 Vindicis:
1433 1076 1620 1111 ‘Sicimitis
1632 1077 1763 1120 vultus,

1068 1125 1176 1157 veluti
1201 1125 1244 1157 de
1266 1129 1406 1167 pectore
1427 1125 1578 1166 gaudens
1596 1126 1764 1161 Hor-tetur

1068 1176 1224 1207 mensas!
1267 1177 1315 1208 Et
1336 1176 1384 1208 sic
1398 1176 1501 1208 etiam
1516 1180 1615 1208 vetus
1631 1177 1761 1210 Scholi-

1068 1230 1176 1257 astes:
1199 1227 1210 1243 *
1224 1225 1310 1267 Rex]
1338 1225 1558 1268 Lycomedes.
1578 1226 1667 1268 prior
1689 1227 1764 1261 dio.

1067 1275 1178 1316 Aelii]
1199 1276 1357 1318 Ulyssem
1372 1281 1408 1309 et
1422 1276 1623 1308 Diomedem
1636 1281 1673 1309 et
1686 1277 1763 1313 hor.

1065 1323 1154 1356 illos.
1178 1330 1330 1366 pateram
1347 1329 1387 1357 ut
1401 1326 1480 1358 satis
1502 1325 1634 1363 bibunt,
1648 1325 1762 1358 icadi-

1066 1373 1171 1405 cens.'
1215 1373 1284 1405 Ubi
1307 1380 1420 1407 tumen
1443 1374 1572 1418 aliquid
1595 1374 1763 1409 excidisse

1068 1423 1214 1457 videtur.
1238 1424 1378 1457 Gronov.

1112 1476 1172 1504 103
1197 1474 1331 1515 Quaeque
1344 1474 1436 1516 oeeas]
1455 1474 1576 1507 Servat
1587 1474 1765 1515 decorum,

1069 1527 1106 1554 ut
1121 1526 1130 1540 ¹
1143 1522 1300 1555 laudator
1318 1524 1481 1565 temporis
1492 1524 1563 1556 acti
1577 1524 1624 1556 Se
1635 1524 1765 1566 puero!

1068 1571 1222 1614 Dolopas]
1244 1574 1395 1614 Populos
1421 1574 1455 1606 in
1482 1578 1642 1607 extrema
1664 1579 1764 1616 purte

1067 1621 1263 1661 Thessaliae,
1271 1622 1328 1665 qui
1345 1623 1434 1655 bello
1444 1623 1556 1656 navali
1568 1631 1588 1656 a
1597 1624 1761 1665 Lycome-

1068 1671 1112 1702 de
1127 1672 1279 1712 superati
1292 1671 1453 1705 fuerunt:
1475 1681 1552 1705 nam
1575 1673 1631 1706 alii
1647 1673 1767 1716 populi

1068 1720 1203 1762 Pyrrho
1219 1720 1291 1752 dati
1311 1726 1402 1754 sunt.
1446 1722 1554 1755 Pater
1573 1722 1762 1764 Myrmido-

1068 1778 1141 1810 nes,
1156 1769 1245 1801 fllius
1259 1770 1410 1811 Dolopas
1423 1770 1555 1803 habuit.
1597 1772 1608 1790 ‘
1620 1771 1764 1812 Myrmi-

1069 1818 1194 1850 donum
1221 1819 1450 1860 Dolopumve'
1470 1819 1646 1862 Virgilius.
1690 1819 1766 1852 Ali-

1070 1869 1126 1910 qui
1143 1868 1263 1901 dicunt
1277 1869 1429 1910 Dolopas
1450 1868 1556 1902 fuisse
1575 1869 1640 1902 sub
1660 1869 1762 1902 Pboe-

1070 1919 1146 1950 nice
1166 1919 1328 1961 magistro
1351 1919 1494 1951 Achillis
1518 1920 1553 1951 in
1570 1919 1660 1953 bello
1675 1920 1763 1952 Tro-

1063 1968 1161 2009 jauo,
1176 1968 1219 2001 de
1244 1979 1310 2011 quo
1333 1969 1504 2001 Homerus
1531 1968 1657 2001 nullam
1678 1967 1764 2002 facit

1069 2019 1287 2051 mentionem.
1309 2019 1488 2051 Matar-ant.
1708 2057 1710 2059 ,

1112 2070 1174 2100 104
1198 2069 1277 2105 Quoe
1290 2068 1383 2108 signo
1396 2067 1561 2110 triumphi]
1575 2067 1629 2100 Ne
1641 2076 1763 2100 vanum

1069 2122 1211 2158 putaret
1225 2118 1315 2160 quod
1332 2118 1478 2159 dixerat,
1495 2117 1571 2149 ideo
1587 2117 1763 2160 subJ‘ungit

1069 2167 1214 2198 bostium
1243 2167 1353 2208 spolia
1375 2167 1527 2209 conspici
1548 2168 1702 2210 potuisse
1726 2166 1761 2199 iu

1069 2217 1184 2250 muris.
1206 2217 1359 2250 Britann.

1113 2269 1175 2298 107
1199 2267 1294 2299 Nunc
1320 2267 1392 2308 ipsi,
1412 2266 1481 2309 ξω]
1517 2265 1685 2300 Inseritur
1704 2264 1762 2298 hic

1069 2316 1276 2349 versiculus:
1303 2317 1439 2354 Possem,
1459 2315 1763 2358 plenasorentmihs‘

1067 2367 1186 2406 gaudia
1196 2377 1210 2405 ;
1240 2377 1367 2408 namque
1386 2367 1542 2407 juvarem,
1567 2367 1663 2398 Nunc
1689 2366 1763 2408 ipsi,

1069 2419 1123 2458 dyc.
1167 2418 1311 2449 Versum
1333 2417 1421 2449 hunc
1436 2416 1699 2449 infieetissimum
1713 2416 1764 2448 in-

1070 2467 1353 2510 sulsissimumque
1394 2467 1639 2509 expunximus:
1683 2466 1763 2509 quia

1069 2526 1133 2548 nec
1159 2522 1233 2549 erat
1257 2517 1292 2548 in
1317 2517 1519 2550 membranis
1544 2516 1640 2549 bonoe
1665 2515 1762 2557 fidei,

1069 2575 1132 2597 nec
1148 2566 1242 2597 illum
1267 2565 1421 2606 agnoscit
1440 2566 1658 2598 Scholiastes.
1701 2565 1760 2599 Sic

1069 2616 1158 2647 enim
1174 2615 1253 2648 ille:
1283 2615 1424 2648 ‘Saltem
1446 2615 1490 2657 si]
1522 2617 1575 2648 Ex
1599 2625 1666 2658 qno
1692 2625 1760 2648 nou

1070 2674 1205 2706 possum
1222 2665 1314 2697 illuc.
1329 2665 1427 2706 sobo.]
1442 2669 1532 2696 esset
1546 2666 1639 2698 milii.
1653 2665 1759 2708 quota]

1069 2714 1219 2747 sobolem
1235 2718 1336 2746 esset.
1358 2714 1479 2755 aptum]
1502 2723 1600 2756 quam
1614 2723 1759 2756 congru-

1070 2775 1123 2797 um
1154 2765 1243 2798 mihi.
1273 2765 1397 2797 mittere
1421 2763 1512 2806 bello]
1541 2765 1586 2798 ad
1611 2764 1755 2798 bellum:
