<?xml version="1.0" encoding="UTF-8"?>
<!DOCTYPE html PUBLIC "-//W3C//DTD XHTML 1.0 Transitional//EN"
    "http://www.w3.org/TR/xhtml1/DTD/xhtml1-transitional.dtd">
<html xmlns="http://www.w3.org/1999/xhtml" xml:lang="en" lang="en">
 <head>
  <title>
</title>
<meta http-equiv="Content-Type" content="text/html;charset=utf-8" />
  <meta name='ocr-system' content='tesseract 3.04.00' />
  <meta name='ocr-capabilities' content='ocr_page ocr_carea ocr_par ocr_line ocrx_word'/>
</head>
<body>
  <div class='ocr_page' id='page_1' title='image "./operaomniaexedit04statuoft/operaomniaexedit04statuoft_0118.png"; bbox 0 0 1878 3164; ppageno 0'>
   <div class='ocr_carea' id='block_1_1' title="bbox 272 216 386 260">
    <p class='ocr_par' dir='ltr' id='par_1_1' title="bbox 272 216 386 260">
     <span class='ocr_line' id='line_1_1' title="bbox 272 216 386 260; baseline -0.009 0"><span class='ocrx_word' id='word_1_1' title='bbox 272 216 386 260; x_wconf 79' lang='lat'>1854</span> 
     </span>
    </p>
   </div>
   <div class='ocr_carea' id='block_1_2' title="bbox 245 319 978 2807">
    <p class='ocr_par' dir='ltr' id='par_1_2' title="bbox 245 319 695 360">
     <span class='ocr_line' id='line_1_2' title="bbox 245 319 695 360; baseline 0 -10"><span class='ocrx_word' id='word_1_2' title='bbox 245 335 249 341; x_wconf 87' lang='lat'>·</span> <span class='ocrx_word' id='word_1_3' title='bbox 275 320 386 360; x_wconf 79' lang='lat' dir='ltr'><strong>spatia</strong></span> <span class='ocrx_word' id='word_1_4' title='bbox 408 319 574 352; x_wconf 86' lang='lat' dir='ltr'><strong>demersa.</strong></span> <span class='ocrx_word' id='word_1_5' title='bbox 598 319 695 351; x_wconf 83' lang='lat' dir='ltr'><strong><em>Idem.</em></strong></span> 
     </span>
    </p>

    <p class='ocr_par' dir='ltr' id='par_1_3' title="bbox 272 367 971 460">
     <span class='ocr_line' id='line_1_3' title="bbox 315 367 971 411; baseline -0.002 -10"><span class='ocrx_word' id='word_1_6' title='bbox 315 372 378 401; x_wconf 92' lang='grc'>415</span> <span class='ocrx_word' id='word_1_7' title='bbox 403 369 673 411; x_wconf 75' lang='lat' dir='ltr'><strong>confinia]1nter</strong></span> <span class='ocrx_word' id='word_1_8' title='bbox 688 369 868 410; x_wconf 86' lang='lat' dir='ltr'><strong>juncturas</strong></span> <span class='ocrx_word' id='word_1_9' title='bbox 892 367 971 400; x_wconf 84' lang='lat' dir='ltr'><strong>His-</strong></span> 
     </span>
     <span class='ocr_line' id='line_1_4' title="bbox 272 418 704 460; baseline 0 -10"><span class='ocrx_word' id='word_1_10' title='bbox 272 419 373 450; x_wconf 79' lang='lat' dir='ltr'><strong>menii</strong></span> <span class='ocrx_word' id='word_1_11' title='bbox 391 419 582 460; x_wconf 79' lang='lat' dir='ltr'><strong>pelagique.</strong></span> <span class='ocrx_word' id='word_1_12' title='bbox 605 418 704 450; x_wconf 84' lang='lat' dir='ltr'><strong><em>Idem.</em></strong></span> 
     </span>
    </p>

    <p class='ocr_par' dir='ltr' id='par_1_4' title="bbox 273 466 973 650">
     <span class='ocr_line' id='line_1_5' title="bbox 314 466 972 508; baseline -0.002 -7"><span class='ocrx_word' id='word_1_13' title='bbox 314 472 378 501; x_wconf 89' lang='grc'>416</span> <span class='ocrx_word' id='word_1_14' title='bbox 401 469 504 500; x_wconf 73' lang='lat' dir='ltr'><strong>Parae</strong></span> <span class='ocrx_word' id='word_1_15' title='bbox 518 472 591 500; x_wconf 80' lang='lat' dir='ltr'><strong>ante</strong></span> <span class='ocrx_word' id='word_1_16' title='bbox 605 468 726 508; x_wconf 83' lang='lat' dir='ltr'><strong>ducem]</strong></span> <span class='ocrx_word' id='word_1_17' title='bbox 743 467 797 500; x_wconf 89' lang='lat' dir='ltr'><strong>Ad</strong></span> <span class='ocrx_word' id='word_1_18' title='bbox 821 466 972 500; x_wconf 86' lang='lat' dir='ltr'><strong>futurum</strong></span> 
     </span>
     <span class='ocr_line' id='line_1_6' title="bbox 274 517 972 555; baseline 0 -5"><span class='ocrx_word' id='word_1_19' title='bbox 274 527 322 550; x_wconf 89' lang='lat' dir='ltr'><strong>sc.</strong></span> <span class='ocrx_word' id='word_1_20' title='bbox 338 518 554 555; x_wconf 83' lang='lat' dir='ltr'><strong>sacrificium,</strong></span> <span class='ocrx_word' id='word_1_21' title='bbox 570 517 613 549; x_wconf 79' lang='lat' dir='ltr'><strong>ad</strong></span> <span class='ocrx_word' id='word_1_22' title='bbox 638 518 839 550; x_wconf 86' lang='lat' dir='ltr'><strong>Etheoclem</strong></span> <span class='ocrx_word' id='word_1_23' title='bbox 855 529 972 550; x_wconf 83' lang='lat' dir='ltr'><strong>versus</strong></span> 
     </span>
     <span class='ocr_line' id='line_1_7' title="bbox 273 567 973 609; baseline -0.003 -9"><span class='ocrx_word' id='word_1_24' title='bbox 273 573 386 609; x_wconf 79' lang='lat' dir='ltr'><strong>parat.</strong></span> <span class='ocrx_word' id='word_1_25' title='bbox 431 568 582 600; x_wconf 86' lang='lat' dir='ltr'>Verbum</span> <span class='ocrx_word' id='word_1_26' title='bbox 604 567 762 609; x_wconf 86' lang='lat' dir='ltr'><strong>figuravit</strong></span> <span class='ocrx_word' id='word_1_27' title='bbox 783 577 804 599; x_wconf 83' lang='lat' dir='ltr'><strong>a</strong></span> <span class='ocrx_word' id='word_1_28' title='bbox 829 568 973 600; x_wconf 89' lang='lat' dir='ltr'><strong>nomine.</strong></span> 
     </span>
     <span class='ocr_line' id='line_1_8' title="bbox 277 617 376 650; baseline 0.02 -2"><span class='ocrx_word' id='word_1_29' title='bbox 277 617 376 650; x_wconf 85' lang='lat' dir='ltr'><em>Idem.</em></span> 
     </span>
    </p>

    <p class='ocr_par' dir='ltr' id='par_1_5' title="bbox 315 666 949 708">
     <span class='ocr_line' id='line_1_9' title="bbox 315 666 949 708; baseline -0.002 -8"><span class='ocrx_word' id='word_1_30' title='bbox 315 670 381 701; x_wconf 86' lang='grc'>419</span> <span class='ocrx_word' id='word_1_31' title='bbox 406 668 515 708; x_wconf 81' lang='lat' dir='ltr'><strong><em>Capax</em></strong></span> <span class='ocrx_word' id='word_1_32' title='bbox 528 666 603 707; x_wconf 82' lang='lat' dir='ltr'><strong>oevi]</strong></span> <span class='ocrx_word' id='word_1_33' title='bbox 620 666 831 708; x_wconf 78' lang='lat' dir='ltr'><strong>Antiquitas.</strong></span> <span class='ocrx_word' id='word_1_34' title='bbox 847 668 949 699; x_wconf 84' lang='lat' dir='ltr'><strong><em>Idem.</em></strong></span> 
     </span>
    </p>

    <p class='ocr_par' dir='ltr' id='par_1_6' title="bbox 275 716 973 798">
     <span class='ocr_line' id='line_1_10' title="bbox 314 716 973 758; baseline 0 -10"><span class='ocrx_word' id='word_1_35' title='bbox 314 720 379 749; x_wconf 90' lang='grc'><strong>420</strong></span> <span class='ocrx_word' id='word_1_36' title='bbox 401 717 554 757; x_wconf 77' lang='lat' dir='ltr'><strong>Intonsoe]</strong></span> <span class='ocrx_word' id='word_1_37' title='bbox 583 717 765 758; x_wconf 87' lang='lat' dir='ltr'>Nunquam</span> <span class='ocrx_word' id='word_1_38' title='bbox 793 716 973 758; x_wconf 77' lang='lat' dir='ltr'><strong>depositae.</strong></span> 
     </span>
     <span class='ocr_line' id='line_1_11' title="bbox 275 767 377 798; baseline -0.02 0"><span class='ocrx_word' id='word_1_39' title='bbox 275 767 377 798; x_wconf 83' lang='lat' dir='ltr'><strong><em>Idem.</em></strong></span> 
     </span>
    </p>

    <p class='ocr_par' dir='ltr' id='par_1_7' title="bbox 274 815 974 897">
     <span class='ocr_line' id='line_1_12' title="bbox 315 815 974 857; baseline 0.002 -10"><span class='ocrx_word' id='word_1_40' title='bbox 315 818 380 847; x_wconf 86' lang='grc'><strong>422</strong></span> <span class='ocrx_word' id='word_1_41' title='bbox 407 815 505 856; x_wconf 83' lang='lat' dir='ltr'><strong>Ursa]</strong></span> <span class='ocrx_word' id='word_1_42' title='bbox 527 816 559 847; x_wconf 90' lang='lat' dir='ltr'><strong>A</strong></span> <span class='ocrx_word' id='word_1_43' title='bbox 580 815 841 857; x_wconf 73' lang='lat' dir='ltr'><strong>septentrionali</strong></span> <span class='ocrx_word' id='word_1_44' title='bbox 860 817 974 857; x_wconf 83' lang='lat' dir='ltr'><strong>plaga.</strong></span> 
     </span>
     <span class='ocr_line' id='line_1_13' title="bbox 274 867 375 897; baseline 0 0"><span class='ocrx_word' id='word_1_45' title='bbox 274 867 375 897; x_wconf 88' lang='lat' dir='ltr'><strong><em>Idem.</em></strong></span> 
     </span>
    </p>

    <p class='ocr_par' dir='ltr' id='par_1_8' title="bbox 275 915 975 1049">
     <span class='ocr_line' id='line_1_14' title="bbox 315 915 972 957; baseline 0.003 -11"><span class='ocrx_word' id='word_1_46' title='bbox 315 918 379 946; x_wconf 83' lang='grc'><strong>423</strong></span> <span class='ocrx_word' id='word_1_47' title='bbox 391 915 502 947; x_wconf 79' lang='lat' dir='ltr'><strong>Servat</strong></span> <span class='ocrx_word' id='word_1_48' title='bbox 514 916 636 957; x_wconf 74' lang='lat' dir='ltr'><strong>horror]</strong></span> <span class='ocrx_word' id='word_1_49' title='bbox 647 915 806 948; x_wconf 83' lang='lat' dir='ltr'><strong>Possidet</strong></span> <span class='ocrx_word' id='word_1_50' title='bbox 818 915 972 957; x_wconf 84' lang='lat' dir='ltr'><strong>quaedam</strong></span> 
     </span>
     <span class='ocr_line' id='line_1_15' title="bbox 275 967 975 1009; baseline 0.004 -12"><span class='ocrx_word' id='word_1_51' title='bbox 275 967 462 1006; x_wconf 86' lang='lat' dir='ltr'><strong>veneratio,</strong></span> <span class='ocrx_word' id='word_1_52' title='bbox 477 967 555 1009; x_wconf 86' lang='lat' dir='ltr'><strong>quia</strong></span> <span class='ocrx_word' id='word_1_53' title='bbox 571 967 604 998; x_wconf 92' lang='lat' dir='ltr'><strong>in</strong></span> <span class='ocrx_word' id='word_1_54' title='bbox 621 976 743 1009; x_wconf 84' lang='lat' dir='ltr'><strong>magno</strong></span> <span class='ocrx_word' id='word_1_55' title='bbox 756 967 890 1000; x_wconf 89' lang='lat' dir='ltr'><strong>silentio</strong></span> <span class='ocrx_word' id='word_1_56' title='bbox 901 968 975 1000; x_wconf 86' lang='lat' dir='ltr'><strong>bor—</strong></span> 
     </span>
     <span class='ocr_line' id='line_1_16' title="bbox 275 1017 629 1049; baseline 0.003 -1"><span class='ocrx_word' id='word_1_57' title='bbox 275 1024 331 1048; x_wconf 84' lang='lat' dir='ltr'><strong>ror</strong></span> <span class='ocrx_word' id='word_1_58' title='bbox 342 1017 504 1049; x_wconf 84' lang='lat' dir='ltr'><strong>nascitur.</strong></span> <span class='ocrx_word' id='word_1_59' title='bbox 529 1018 629 1049; x_wconf 83' lang='lat' dir='ltr'><strong><em>Idem.</em></strong></span> 
     </span>
    </p>

    <p class='ocr_par' dir='ltr' id='par_1_9' title="bbox 276 1068 973 1150">
     <span class='ocr_line' id='line_1_17' title="bbox 316 1068 973 1110; baseline 0.003 -10"><span class='ocrx_word' id='word_1_60' title='bbox 316 1071 381 1100; x_wconf 82' lang='grc'>424</span> <span class='ocrx_word' id='word_1_61' title='bbox 403 1069 449 1100; x_wconf 83' lang='lat' dir='ltr'><strong>Et</strong></span> <span class='ocrx_word' id='word_1_62' title='bbox 469 1068 565 1110; x_wconf 82' lang='lat' dir='ltr'><strong>mala]</strong></span> <span class='ocrx_word' id='word_1_63' title='bbox 587 1068 629 1100; x_wconf 90' lang='lat' dir='ltr'><strong>Id</strong></span> <span class='ocrx_word' id='word_1_64' title='bbox 659 1072 726 1110; x_wconf 90' lang='lat' dir='ltr'><strong>est,</strong></span> <span class='ocrx_word' id='word_1_65' title='bbox 746 1078 816 1101; x_wconf 88' lang='lat' dir='ltr'><strong>non</strong></span> <span class='ocrx_word' id='word_1_66' title='bbox 844 1069 973 1102; x_wconf 84' lang='lat' dir='ltr'><strong>similis.</strong></span> 
     </span>
     <span class='ocr_line' id='line_1_18' title="bbox 276 1119 377 1150; baseline 0.01 -2"><span class='ocrx_word' id='word_1_67' title='bbox 276 1119 377 1150; x_wconf 89' lang='lat' dir='ltr'><strong><em>Idem.</em></strong></span> 
     </span>
    </p>

    <p class='ocr_par' dir='ltr' id='par_1_10' title="bbox 274 1167 974 1299">
     <span class='ocr_line' id='line_1_19' title="bbox 317 1167 974 1209; baseline 0.003 -11"><span class='ocrx_word' id='word_1_68' title='bbox 317 1169 379 1198; x_wconf 83' lang='grc'><strong>425</strong></span> <span class='ocrx_word' id='word_1_69' title='bbox 404 1167 472 1198; x_wconf 81' lang='lat' dir='ltr'><strong>Nec</strong></span> <span class='ocrx_word' id='word_1_70' title='bbox 499 1171 585 1199; x_wconf 83' lang='lat' dir='ltr'><strong>caret</strong></span> <span class='ocrx_word' id='word_1_71' title='bbox 606 1167 730 1209; x_wconf 80' lang='lat' dir='ltr'><strong>umbra]</strong></span> <span class='ocrx_word' id='word_1_72' title='bbox 760 1169 869 1202; x_wconf 85' lang='lat' dir='ltr'><strong>Quasi</strong></span> <span class='ocrx_word' id='word_1_73' title='bbox 892 1169 974 1201; x_wconf 82' lang='lat' dir='ltr'><strong>alios</strong></span> 
     </span>
     <span class='ocr_line' id='line_1_20' title="bbox 274 1217 974 1259; baseline 0.004 -11"><span class='ocrx_word' id='word_1_74' title='bbox 274 1226 407 1259; x_wconf 88' lang='lat' dir='ltr'><strong>quoque</strong></span> <span class='ocrx_word' id='word_1_75' title='bbox 424 1218 521 1249; x_wconf 83' lang='lat' dir='ltr'><strong>Deos</strong></span> <span class='ocrx_word' id='word_1_76' title='bbox 548 1217 670 1250; x_wconf 83' lang='lat' dir='ltr'><strong>habeat</strong></span> <span class='ocrx_word' id='word_1_77' title='bbox 685 1224 914 1252; x_wconf 84' lang='lat' dir='ltr'><strong>consecratos.</strong></span> <span class='ocrx_word' id='word_1_78' title='bbox 939 1220 974 1251; x_wconf 92' lang='lat' dir='ltr'><strong>I·</strong></span> 
     </span>
     <span class='ocr_line' id='line_1_21' title="bbox 274 1268 356 1299; baseline 0.012 -1"><span class='ocrx_word' id='word_1_79' title='bbox 274 1268 356 1299; x_wconf 87' lang='lat' dir='ltr'><strong>dem.</strong></span> 
     </span>
    </p>

    <p class='ocr_par' dir='ltr' id='par_1_11' title="bbox 274 1317 975 1459">
     <span class='ocr_line' id='line_1_22' title="bbox 316 1317 974 1359; baseline 0 -10"><span class='ocrx_word' id='word_1_80' title='bbox 316 1320 381 1349; x_wconf 87' lang='grc'><strong>427</strong></span> <span class='ocrx_word' id='word_1_81' title='bbox 409 1317 570 1359; x_wconf 86' lang='lat' dir='ltr'><strong>Effictam]</strong></span> <span class='ocrx_word' id='word_1_82' title='bbox 594 1317 784 1358; x_wconf 89' lang='lat' dir='ltr'><strong>Sculptam,</strong></span> <span class='ocrx_word' id='word_1_83' title='bbox 813 1318 908 1359; x_wconf 88' lang='lat' dir='ltr'><strong>qnasi</strong></span> <span class='ocrx_word' id='word_1_84' title='bbox 938 1318 974 1349; x_wconf 87' lang='lat' dir='ltr'><strong>in</strong></span> 
     </span>
     <span class='ocr_line' id='line_1_23' title="bbox 275 1367 975 1408; baseline 0.001 -9"><span class='ocrx_word' id='word_1_85' title='bbox 275 1368 428 1400; x_wconf 85' lang='lat' dir='ltr'><strong>omnibus</strong></span> <span class='ocrx_word' id='word_1_86' title='bbox 452 1367 630 1398; x_wconf 82' lang='lat' dir='ltr'><strong>arboribus</strong></span> <span class='ocrx_word' id='word_1_87' title='bbox 659 1367 770 1408; x_wconf 84' lang='lat' dir='ltr'><strong>imago</strong></span> <span class='ocrx_word' id='word_1_88' title='bbox 793 1367 867 1408; x_wconf 82' lang='lat' dir='ltr'><strong>ejus</strong></span> <span class='ocrx_word' id='word_1_89' title='bbox 885 1373 975 1400; x_wconf 81' lang='lat' dir='ltr'><strong>esset</strong></span> 
     </span>
     <span class='ocr_line' id='line_1_24' title="bbox 274 1418 576 1459; baseline -0.01 -8"><span class='ocrx_word' id='word_1_90' title='bbox 274 1419 454 1459; x_wconf 85' lang='lat' dir='ltr'><strong>insculpta.</strong></span> <span class='ocrx_word' id='word_1_91' title='bbox 478 1418 576 1449; x_wconf 83' lang='lat' dir='ltr'><strong><em>Idem.</em></strong></span> 
     </span>
    </p>

    <p class='ocr_par' dir='ltr' id='par_1_12' title="bbox 274 1466 975 1700">
     <span class='ocr_line' id='line_1_25' title="bbox 317 1466 974 1508; baseline -0.002 -8"><span class='ocrx_word' id='word_1_92' title='bbox 317 1471 382 1500; x_wconf 87' lang='grc'><strong>428</strong></span> <span class='ocrx_word' id='word_1_93' title='bbox 404 1468 510 1506; x_wconf 79' lang='lat' dir='ltr'><strong>Hujus</strong></span> <span class='ocrx_word' id='word_1_94' title='bbox 530 1466 710 1508; x_wconf 68' lang='lat' dir='ltr'><strong>inaspectae]</strong></span> <span class='ocrx_word' id='word_1_95' title='bbox 734 1467 855 1499; x_wconf 91' lang='lat' dir='ltr'><strong>Omnis</strong></span> <span class='ocrx_word' id='word_1_96' title='bbox 877 1468 974 1499; x_wconf 86' lang='lat' dir='ltr'><strong>lucus</strong></span> 
     </span>
     <span class='ocr_line' id='line_1_26' title="bbox 275 1520 974 1559; baseline -0.001 -9"><span class='ocrx_word' id='word_1_97' title='bbox 275 1520 399 1551; x_wconf 88' lang='lat' dir='ltr'><strong>Dianae</strong></span> <span class='ocrx_word' id='word_1_98' title='bbox 428 1523 482 1550; x_wconf 91' lang='lat' dir='ltr'><strong>est</strong></span> <span class='ocrx_word' id='word_1_99' title='bbox 511 1522 742 1557; x_wconf 81' lang='lat' dir='ltr'><strong>consecratus,</strong></span> <span class='ocrx_word' id='word_1_100' title='bbox 765 1522 804 1549; x_wconf 85' lang='lat' dir='ltr'><strong>ut</strong></span> <span class='ocrx_word' id='word_1_101' title='bbox 827 1527 974 1559; x_wconf 83' lang='lat' dir='ltr'><strong>quercus</strong></span> 
     </span>
     <span class='ocr_line' id='line_1_27' title="bbox 274 1567 974 1608; baseline -0.006 -7"><span class='ocrx_word' id='word_1_102' title='bbox 274 1569 365 1602; x_wconf 81' lang='lat' dir='ltr'><strong>Jovi.</strong></span> <span class='ocrx_word' id='word_1_103' title='bbox 389 1568 489 1599; x_wconf 79' lang='lat' dir='ltr'><strong><em>Idem.</em></strong></span> <span class='ocrx_word' id='word_1_104' title='bbox 534 1567 679 1598; x_wconf 73' lang='lat' dir='ltr'><strong>Str-idere</strong></span> <span class='ocrx_word' id='word_1_105' title='bbox 692 1567 836 1608; x_wconf 66' lang='lat' dir='ltr'><strong>sagittae]</strong></span> <span class='ocrx_word' id='word_1_106' title='bbox 858 1567 908 1598; x_wconf 91' lang='lat' dir='ltr'><strong>Ut</strong></span> <span class='ocrx_word' id='word_1_107' title='bbox 922 1577 974 1598; x_wconf 88' lang='lat' dir='ltr'><strong>so-</strong></span> 
     </span>
     <span class='ocr_line' id='line_1_28' title="bbox 275 1610 975 1657; baseline -0.001 -6"><span class='ocrx_word' id='word_1_108' title='bbox 275 1629 338 1651; x_wconf 85' lang='lat' dir='ltr'><strong>nus</strong></span> <span class='ocrx_word' id='word_1_109' title='bbox 369 1623 501 1652; x_wconf 87' lang='lat' dir='ltr'><strong>tantum</strong></span> <span class='ocrx_word' id='word_1_110' title='bbox 533 1620 590 1657; x_wconf 87' lang='lat' dir='ltr'><strong>sit,</strong></span> <span class='ocrx_word' id='word_1_111' title='bbox 618 1619 709 1650; x_wconf 80' lang='lat' dir='ltr'><strong>visus</strong></span> <span class='ocrx_word' id='word_1_112' title='bbox 740 1610 828 1649; x_wconf 61' lang='lat' dir='ltr'><strong>vero&#39;</strong></span> <span class='ocrx_word' id='word_1_113' title='bbox 851 1619 975 1650; x_wconf 85' lang='lat' dir='ltr'><strong>nullus.</strong></span> 
     </span>
     <span class='ocr_line' id='line_1_29' title="bbox 275 1669 376 1700; baseline 0.01 -1"><span class='ocrx_word' id='word_1_114' title='bbox 275 1669 376 1700; x_wconf 85' lang='lat' dir='ltr'><strong><em>Idem.</em></strong></span> 
     </span>
    </p>

    <p class='ocr_par' dir='ltr' id='par_1_13' title="bbox 275 1717 976 2051">
     <span class='ocr_line' id='line_1_30' title="bbox 317 1717 975 1759; baseline -0.005 -8"><span class='ocrx_word' id='word_1_115' title='bbox 317 1722 382 1751; x_wconf 79' lang='grc'><strong>429</strong></span> <span class='ocrx_word' id='word_1_116' title='bbox 405 1718 621 1759; x_wconf 67' lang='lat' dir='ltr'><strong>Not-carnique</strong></span> <span class='ocrx_word' id='word_1_117' title='bbox 650 1717 756 1758; x_wconf 83' lang='lat' dir='ltr'><strong>canes]</strong></span> <span class='ocrx_word' id='word_1_118' title='bbox 790 1718 839 1749; x_wconf 91' lang='lat' dir='ltr'><strong>Ut</strong></span> <span class='ocrx_word' id='word_1_119' title='bbox 864 1717 975 1757; x_wconf 77' lang='lat' dir='ltr'><strong>solent</strong></span> 
     </span>
     <span class='ocr_line' id='line_1_31' title="bbox 276 1766 976 1810; baseline -0.004 -9"><span class='ocrx_word' id='word_1_120' title='bbox 276 1770 412 1802; x_wconf 82' lang='lat' dir='ltr'><strong>Hecate</strong></span> <span class='ocrx_word' id='word_1_121' title='bbox 443 1773 628 1810; x_wconf 80' lang='lat' dir='ltr'><strong>praesente.</strong></span> <span class='ocrx_word' id='word_1_122' title='bbox 672 1768 760 1799; x_wconf 88' lang='lat' dir='ltr'><strong>Nam</strong></span> <span class='ocrx_word' id='word_1_123' title='bbox 790 1766 976 1798; x_wconf 77' lang='lat' dir='ltr'><strong>formidant</strong></span> 
     </span>
     <span class='ocr_line' id='line_1_32' title="bbox 275 1817 974 1858; baseline -0.003 -8"><span class='ocrx_word' id='word_1_124' title='bbox 275 1823 503 1850; x_wconf 87' lang='lat' dir='ltr'><strong>monstrosum</strong></span> <span class='ocrx_word' id='word_1_125' title='bbox 536 1818 748 1849; x_wconf 83' lang='lat' dir='ltr'><strong>Daemonem.</strong></span> <span class='ocrx_word' id='word_1_126' title='bbox 777 1817 872 1858; x_wconf 82' lang='lat' dir='ltr'><strong>Virg.</strong></span> <span class='ocrx_word' id='word_1_127' title='bbox 899 1817 974 1848; x_wconf 88' lang='lat' dir='ltr'><strong>AEn.</strong></span> 
     </span>
     <span class='ocr_line' id='line_1_33' title="bbox 276 1867 975 1908; baseline -0.004 -8"><span class='ocrx_word' id='word_1_128' title='bbox 276 1878 327 1900; x_wconf 78' lang='lat' dir='ltr'><strong>vr.</strong></span> <span class='ocrx_word' id='word_1_129' title='bbox 350 1869 360 1886; x_wconf 89' lang='lat'>‘</span> <span class='ocrx_word' id='word_1_130' title='bbox 373 1868 535 1908; x_wconf 87' lang='lat' dir='ltr'><strong>Visaeque</strong></span> <span class='ocrx_word' id='word_1_131' title='bbox 551 1876 655 1898; x_wconf 86' lang='lat' dir='ltr'><strong>canes</strong></span> <span class='ocrx_word' id='word_1_132' title='bbox 676 1867 806 1898; x_wconf 89' lang='lat' dir='ltr'><strong>ululare</strong></span> <span class='ocrx_word' id='word_1_133' title='bbox 828 1876 890 1906; x_wconf 89' lang='lat' dir='ltr'><strong>per</strong></span> <span class='ocrx_word' id='word_1_134' title='bbox 904 1876 975 1898; x_wconf 92' lang='lat' dir='ltr'><strong>um-</strong></span> 
     </span>
     <span class='ocr_line' id='line_1_34' title="bbox 275 1916 976 1951; baseline -0.003 0"><span class='ocrx_word' id='word_1_135' title='bbox 275 1919 370 1951; x_wconf 84' lang='lat' dir='ltr'><strong>bram</strong></span> <span class='ocrx_word' id='word_1_136' title='bbox 393 1918 615 1949; x_wconf 85' lang='lat' dir='ltr'><strong>Adventante</strong></span> <span class='ocrx_word' id='word_1_137' title='bbox 630 1916 728 1948; x_wconf 70' lang='lat' dir='ltr'><strong>Dea:</strong></span> <span class='ocrx_word' id='word_1_138' title='bbox 770 1916 902 1948; x_wconf 84' lang='lat' dir='ltr'><strong><em>Seneca</em></strong></span> <span class='ocrx_word' id='word_1_139' title='bbox 917 1917 976 1949; x_wconf 92' lang='lat' dir='ltr'><strong>OE-</strong></span> 
     </span>
     <span class='ocr_line' id='line_1_35' title="bbox 275 1965 976 2010; baseline -0.003 -10"><span class='ocrx_word' id='word_1_140' title='bbox 275 1969 358 2010; x_wconf 85' lang='lat' dir='ltr'><strong>dipo</strong></span> <span class='ocrx_word' id='word_1_141' title='bbox 380 1980 388 1999; x_wconf 92' lang='lat'><strong>:</strong></span> <span class='ocrx_word' id='word_1_142' title='bbox 435 1970 446 1986; x_wconf 80' lang='lat'><strong><em>⁴</em></strong></span> <span class='ocrx_word' id='word_1_143' title='bbox 468 1967 624 1999; x_wconf 89' lang='lat' dir='ltr'><strong>Latravit</strong></span> <span class='ocrx_word' id='word_1_144' title='bbox 659 1967 814 1998; x_wconf 82' lang='lat' dir='ltr'><strong>Hecates</strong></span> <span class='ocrx_word' id='word_1_145' title='bbox 852 1965 976 1999; x_wconf 61' lang='lat' dir='ltr'><strong>turba?</strong></span> 
     </span>
     <span class='ocr_line' id='line_1_36' title="bbox 276 2019 394 2051; baseline 0 -1"><span class='ocrx_word' id='word_1_146' title='bbox 276 2019 394 2051; x_wconf 82' lang='lat' dir='ltr'><strong>Barth.</strong></span> 
     </span>
    </p>

    <p class='ocr_par' dir='ltr' id='par_1_14' title="bbox 275 2067 977 2399">
     <span class='ocr_line' id='line_1_37' title="bbox 317 2067 975 2110; baseline -0.005 -9"><span class='ocrx_word' id='word_1_147' title='bbox 317 2072 381 2101; x_wconf 80' lang='lat'><strong>430</strong></span> <span class='ocrx_word' id='word_1_148' title='bbox 400 2068 542 2110; x_wconf 77' lang='lat' dir='ltr'><strong>Effugit]</strong></span> <span class='ocrx_word' id='word_1_149' title='bbox 557 2069 651 2099; x_wconf 83' lang='lat' dir='ltr'><strong>Luna</strong></span> <span class='ocrx_word' id='word_1_150' title='bbox 663 2077 740 2098; x_wconf 88' lang='lat' dir='ltr'><strong>cum</strong></span> <span class='ocrx_word' id='word_1_151' title='bbox 756 2067 893 2099; x_wconf 86' lang='lat' dir='ltr'><strong>dimidia</strong></span> <span class='ocrx_word' id='word_1_152' title='bbox 908 2071 975 2108; x_wconf 87' lang='lat' dir='ltr'><strong>est,</strong></span> 
     </span>
     <span class='ocr_line' id='line_1_38' title="bbox 277 2116 975 2159; baseline -0.004 -9"><span class='ocrx_word' id='word_1_153' title='bbox 277 2123 336 2150; x_wconf 87' lang='lat' dir='ltr'><strong>aut</strong></span> <span class='ocrx_word' id='word_1_154' title='bbox 352 2119 454 2159; x_wconf 86' lang='lat' dir='ltr'><strong>plena</strong></span> <span class='ocrx_word' id='word_1_155' title='bbox 471 2127 538 2149; x_wconf 90' lang='lat' dir='ltr'><strong>non</strong></span> <span class='ocrx_word' id='word_1_156' title='bbox 566 2121 631 2156; x_wconf 89' lang='lat' dir='ltr'><strong>est,</strong></span> <span class='ocrx_word' id='word_1_157' title='bbox 656 2116 783 2148; x_wconf 86' lang='lat' dir='ltr'><strong>dicitur</strong></span> <span class='ocrx_word' id='word_1_158' title='bbox 809 2117 975 2157; x_wconf 82' lang='lat' dir='ltr'><strong>apudiu-</strong></span> 
     </span>
     <span class='ocr_line' id='line_1_39' title="bbox 276 2166 977 2208; baseline -0.001 -9"><span class='ocrx_word' id='word_1_159' title='bbox 276 2167 369 2200; x_wconf 83' lang='lat' dir='ltr'><strong>feros</strong></span> <span class='ocrx_word' id='word_1_160' title='bbox 385 2168 525 2208; x_wconf 87' lang='lat' dir='ltr'><strong><em>degere,</em></strong></span> <span class='ocrx_word' id='word_1_161' title='bbox 547 2172 584 2198; x_wconf 90' lang='lat' dir='ltr'><strong>et</strong></span> <span class='ocrx_word' id='word_1_162' title='bbox 604 2166 813 2207; x_wconf 86' lang='lat' dir='ltr'><strong>Proserpina</strong></span> <span class='ocrx_word' id='word_1_163' title='bbox 828 2167 977 2208; x_wconf 89' lang='lat' dir='ltr'><strong>compel-</strong></span> 
     </span>
     <span class='ocr_line' id='line_1_40' title="bbox 275 2216 976 2260; baseline -0.003 -11"><span class='ocrx_word' id='word_1_164' title='bbox 275 2218 349 2250; x_wconf 86' lang='lat' dir='ltr'><strong>lari.</strong></span> <span class='ocrx_word' id='word_1_165' title='bbox 394 2218 480 2249; x_wconf 87' lang='lat' dir='ltr'><strong>Cum</strong></span> <span class='ocrx_word' id='word_1_166' title='bbox 496 2220 606 2249; x_wconf 91' lang='lat' dir='ltr'><strong>totum</strong></span> <span class='ocrx_word' id='word_1_167' title='bbox 628 2216 745 2248; x_wconf 88' lang='lat' dir='ltr'><strong>orbem</strong></span> <span class='ocrx_word' id='word_1_168' title='bbox 761 2216 876 2260; x_wconf 75' lang='lat' dir='ltr'><strong>habet,</strong></span> <span class='ocrx_word' id='word_1_169' title='bbox 892 2216 976 2248; x_wconf 86' lang='lat' dir='ltr'><strong>dici-</strong></span> 
     </span>
     <span class='ocr_line' id='line_1_41' title="bbox 278 2267 976 2309; baseline -0.003 -9"><span class='ocrx_word' id='word_1_170' title='bbox 278 2273 332 2300; x_wconf 89' lang='lat' dir='ltr'><strong>tur</strong></span> <span class='ocrx_word' id='word_1_171' title='bbox 346 2267 437 2309; x_wconf 85' lang='lat' dir='ltr'><strong>apud</strong></span> <span class='ocrx_word' id='word_1_172' title='bbox 456 2277 598 2309; x_wconf 87' lang='lat' dir='ltr'><strong>superos</strong></span> <span class='ocrx_word' id='word_1_173' title='bbox 613 2276 699 2308; x_wconf 89' lang='lat' dir='ltr'><strong>esse,</strong></span> <span class='ocrx_word' id='word_1_174' title='bbox 714 2271 750 2298; x_wconf 88' lang='lat' dir='ltr'><strong>et</strong></span> <span class='ocrx_word' id='word_1_175' title='bbox 766 2267 875 2299; x_wconf 85' lang='lat' dir='ltr'><strong>Diana</strong></span> <span class='ocrx_word' id='word_1_176' title='bbox 891 2267 976 2299; x_wconf 89' lang='lat' dir='ltr'><strong>dici-</strong></span> 
     </span>
     <span class='ocr_line' id='line_1_42' title="bbox 278 2317 976 2359; baseline -0.001 -10"><span class='ocrx_word' id='word_1_177' title='bbox 278 2322 332 2349; x_wconf 88' lang='lat' dir='ltr'><strong>tnr</strong></span> <span class='ocrx_word' id='word_1_178' title='bbox 348 2329 359 2357; x_wconf 84' lang='lat'>3</span> <span class='ocrx_word' id='word_1_179' title='bbox 385 2327 462 2349; x_wconf 88' lang='lat' dir='ltr'><strong>cum</strong></span> <span class='ocrx_word' id='word_1_180' title='bbox 486 2318 528 2349; x_wconf 81' lang='lat' dir='ltr'><strong>ad</strong></span> <span class='ocrx_word' id='word_1_181' title='bbox 545 2317 678 2359; x_wconf 84' lang='lat' dir='ltr'><strong>magica</strong></span> <span class='ocrx_word' id='word_1_182' title='bbox 693 2318 880 2358; x_wconf 83' lang='lat' dir='ltr'><strong>excitatur,</strong></span> <span class='ocrx_word' id='word_1_183' title='bbox 903 2317 976 2349; x_wconf 89' lang='lat' dir='ltr'><strong>He-</strong></span> 
     </span>
     <span class='ocr_line' id='line_1_43' title="bbox 276 2368 714 2399; baseline 0 0"><span class='ocrx_word' id='word_1_184' title='bbox 276 2372 354 2399; x_wconf 88' lang='lat' dir='ltr'><strong>cate</strong></span> <span class='ocrx_word' id='word_1_185' title='bbox 368 2373 523 2399; x_wconf 85' lang='lat' dir='ltr'><strong>vocatur.</strong></span> <span class='ocrx_word' id='word_1_186' title='bbox 547 2368 714 2399; x_wconf 76' lang='lat' dir='ltr'><strong>Scholiast.</strong></span> 
     </span>
    </p>

    <p class='ocr_par' dir='ltr' id='par_1_15' title="bbox 274 2417 977 2548">
     <span class='ocr_line' id='line_1_44' title="bbox 317 2417 977 2459; baseline 0 -11"><span class='ocrx_word' id='word_1_187' title='bbox 317 2419 383 2448; x_wconf 80' lang='grc'><strong>434</strong></span> <span class='ocrx_word' id='word_1_188' title='bbox 417 2418 558 2448; x_wconf 82' lang='lat' dir='ltr'><strong>Immane</strong></span> <span class='ocrx_word' id='word_1_189' title='bbox 583 2421 697 2459; x_wconf 78' lang='lat' dir='ltr'><strong>patens</strong></span> <span class='ocrx_word' id='word_1_190' title='bbox 724 2417 832 2457; x_wconf 79' lang='lat' dir='ltr'><strong>tellus]</strong></span> <span class='ocrx_word' id='word_1_191' title='bbox 867 2418 977 2448; x_wconf 85' lang='lat' dir='ltr'><strong>Extra</strong></span> 
     </span>
     <span class='ocr_line' id='line_1_45' title="bbox 274 2467 975 2509; baseline 0.003 -11"><span class='ocrx_word' id='word_1_192' title='bbox 274 2467 386 2507; x_wconf 85' lang='lat' dir='ltr'><strong>ipsum</strong></span> <span class='ocrx_word' id='word_1_193' title='bbox 401 2468 514 2499; x_wconf 88' lang='lat' dir='ltr'><strong>lucum</strong></span> <span class='ocrx_word' id='word_1_194' title='bbox 526 2477 667 2509; x_wconf 89' lang='lat' dir='ltr'><strong>campus</strong></span> <span class='ocrx_word' id='word_1_195' title='bbox 680 2470 750 2500; x_wconf 89' lang='lat' dir='ltr'><strong>late</strong></span> <span class='ocrx_word' id='word_1_196' title='bbox 761 2468 975 2501; x_wconf 83' lang='lat' dir='ltr'><strong>diffunditur.</strong></span> 
     </span>
     <span class='ocr_line' id='line_1_46' title="bbox 276 2517 375 2548; baseline 0 0"><span class='ocrx_word' id='word_1_197' title='bbox 276 2517 375 2548; x_wconf 87' lang='lat' dir='ltr'><strong><em>Idem.</em></strong></span> 
     </span>
    </p>

    <p class='ocr_par' dir='ltr' id='par_1_16' title="bbox 275 2567 977 2699">
     <span class='ocr_line' id='line_1_47' title="bbox 318 2567 977 2609; baseline 0.002 -12"><span class='ocrx_word' id='word_1_198' title='bbox 318 2569 380 2597; x_wconf 81' lang='lat'><strong>435</strong></span> <span class='ocrx_word' id='word_1_199' title='bbox 407 2567 474 2602; x_wconf 80' lang='lat' dir='ltr'><strong>Qui</strong></span> <span class='ocrx_word' id='word_1_200' title='bbox 507 2577 628 2600; x_wconf 83' lang='lat' dir='ltr'><strong>vomere</strong></span> <span class='ocrx_word' id='word_1_201' title='bbox 661 2567 777 2609; x_wconf 76' lang='lat' dir='ltr'><strong>primo]</strong></span> <span class='ocrx_word' id='word_1_202' title='bbox 814 2568 977 2609; x_wconf 82' lang='lat' dir='ltr'><strong>Quisquis</strong></span> 
     </span>
     <span class='ocr_line' id='line_1_48' title="bbox 275 2614 977 2657; baseline 0.006 -12"><span class='ocrx_word' id='word_1_203' title='bbox 275 2614 364 2646; x_wconf 82' lang='lat' dir='ltr'><strong>hunc</strong></span> <span class='ocrx_word' id='word_1_204' title='bbox 387 2617 496 2656; x_wconf 88' lang='lat' dir='ltr'><strong>primo</strong></span> <span class='ocrx_word' id='word_1_205' title='bbox 519 2617 638 2648; x_wconf 90' lang='lat' dir='ltr'><strong>aravit.</strong></span> <span class='ocrx_word' id='word_1_206' title='bbox 682 2618 723 2648; x_wconf 92' lang='lat' dir='ltr'><strong>Id</strong></span> <span class='ocrx_word' id='word_1_207' title='bbox 748 2622 814 2657; x_wconf 91' lang='lat' dir='ltr'><strong>est,</strong></span> <span class='ocrx_word' id='word_1_208' title='bbox 831 2618 977 2649; x_wconf 87' lang='lat' dir='ltr'><strong>Cadmus</strong></span> 
     </span>
     <span class='ocr_line' id='line_1_49' title="bbox 277 2665 840 2699; baseline 0.005 -3"><span class='ocrx_word' id='word_1_209' title='bbox 277 2665 357 2696; x_wconf 85' lang='lat' dir='ltr'><strong>satis</strong></span> <span class='ocrx_word' id='word_1_210' title='bbox 373 2665 530 2697; x_wconf 82' lang='lat' dir='ltr'><strong>draconis</strong></span> <span class='ocrx_word' id='word_1_211' title='bbox 546 2666 717 2697; x_wconf 84' lang='lat' dir='ltr'><strong>dentibus.</strong></span> <span class='ocrx_word' id='word_1_212' title='bbox 741 2667 840 2699; x_wconf 86' lang='lat' dir='ltr'><strong><em>Idem.</em></strong></span> 
     </span>
    </p>

    <p class='ocr_par' dir='ltr' id='par_1_17' title="bbox 279 2716 978 2807">
     <span class='ocr_line' id='line_1_50' title="bbox 318 2716 978 2755; baseline 0.003 -9"><span class='ocrx_word' id='word_1_213' title='bbox 318 2717 382 2746; x_wconf 80' lang='grc'>438</span> <span class='ocrx_word' id='word_1_214' title='bbox 409 2716 504 2746; x_wconf 85' lang='lat' dir='ltr'><strong>Terra</strong></span> <span class='ocrx_word' id='word_1_215' title='bbox 518 2716 682 2755; x_wconf 77' lang='lat' dir='ltr'><strong>tumultus]</strong></span> <span class='ocrx_word' id='word_1_216' title='bbox 698 2716 880 2748; x_wconf 84' lang='lat' dir='ltr'><strong>Tumultus</strong></span> <span class='ocrx_word' id='word_1_217' title='bbox 891 2716 978 2748; x_wconf 86' lang='lat' dir='ltr'><strong>dicit</strong></span> 
     </span>
     <span class='ocr_line' id='line_1_51' title="bbox 279 2764 976 2807; baseline 0.003 -11"><span class='ocrx_word' id='word_1_218' title='bbox 279 2764 414 2797; x_wconf 79' lang='lat' dir='ltr'><strong>illarum</strong></span> <span class='ocrx_word' id='word_1_219' title='bbox 443 2766 640 2802; x_wconf 87' lang='lat' dir='ltr'><strong>animarum,</strong></span> <span class='ocrx_word' id='word_1_220' title='bbox 670 2776 745 2807; x_wconf 83' lang='lat' dir='ltr'><strong>quae</strong></span> <span class='ocrx_word' id='word_1_221' title='bbox 774 2775 811 2798; x_wconf 89' lang='lat' dir='ltr'><strong>se</strong></span> <span class='ocrx_word' id='word_1_222' title='bbox 841 2767 976 2799; x_wconf 85' lang='lat' dir='ltr'><strong>occide-</strong></span> 
     </span>
    </p>
   </div>
   <div class='ocr_carea' id='block_1_3' title="bbox 725 209 1252 256">
    <p class='ocr_par' dir='ltr' id='par_1_18' title="bbox 725 209 1252 256">
     <span class='ocr_line' id='line_1_52' title="bbox 725 209 1252 256; baseline 0 0"><span class='ocrx_word' id='word_1_223' title='bbox 725 209 868 256; x_wconf 76' lang='lat' dir='ltr'><strong>NOTAE</strong></span> <span class='ocrx_word' id='word_1_224' title='bbox 900 223 1165 256; x_wconf 65' lang='lat' dir='ltr'><strong>unionum</strong></span> <span class='ocrx_word' id='word_1_225' title='bbox 1200 224 1252 256; x_wconf 74' lang='lat' dir='ltr'><strong>m</strong></span> 
     </span>
    </p>
   </div>
   <div class='ocr_carea' id='block_1_4' title="bbox 1021 317 1722 1011">
    <p class='ocr_par' dir='ltr' id='par_1_19' title="bbox 1021 317 1722 1011">
     <span class='ocr_line' id='line_1_53' title="bbox 1022 317 1718 360; baseline 0.004 -10"><span class='ocrx_word' id='word_1_226' title='bbox 1022 322 1122 352; x_wconf 86' lang='lat' dir='ltr'><strong>runt:</strong></span> <span class='ocrx_word' id='word_1_227' title='bbox 1147 318 1180 350; x_wconf 88' lang='lat' dir='ltr'><strong>id</strong></span> <span class='ocrx_word' id='word_1_228' title='bbox 1195 322 1260 358; x_wconf 87' lang='lat' dir='ltr'><strong>est,</strong></span> <span class='ocrx_word' id='word_1_229' title='bbox 1274 317 1417 350; x_wconf 81' lang='lat' dir='ltr'><strong>aratoris</strong></span> <span class='ocrx_word' id='word_1_230' title='bbox 1431 317 1718 360; x_wconf 46' lang='lat' dir='ltr'><strong>proscissione*</strong></span> 
     </span>
     <span class='ocr_line' id='line_1_54' title="bbox 1022 367 1711 409; baseline 0.001 -10"><span class='ocrx_word' id='word_1_231' title='bbox 1022 367 1200 409; x_wconf 77' lang='lat' dir='ltr'><strong>dignantes</strong></span> <span class='ocrx_word' id='word_1_232' title='bbox 1214 373 1366 408; x_wconf 84' lang='lat' dir='ltr'><strong>pugnant</strong></span> <span class='ocrx_word' id='word_1_233' title='bbox 1381 367 1472 399; x_wconf 90' lang='lat' dir='ltr'><strong>inter</strong></span> <span class='ocrx_word' id='word_1_234' title='bbox 1485 377 1533 400; x_wconf 82' lang='lat' dir='ltr'><strong>se.</strong></span> <span class='ocrx_word' id='word_1_235' title='bbox 1543 367 1654 401; x_wconf 65' lang='lat' dir='ltr'><strong><em>Idem.</em></strong></span> <span class='ocrx_word' id='word_1_236' title='bbox 1702 367 1711 388; x_wconf 64' lang='lat'><strong>“-</strong></span> 
     </span>
     <span class='ocr_line' id='line_1_55' title="bbox 1063 415 1716 459; baseline 0.003 -10"><span class='ocrx_word' id='word_1_237' title='bbox 1063 421 1129 450; x_wconf 76' lang='grc'>439</span> <span class='ocrx_word' id='word_1_238' title='bbox 1150 417 1280 459; x_wconf 82' lang='lat' dir='ltr'><strong>Solaque</strong></span> <span class='ocrx_word' id='word_1_239' title='bbox 1304 416 1405 458; x_wconf 79' lang='lat' dir='ltr'><strong>nocte]</strong></span> <span class='ocrx_word' id='word_1_240' title='bbox 1430 417 1471 449; x_wconf 88' lang='lat' dir='ltr'><strong>In</strong></span> <span class='ocrx_word' id='word_1_241' title='bbox 1487 426 1554 459; x_wconf 81' lang='lat' dir='ltr'><strong>qua</strong></span> <span class='ocrx_word' id='word_1_242' title='bbox 1569 415 1716 451; x_wconf 69' lang='lat' dir='ltr'><strong>solitudo</strong></span> 
     </span>
     <span class='ocr_line' id='line_1_56' title="bbox 1022 469 1209 501; baseline 0 -1"><span class='ocrx_word' id='word_1_243' title='bbox 1022 474 1085 501; x_wconf 87' lang='lat' dir='ltr'><strong>est.</strong></span> <span class='ocrx_word' id='word_1_244' title='bbox 1109 469 1209 501; x_wconf 83' lang='lat' dir='ltr'><strong><em>Idem.</em></strong></span> 
     </span>
     <span class='ocr_line' id='line_1_57' title="bbox 1027 517 1719 559; baseline 0.001 -8"><span class='ocrx_word' id='word_1_245' title='bbox 1027 532 1030 535; x_wconf 50' lang='lat'>*</span> <span class='ocrx_word' id='word_1_246' title='bbox 1063 522 1127 552; x_wconf 85' lang='grc'><strong>444</strong></span> <span class='ocrx_word' id='word_1_247' title='bbox 1149 519 1289 559; x_wconf 73' lang='lat' dir='ltr'><strong>Pinguia</strong></span> <span class='ocrx_word' id='word_1_248' title='bbox 1315 517 1401 559; x_wconf 80' lang='lat' dir='ltr'><strong>tabo]</strong></span> <span class='ocrx_word' id='word_1_249' title='bbox 1434 518 1565 550; x_wconf 80' lang='lat' dir='ltr'><strong>Satiata</strong></span> <span class='ocrx_word' id='word_1_250' title='bbox 1581 526 1719 552; x_wconf 77' lang='lat' dir='ltr'><strong>cruore.</strong></span> 
     </span>
     <span class='ocr_line' id='line_1_58' title="bbox 1021 568 1716 611; baseline 0 -10"><span class='ocrx_word' id='word_1_251' title='bbox 1021 568 1238 602; x_wconf 85' lang='lat' dir='ltr'><strong>Describitur</strong></span> <span class='ocrx_word' id='word_1_252' title='bbox 1262 570 1369 609; x_wconf 86' lang='lat' dir='ltr'><strong>locus,</strong></span> <span class='ocrx_word' id='word_1_253' title='bbox 1391 569 1425 600; x_wconf 89' lang='lat' dir='ltr'><strong>in</strong></span> <span class='ocrx_word' id='word_1_254' title='bbox 1450 578 1516 611; x_wconf 86' lang='lat' dir='ltr'><strong>quo</strong></span> <span class='ocrx_word' id='word_1_255' title='bbox 1541 569 1614 601; x_wconf 77' lang='lat' dir='ltr'><strong>haec</strong></span> <span class='ocrx_word' id='word_1_256' title='bbox 1636 572 1716 601; x_wconf 54' lang='lat' dir='ltr'><strong>conffl-</strong></span> 
     </span>
     <span class='ocr_line' id='line_1_59' title="bbox 1022 616 1705 658; baseline 0.001 -8"><span class='ocrx_word' id='word_1_257' title='bbox 1022 618 1133 650; x_wconf 87' lang='lat' dir='ltr'><strong>tendit</strong></span> <span class='ocrx_word' id='word_1_258' title='bbox 1147 618 1359 658; x_wconf 86' lang='lat' dir='ltr'><strong>importunus</strong></span> <span class='ocrx_word' id='word_1_259' title='bbox 1375 616 1491 649; x_wconf 82' lang='lat' dir='ltr'><strong>inferis</strong></span> <span class='ocrx_word' id='word_1_260' title='bbox 1506 617 1625 650; x_wconf 85' lang='lat' dir='ltr'><strong>sacris.</strong></span> <span class='ocrx_word' id='word_1_261' title='bbox 1650 618 1705 651; x_wconf 78' lang='lat' dir='ltr'><strong>Id.</strong></span> 
     </span>
     <span class='ocr_line' id='line_1_60' title="bbox 1063 667 1719 708; baseline 0.003 -10"><span class='ocrx_word' id='word_1_262' title='bbox 1063 670 1127 700; x_wconf 89' lang='grc'><strong>448</strong></span> <span class='ocrx_word' id='word_1_263' title='bbox 1150 669 1304 708; x_wconf 78' lang='lat' dir='ltr'><strong>Stupuere</strong></span> <span class='ocrx_word' id='word_1_264' title='bbox 1330 667 1458 699; x_wconf 74' lang='lat' dir='ltr'><strong>silentia</strong></span> <span class='ocrx_word' id='word_1_265' title='bbox 1486 667 1596 708; x_wconf 77' lang='lat' dir='ltr'><strong>valles]</strong></span> <span class='ocrx_word' id='word_1_266' title='bbox 1630 667 1719 700; x_wconf 73' lang='lat' dir='ltr'><strong>Bac-</strong></span> 
     </span>
     <span class='ocr_line' id='line_1_61' title="bbox 1022 716 1721 749; baseline 0.003 -2"><span class='ocrx_word' id='word_1_267' title='bbox 1022 716 1158 748; x_wconf 83' lang='lat' dir='ltr'><strong>charum</strong></span> <span class='ocrx_word' id='word_1_268' title='bbox 1177 717 1314 748; x_wconf 89' lang='lat' dir='ltr'><strong>vocibus</strong></span> <span class='ocrx_word' id='word_1_269' title='bbox 1330 718 1489 749; x_wconf 67' lang='lat' dir='ltr'><strong>clamosae</strong></span> <span class='ocrx_word' id='word_1_270' title='bbox 1501 716 1721 749; x_wconf 62' lang='lat' dir='ltr'><strong>vallesuesti&#39;s</strong></span> 
     </span>
     <span class='ocr_line' id='line_1_62' title="bbox 1024 765 1722 808; baseline 0.001 -11"><span class='ocrx_word' id='word_1_271' title='bbox 1024 770 1107 798; x_wconf 83' lang='lat' dir='ltr'><strong>tutae</strong></span> <span class='ocrx_word' id='word_1_272' title='bbox 1137 766 1383 798; x_wconf 80' lang='lat' dir='ltr'><strong>immolatarum</strong></span> <span class='ocrx_word' id='word_1_273' title='bbox 1414 767 1584 808; x_wconf 85' lang='lat' dir='ltr'><strong>pecudum</strong></span> <span class='ocrx_word' id='word_1_274' title='bbox 1612 765 1722 808; x_wconf 73' lang='lat' dir='ltr'><strong>mugi·</strong></span> 
     </span>
     <span class='ocr_line' id='line_1_63' title="bbox 1024 815 1720 858; baseline 0 -10"><span class='ocrx_word' id='word_1_275' title='bbox 1024 817 1126 849; x_wconf 86' lang='lat' dir='ltr'><strong>tibus.</strong></span> <span class='ocrx_word' id='word_1_276' title='bbox 1169 818 1337 857; x_wconf 84' lang='lat' dir='ltr'><strong>Stupuere</strong></span> <span class='ocrx_word' id='word_1_277' title='bbox 1352 816 1438 848; x_wconf 85' lang='lat' dir='ltr'><strong>dicit</strong></span> <span class='ocrx_word' id='word_1_278' title='bbox 1458 815 1596 858; x_wconf 66' lang='lat' dir='ltr'><strong>poetica</strong></span> <span class='ocrx_word' id='word_1_279' title='bbox 1610 816 1720 858; x_wconf 72' lang='lat' dir='ltr'><strong>phu-2</strong></span> 
     </span>
     <span class='ocr_line' id='line_1_64' title="bbox 1023 866 1720 908; baseline 0 -9"><span class='ocrx_word' id='word_1_280' title='bbox 1023 867 1112 899; x_wconf 87' lang='lat' dir='ltr'><strong>tasia</strong></span> <span class='ocrx_word' id='word_1_281' title='bbox 1139 876 1271 898; x_wconf 89' lang='lat' dir='ltr'><strong>omnem</strong></span> <span class='ocrx_word' id='word_1_282' title='bbox 1306 875 1445 908; x_wconf 78' lang='lat' dir='ltr'><strong><em>gregem</em></strong></span> <span class='ocrx_word' id='word_1_283' title='bbox 1481 866 1516 898; x_wconf 85' lang='lat' dir='ltr'><strong>in</strong></span> <span class='ocrx_word' id='word_1_284' title='bbox 1552 866 1613 899; x_wconf 78' lang='lat' dir='ltr'><strong>illo</strong></span> <span class='ocrx_word' id='word_1_285' title='bbox 1640 867 1720 899; x_wconf 81' lang='lat' dir='ltr'><strong>luco</strong></span> 
     </span>
     <span class='ocr_line' id='line_1_65' title="bbox 1023 915 1720 958; baseline -0.001 -9"><span class='ocrx_word' id='word_1_286' title='bbox 1023 917 1242 952; x_wconf 78' lang='lat' dir='ltr'><strong>immolatum,</strong></span> <span class='ocrx_word' id='word_1_287' title='bbox 1267 926 1374 958; x_wconf 88' lang='lat' dir='ltr'><strong>usque</strong></span> <span class='ocrx_word' id='word_1_288' title='bbox 1401 916 1488 948; x_wconf 78' lang='lat' dir='ltr'><strong>adeo</strong></span> <span class='ocrx_word' id='word_1_289' title='bbox 1515 921 1556 949; x_wconf 83' lang='lat' dir='ltr'><strong>ut</strong></span> <span class='ocrx_word' id='word_1_290' title='bbox 1577 915 1654 948; x_wconf 78' lang='lat' dir='ltr'><strong>fons</strong></span> <span class='ocrx_word' id='word_1_291' title='bbox 1675 915 1720 949; x_wconf 77' lang='lat' dir='ltr'><strong>de</strong></span> 
     </span>
     <span class='ocr_line' id='line_1_66' title="bbox 1023 967 1722 1011; baseline -0.003 -10"><span class='ocrx_word' id='word_1_292' title='bbox 1023 978 1089 1011; x_wconf 88' lang='lat' dir='ltr'><strong>quo</strong></span> <span class='ocrx_word' id='word_1_293' title='bbox 1113 967 1277 1010; x_wconf 80' lang='lat' dir='ltr'><strong>potabant</strong></span> <span class='ocrx_word' id='word_1_294' title='bbox 1301 970 1466 1008; x_wconf 77' lang='lat' dir='ltr'><strong>armenta,</strong></span> <span class='ocrx_word' id='word_1_295' title='bbox 1487 971 1524 1000; x_wconf 89' lang='lat' dir='ltr'><strong>et</strong></span> <span class='ocrx_word' id='word_1_296' title='bbox 1549 976 1644 1000; x_wconf 85' lang='lat' dir='ltr'><strong>mons</strong></span> <span class='ocrx_word' id='word_1_297' title='bbox 1658 972 1722 1009; x_wconf 67' lang='lat' dir='ltr'><strong>per</strong></span> 
     </span>
    </p>
   </div>
   <div class='ocr_carea' id='block_1_5' title="bbox 988 1017 1720 1060">
    <p class='ocr_par' dir='ltr' id='par_1_20' title="bbox 988 1017 1720 1060">
     <span class='ocr_line' id='line_1_67' title="bbox 988 1017 1720 1060; baseline 0 -10"><span class='ocrx_word' id='word_1_298' title='bbox 988 1017 990 1019; x_wconf 67' lang='grc'><strong><em>’</em></strong></span> <span class='ocrx_word' id='word_1_299' title='bbox 1025 1028 1125 1060; x_wconf 85' lang='lat' dir='ltr'><strong>quem</strong></span> <span class='ocrx_word' id='word_1_300' title='bbox 1154 1018 1313 1050; x_wconf 82' lang='lat' dir='ltr'><strong>errabant</strong></span> <span class='ocrx_word' id='word_1_301' title='bbox 1341 1017 1615 1058; x_wconf 83' lang='lat' dir='ltr'><strong>ingemiscerent,</strong></span> <span class='ocrx_word' id='word_1_302' title='bbox 1641 1023 1720 1050; x_wconf 76' lang='lat' dir='ltr'><strong>eum</strong></span> 
     </span>
    </p>
   </div>
   <div class='ocr_carea' id='block_1_6' title="bbox 1023 1067 1727 2807">
    <p class='ocr_par' dir='ltr' id='par_1_21' title="bbox 1024 1067 1696 1102">
     <span class='ocr_line' id='line_1_68' title="bbox 1024 1067 1696 1102; baseline 0.001 -2"><span class='ocrx_word' id='word_1_303' title='bbox 1024 1077 1059 1100; x_wconf 84' lang='lat' dir='ltr'><strong>se</strong></span> <span class='ocrx_word' id='word_1_304' title='bbox 1073 1068 1233 1100; x_wconf 90' lang='lat' dir='ltr'><strong>armentis</strong></span> <span class='ocrx_word' id='word_1_305' title='bbox 1248 1068 1435 1099; x_wconf 87' lang='lat' dir='ltr'><strong>destitutos</strong></span> <span class='ocrx_word' id='word_1_306' title='bbox 1450 1067 1621 1100; x_wconf 84' lang='lat' dir='ltr'><strong>viderent.</strong></span> <span class='ocrx_word' id='word_1_307' title='bbox 1642 1067 1696 1102; x_wconf 75' lang='lat' dir='ltr'><strong>Ia.</strong></span> 
     </span>
    </p>

    <p class='ocr_par' dir='ltr' id='par_1_22' title="bbox 1023 1117 1726 2060">
     <span class='ocr_line' id='line_1_69' title="bbox 1065 1117 1722 1159; baseline 0 -9"><span class='ocrx_word' id='word_1_308' title='bbox 1065 1120 1127 1150; x_wconf 90' lang='grc'>451</span> <span class='ocrx_word' id='word_1_309' title='bbox 1168 1118 1289 1149; x_wconf 85' lang='lat' dir='ltr'><strong>Tellure</strong></span> <span class='ocrx_word' id='word_1_310' title='bbox 1324 1117 1449 1159; x_wconf 74' lang='lat' dir='ltr'><strong>cavata]</strong></span> <span class='ocrx_word' id='word_1_311' title='bbox 1485 1117 1558 1149; x_wconf 85' lang='lat' dir='ltr'><strong>Pro</strong></span> <span class='ocrx_word' id='word_1_312' title='bbox 1597 1123 1722 1150; x_wconf 77' lang='lat' dir='ltr'><strong>novem</strong></span> 
     </span>
     <span class='ocr_line' id='line_1_70' title="bbox 1024 1167 1721 1209; baseline -0.001 -9"><span class='ocrx_word' id='word_1_313' title='bbox 1024 1168 1202 1200; x_wconf 83' lang='lat' dir='ltr'><strong>scrobibus</strong></span> <span class='ocrx_word' id='word_1_314' title='bbox 1220 1167 1344 1209; x_wconf 69' lang='lat' dir='ltr'><strong>factis,</strong></span> <span class='ocrx_word' id='word_1_315' title='bbox 1373 1168 1407 1199; x_wconf 90' lang='lat' dir='ltr'><strong>in</strong></span> <span class='ocrx_word' id='word_1_316' title='bbox 1443 1167 1566 1209; x_wconf 85' lang='lat' dir='ltr'><strong>quibus</strong></span> <span class='ocrx_word' id='word_1_317' title='bbox 1594 1167 1721 1200; x_wconf 74' lang='lat' dir='ltr'><strong>ductus</strong></span> 
     </span>
     <span class='ocr_line' id='line_1_71' title="bbox 1024 1217 1725 1260; baseline 0.001 -11"><span class='ocrx_word' id='word_1_318' title='bbox 1024 1228 1132 1259; x_wconf 82' lang='lat' dir='ltr'><strong>aquae,</strong></span> <span class='ocrx_word' id='word_1_319' title='bbox 1154 1228 1230 1260; x_wconf 78' lang='lat' dir='ltr'><strong>quae</strong></span> <span class='ocrx_word' id='word_1_320' title='bbox 1252 1218 1357 1250; x_wconf 83' lang='lat' dir='ltr'><strong>sacris</strong></span> <span class='ocrx_word' id='word_1_321' title='bbox 1373 1222 1426 1250; x_wconf 86' lang='lat' dir='ltr'><strong>est</strong></span> <span class='ocrx_word' id='word_1_322' title='bbox 1439 1218 1632 1250; x_wconf 77' lang='lat' dir='ltr'><strong>necessaria</strong></span> <span class='ocrx_word' id='word_1_323' title='bbox 1654 1217 1725 1250; x_wconf 84' lang='lat' dir='ltr'><strong>col·</strong></span> 
     </span>
     <span class='ocr_line' id='line_1_72' title="bbox 1023 1266 1720 1302; baseline 0.001 -3"><span class='ocrx_word' id='word_1_324' title='bbox 1023 1268 1167 1300; x_wconf 82' lang='lat' dir='ltr'><strong>locavit.</strong></span> <span class='ocrx_word' id='word_1_325' title='bbox 1194 1268 1229 1299; x_wconf 93' lang='lat' dir='ltr'><strong>id</strong></span> <span class='ocrx_word' id='word_1_326' title='bbox 1256 1272 1310 1300; x_wconf 85' lang='lat' dir='ltr'><strong>est</strong></span> <span class='ocrx_word' id='word_1_327' title='bbox 1330 1267 1461 1300; x_wconf 88' lang='lat' dir='ltr'><strong>nobiles</strong></span> <span class='ocrx_word' id='word_1_328' title='bbox 1483 1268 1602 1300; x_wconf 86' lang='lat' dir='ltr'><strong>latices</strong></span> <span class='ocrx_word' id='word_1_329' title='bbox 1617 1266 1720 1302; x_wconf 69' lang='lat' dir='ltr'><strong>fudit</strong></span> 
     </span>
     <span class='ocr_line' id='line_1_73' title="bbox 1065 1366 1722 1409; baseline 0.002 -9"><span class='ocrx_word' id='word_1_330' title='bbox 1065 1370 1129 1400; x_wconf 77' lang='grc'>453</span> <span class='ocrx_word' id='word_1_331' title='bbox 1151 1366 1278 1399; x_wconf 75' lang='lat' dir='ltr'><strong>Actaeos</strong></span> <span class='ocrx_word' id='word_1_332' title='bbox 1297 1367 1424 1409; x_wconf 73' lang='lat' dir='ltr'><strong>imbres]</strong></span> <span class='ocrx_word' id='word_1_333' title='bbox 1447 1367 1568 1401; x_wconf 66' lang='lat' dir='ltr'><strong>Acten</strong></span> <span class='ocrx_word' id='word_1_334' title='bbox 1589 1368 1722 1402; x_wconf 77' lang='lat' dir='ltr'><strong>dicitur</strong></span> 
     </span>
     <span class='ocr_line' id='line_1_74' title="bbox 1023 1415 1723 1461; baseline 0.006 -14"><span class='ocrx_word' id='word_1_335' title='bbox 1023 1417 1117 1458; x_wconf 84' lang='lat' dir='ltr'><strong>regio</strong></span> <span class='ocrx_word' id='word_1_336' title='bbox 1141 1415 1272 1457; x_wconf 76' lang='lat' dir='ltr'><strong>Attica,</strong></span> <span class='ocrx_word' id='word_1_337' title='bbox 1295 1416 1339 1448; x_wconf 84' lang='lat' dir='ltr'><strong>de</strong></span> <span class='ocrx_word' id='word_1_338' title='bbox 1365 1427 1433 1459; x_wconf 81' lang='lat' dir='ltr'><strong>qua</strong></span> <span class='ocrx_word' id='word_1_339' title='bbox 1457 1422 1493 1449; x_wconf 86' lang='lat' dir='ltr'><strong>et</strong></span> <span class='ocrx_word' id='word_1_340' title='bbox 1517 1418 1619 1450; x_wconf 71' lang='lat' dir='ltr'><strong>mella</strong></span> <span class='ocrx_word' id='word_1_341' title='bbox 1647 1426 1723 1461; x_wconf 65' lang='lat' dir='ltr'><strong>que</strong></span> 
     </span>
     <span class='ocr_line' id='line_1_75' title="bbox 1025 1467 1724 1509; baseline 0.004 -11"><span class='ocrx_word' id='word_1_342' title='bbox 1025 1467 1167 1498; x_wconf 86' lang='lat' dir='ltr'><strong>veniunt</strong></span> <span class='ocrx_word' id='word_1_343' title='bbox 1180 1471 1217 1498; x_wconf 89' lang='lat' dir='ltr'><strong>et</strong></span> <span class='ocrx_word' id='word_1_344' title='bbox 1229 1467 1359 1508; x_wconf 85' lang='lat' dir='ltr'><strong>liquida</strong></span> <span class='ocrx_word' id='word_1_345' title='bbox 1377 1473 1465 1509; x_wconf 86' lang='lat' dir='ltr'><strong>sunt,</strong></span> <span class='ocrx_word' id='word_1_346' title='bbox 1477 1472 1514 1500; x_wconf 89' lang='lat' dir='ltr'><strong>et</strong></span> <span class='ocrx_word' id='word_1_347' title='bbox 1535 1468 1724 1501; x_wconf 60' lang='lat' dir='ltr'><strong>nimis-duta</strong></span> 
     </span>
     <span class='ocr_line' id='line_1_76' title="bbox 1025 1518 1723 1560; baseline 0.004 -10"><span class='ocrx_word' id='word_1_348' title='bbox 1025 1519 1090 1551; x_wconf 89' lang='lat' dir='ltr'><strong>cia.</strong></span> <span class='ocrx_word' id='word_1_349' title='bbox 1134 1518 1234 1550; x_wconf 87' lang='lat' dir='ltr'><strong>Unde</strong></span> <span class='ocrx_word' id='word_1_350' title='bbox 1248 1520 1344 1560; x_wconf 76' lang='lat' dir='ltr'><strong>Vir-g.</strong></span> <span class='ocrx_word' id='word_1_351' title='bbox 1356 1523 1392 1551; x_wconf 88' lang='lat' dir='ltr'><strong>et</strong></span> <span class='ocrx_word' id='word_1_352' title='bbox 1402 1524 1550 1552; x_wconf 87' lang='lat' dir='ltr'><strong>montem</strong></span> <span class='ocrx_word' id='word_1_353' title='bbox 1565 1519 1723 1553; x_wconf 73' lang='lat' dir='ltr'><strong>Atticini</strong></span> 
     </span>
     <span class='ocr_line' id='line_1_77' title="bbox 1024 1566 1725 1612; baseline 0.006 -13"><span class='ocrx_word' id='word_1_354' title='bbox 1024 1569 1260 1609; x_wconf 79' lang='lat' dir='ltr'><strong>Aracynthum</strong></span> <span class='ocrx_word' id='word_1_355' title='bbox 1276 1568 1435 1601; x_wconf 73' lang='lat' dir='ltr'><strong>Actaeum</strong></span> <span class='ocrx_word' id='word_1_356' title='bbox 1449 1566 1552 1610; x_wconf 81' lang='lat' dir='ltr'><strong>dixit,</strong></span> <span class='ocrx_word' id='word_1_357' title='bbox 1562 1571 1643 1612; x_wconf 71' lang='lat' dir='ltr'><strong>qnia</strong></span> <span class='ocrx_word' id='word_1_358' title='bbox 1653 1580 1725 1603; x_wconf 79' lang='lat' dir='ltr'><strong>om-</strong></span> 
     </span>
     <span class='ocr_line' id='line_1_78' title="bbox 1024 1619 1724 1659; baseline 0.004 -10"><span class='ocrx_word' id='word_1_359' title='bbox 1024 1619 1076 1649; x_wconf 89' lang='lat' dir='ltr'><strong>nis</strong></span> <span class='ocrx_word' id='word_1_360' title='bbox 1106 1620 1200 1659; x_wconf 85' lang='lat' dir='ltr'><strong>regio</strong></span> <span class='ocrx_word' id='word_1_361' title='bbox 1227 1619 1406 1651; x_wconf 80' lang='lat' dir='ltr'><strong>maritima.</strong></span> <span class='ocrx_word' id='word_1_362' title='bbox 1437 1620 1448 1637; x_wconf 92' lang='lat'>‘</span> <span class='ocrx_word' id='word_1_363' title='bbox 1469 1619 1627 1652; x_wconf 81' lang='lat' dir='ltr'><strong>Actaenm</strong></span> <span class='ocrx_word' id='word_1_364' title='bbox 1661 1621 1724 1652; x_wconf 83' lang='lat' dir='ltr'><strong>im·</strong></span> 
     </span>
     <span class='ocr_line' id='line_1_79' title="bbox 1025 1668 1723 1702; baseline 0.004 -3"><span class='ocrx_word' id='word_1_365' title='bbox 1025 1668 1142 1700; x_wconf 86' lang='lat' dir='ltr'><strong>brem’</strong></span> <span class='ocrx_word' id='word_1_366' title='bbox 1168 1670 1311 1701; x_wconf 85' lang='lat' dir='ltr'><strong>mulsum</strong></span> <span class='ocrx_word' id='word_1_367' title='bbox 1334 1669 1443 1701; x_wconf 83' lang='lat' dir='ltr'><strong>dicit:</strong></span> <span class='ocrx_word' id='word_1_368' title='bbox 1470 1675 1531 1702; x_wconf 85' lang='lat' dir='ltr'><strong>aut</strong></span> <span class='ocrx_word' id='word_1_369' title='bbox 1560 1669 1723 1702; x_wconf 81' lang='lat' dir='ltr'><strong>‘Actaeos</strong></span> 
     </span>
     <span class='ocr_line' id='line_1_80' title="bbox 1025 1718 1723 1760; baseline 0.003 -10"><span class='ocrx_word' id='word_1_370' title='bbox 1025 1718 1176 1760; x_wconf 88' lang='lat' dir='ltr'><strong>imbres,’</strong></span> <span class='ocrx_word' id='word_1_371' title='bbox 1207 1729 1330 1760; x_wconf 88' lang='lat' dir='ltr'><strong>aquam</strong></span> <span class='ocrx_word' id='word_1_372' title='bbox 1362 1718 1469 1751; x_wconf 81' lang='lat' dir='ltr'><strong>fontis</strong></span> <span class='ocrx_word' id='word_1_373' title='bbox 1497 1719 1598 1756; x_wconf 83' lang='lat' dir='ltr'><strong>illius,</strong></span> <span class='ocrx_word' id='word_1_374' title='bbox 1631 1720 1723 1752; x_wconf 85' lang='lat' dir='ltr'><strong>unde</strong></span> 
     </span>
     <span class='ocr_line' id='line_1_81' title="bbox 1025 1769 1724 1809; baseline 0.001 -9"><span class='ocrx_word' id='word_1_375' title='bbox 1025 1769 1170 1801; x_wconf 79' lang='lat' dir='ltr'><strong>Actaeou</strong></span> <span class='ocrx_word' id='word_1_376' title='bbox 1186 1778 1342 1809; x_wconf 86' lang='lat' dir='ltr'><strong>aspersus</strong></span> <span class='ocrx_word' id='word_1_377' title='bbox 1356 1769 1390 1800; x_wconf 91' lang='lat' dir='ltr'><strong>in</strong></span> <span class='ocrx_word' id='word_1_378' title='bbox 1405 1778 1544 1801; x_wconf 84' lang='lat' dir='ltr'><strong>cervum</strong></span> <span class='ocrx_word' id='word_1_379' title='bbox 1571 1773 1724 1802; x_wconf 75' lang='lat' dir='ltr'><strong>mutatus</strong></span> 
     </span>
     <span class='ocr_line' id='line_1_82' title="bbox 1026 1818 1724 1860; baseline 0.003 -10"><span class='ocrx_word' id='word_1_380' title='bbox 1026 1823 1089 1851; x_wconf 84' lang='lat' dir='ltr'><strong>est.</strong></span> <span class='ocrx_word' id='word_1_381' title='bbox 1131 1818 1200 1851; x_wconf 91' lang='lat' dir='ltr'><strong>Sed</strong></span> <span class='ocrx_word' id='word_1_382' title='bbox 1215 1824 1329 1850; x_wconf 89' lang='lat' dir='ltr'><strong>utrum</strong></span> <span class='ocrx_word' id='word_1_383' title='bbox 1345 1820 1488 1851; x_wconf 90' lang='lat' dir='ltr'><strong>mulsum</strong></span> <span class='ocrx_word' id='word_1_384' title='bbox 1514 1829 1634 1860; x_wconf 87' lang='lat' dir='ltr'><strong>purum</strong></span> <span class='ocrx_word' id='word_1_385' title='bbox 1649 1818 1724 1852; x_wconf 73' lang='lat' dir='ltr'><strong>fon-</strong></span> 
     </span>
     <span class='ocr_line' id='line_1_83' title="bbox 1027 1869 1725 1912; baseline 0.004 -12"><span class='ocrx_word' id='word_1_386' title='bbox 1027 1873 1095 1900; x_wconf 90' lang='lat' dir='ltr'><strong>tem</strong></span> <span class='ocrx_word' id='word_1_387' title='bbox 1110 1878 1152 1900; x_wconf 89' lang='lat' dir='ltr'><strong>an</strong></span> <span class='ocrx_word' id='word_1_388' title='bbox 1162 1878 1316 1900; x_wconf 90' lang='lat' dir='ltr'><strong>cruorem</strong></span> <span class='ocrx_word' id='word_1_389' title='bbox 1332 1869 1516 1910; x_wconf 85' lang='lat' dir='ltr'><strong>pecudum,</strong></span> <span class='ocrx_word' id='word_1_390' title='bbox 1530 1879 1598 1912; x_wconf 88' lang='lat' dir='ltr'><strong>quo</strong></span> <span class='ocrx_word' id='word_1_391' title='bbox 1614 1871 1725 1912; x_wconf 75' lang='lat' dir='ltr'><strong>possit</strong></span> 
     </span>
     <span class='ocr_line' id='line_1_84' title="bbox 1026 1919 1726 1956; baseline 0.001 -6"><span class='ocrx_word' id='word_1_392' title='bbox 1026 1920 1128 1951; x_wconf 88' lang='lat' dir='ltr'><strong>tellus</strong></span> <span class='ocrx_word' id='word_1_393' title='bbox 1137 1919 1365 1956; x_wconf 81' lang='lat' dir='ltr'><strong>aridasatiari,</strong></span> <span class='ocrx_word' id='word_1_394' title='bbox 1375 1920 1539 1951; x_wconf 85' lang='lat' dir='ltr'><strong>incertum</strong></span> <span class='ocrx_word' id='word_1_395' title='bbox 1549 1924 1612 1951; x_wconf 83' lang='lat' dir='ltr'><strong>est.</strong></span> <span class='ocrx_word' id='word_1_396' title='bbox 1630 1920 1726 1952; x_wconf 85' lang='lat' dir='ltr'><strong>Non-</strong></span> 
     </span>
     <span class='ocr_line' id='line_1_85' title="bbox 1026 1968 1724 2002; baseline 0.003 -3"><span class='ocrx_word' id='word_1_397' title='bbox 1026 1968 1108 2000; x_wconf 90' lang='lat' dir='ltr'><strong>nulli</strong></span> <span class='ocrx_word' id='word_1_398' title='bbox 1126 1978 1235 2000; x_wconf 88' lang='lat' dir='ltr'><strong>rorem</strong></span> <span class='ocrx_word' id='word_1_399' title='bbox 1259 1968 1422 2000; x_wconf 87' lang='lat' dir='ltr'><strong>marinum</strong></span> <span class='ocrx_word' id='word_1_400' title='bbox 1445 1969 1479 2000; x_wconf 93' lang='lat' dir='ltr'><strong>in</strong></span> <span class='ocrx_word' id='word_1_401' title='bbox 1497 1969 1621 2001; x_wconf 69' lang='lat' dir='ltr'><strong>Actaeo</strong></span> <span class='ocrx_word' id='word_1_402' title='bbox 1635 1968 1724 2002; x_wconf 75' lang='lat' dir='ltr'><strong>Ara·</strong></span> 
     </span>
     <span class='ocr_line' id='line_1_86' title="bbox 1026 2018 1415 2060; baseline 0.003 -11"><span class='ocrx_word' id='word_1_403' title='bbox 1026 2019 1150 2060; x_wconf 85' lang='lat' dir='ltr'><strong>cyntho</strong></span> <span class='ocrx_word' id='word_1_404' title='bbox 1165 2018 1415 2050; x_wconf 83' lang='lat' dir='ltr'><strong>dicunt.1dem.</strong></span> 
     </span>
    </p>

    <p class='ocr_par' dir='ltr' id='par_1_23' title="bbox 1025 2067 1727 2259">
     <span class='ocr_line' id='line_1_87' title="bbox 1067 2067 1726 2108; baseline 0 -10"><span class='ocrx_word' id='word_1_405' title='bbox 1067 2070 1130 2099; x_wconf 86' lang='grc'>455</span> <span class='ocrx_word' id='word_1_406' title='bbox 1154 2067 1293 2098; x_wconf 86' lang='lat' dir='ltr'><strong>Nemora</strong></span> <span class='ocrx_word' id='word_1_407' title='bbox 1320 2067 1475 2108; x_wconf 77' lang='lat' dir='ltr'><strong>advolvit]</strong></span> <span class='ocrx_word' id='word_1_408' title='bbox 1506 2067 1574 2101; x_wconf 84' lang='lat' dir='ltr'><strong>Qui</strong></span> <span class='ocrx_word' id='word_1_409' title='bbox 1609 2070 1726 2108; x_wconf 80' lang='lat' dir='ltr'><strong>potest</strong></span> 
     </span>
     <span class='ocr_line' id='line_1_88' title="bbox 1025 2116 1726 2159; baseline 0 -10"><span class='ocrx_word' id='word_1_410' title='bbox 1025 2117 1132 2149; x_wconf 90' lang='lat' dir='ltr'><strong>bonus</strong></span> <span class='ocrx_word' id='word_1_411' title='bbox 1155 2117 1326 2149; x_wconf 84' lang='lat' dir='ltr'><strong>Tiresias?</strong></span> <span class='ocrx_word' id='word_1_412' title='bbox 1370 2118 1480 2150; x_wconf 89' lang='lat' dir='ltr'><strong>Immo</strong></span> <span class='ocrx_word' id='word_1_413' title='bbox 1492 2116 1672 2159; x_wconf 63' lang='lat' dir='ltr'><strong>advolvunt,</strong></span> <span class='ocrx_word' id='word_1_414' title='bbox 1685 2121 1726 2149; x_wconf 82' lang='lat' dir='ltr'><strong>ut</strong></span> 
     </span>
     <span class='ocr_line' id='line_1_89' title="bbox 1025 2168 1727 2209; baseline 0.001 -10"><span class='ocrx_word' id='word_1_415' title='bbox 1025 2173 1079 2199; x_wconf 83' lang='lat' dir='ltr'><strong>est</strong></span> <span class='ocrx_word' id='word_1_416' title='bbox 1093 2168 1128 2199; x_wconf 87' lang='lat' dir='ltr'><strong>in</strong></span> <span class='ocrx_word' id='word_1_417' title='bbox 1144 2168 1297 2209; x_wconf 85' lang='lat' dir='ltr'><strong>scriptis,</strong></span> <span class='ocrx_word' id='word_1_418' title='bbox 1308 2168 1441 2201; x_wconf 87' lang='lat' dir='ltr'><strong>scilicet</strong></span> <span class='ocrx_word' id='word_1_419' title='bbox 1455 2168 1601 2200; x_wconf 74' lang='lat' dir='ltr'><strong>ministri</strong></span> <span class='ocrx_word' id='word_1_420' title='bbox 1614 2176 1727 2200; x_wconf 75' lang='lat' dir='ltr'><strong>sacro-</strong></span> 
     </span>
     <span class='ocr_line' id='line_1_90' title="bbox 1025 2218 1701 2259; baseline 0.001 -10"><span class='ocrx_word' id='word_1_421' title='bbox 1025 2227 1112 2259; x_wconf 88' lang='lat' dir='ltr'><strong>rum,</strong></span> <span class='ocrx_word' id='word_1_422' title='bbox 1124 2223 1162 2249; x_wconf 90' lang='lat' dir='ltr'><strong>et</strong></span> <span class='ocrx_word' id='word_1_423' title='bbox 1176 2218 1233 2259; x_wconf 89' lang='lat' dir='ltr'><strong>qui</strong></span> <span class='ocrx_word' id='word_1_424' title='bbox 1246 2218 1402 2251; x_wconf 81' lang='lat' dir='ltr'><strong>aderant.</strong></span> <span class='ocrx_word' id='word_1_425' title='bbox 1427 2218 1566 2250; x_wconf 76' lang='lat' dir='ltr'><strong>Grmwv.</strong></span> <span class='ocrx_word' id='word_1_426' title='bbox 1698 2238 1701 2240; x_wconf 59' lang='lat'>&gt;</span> 
     </span>
    </p>

    <p class='ocr_par' dir='ltr' id='par_1_24' title="bbox 1025 2268 1727 2807">
     <span class='ocr_line' id='line_1_91' title="bbox 1068 2268 1726 2308; baseline -0.002 -8"><span class='ocrx_word' id='word_1_427' title='bbox 1068 2271 1131 2300; x_wconf 87' lang='grc'>457</span> <span class='ocrx_word' id='word_1_428' title='bbox 1152 2269 1249 2301; x_wconf 68' lang='lat' dir='ltr'><strong>dubet</strong></span> <span class='ocrx_word' id='word_1_429' title='bbox 1273 2278 1338 2300; x_wconf 81' lang='lat' dir='ltr'><strong>esse</strong></span> <span class='ocrx_word' id='word_1_430' title='bbox 1348 2268 1455 2308; x_wconf 78' lang='lat' dir='ltr'><strong>socos]</strong></span> <span class='ocrx_word' id='word_1_431' title='bbox 1480 2268 1558 2300; x_wconf 88' lang='lat' dir='ltr'><strong>Hoc</strong></span> <span class='ocrx_word' id='word_1_432' title='bbox 1577 2271 1634 2299; x_wconf 75' lang='lat' dir='ltr'><strong>est</strong></span> <span class='ocrx_word' id='word_1_433' title='bbox 1657 2271 1726 2299; x_wconf 76' lang='lat' dir='ltr'><strong>sta·</strong></span> 
     </span>
     <span class='ocr_line' id='line_1_92' title="bbox 1026 2315 1724 2358; baseline -0.003 -8"><span class='ocrx_word' id='word_1_434' title='bbox 1026 2318 1090 2358; x_wconf 84' lang='lat' dir='ltr'><strong>tui,</strong></span> <span class='ocrx_word' id='word_1_435' title='bbox 1111 2322 1148 2350; x_wconf 91' lang='lat' dir='ltr'><strong>et</strong></span> <span class='ocrx_word' id='word_1_436' title='bbox 1170 2318 1322 2358; x_wconf 86' lang='lat' dir='ltr'><strong>pertinet</strong></span> <span class='ocrx_word' id='word_1_437' title='bbox 1344 2317 1385 2349; x_wconf 81' lang='lat' dir='ltr'><strong>ad</strong></span> <span class='ocrx_word' id='word_1_438' title='bbox 1403 2317 1616 2349; x_wconf 82' lang='lat' dir='ltr'><strong>celeritatem</strong></span> <span class='ocrx_word' id='word_1_439' title='bbox 1631 2315 1724 2349; x_wconf 79' lang='lat' dir='ltr'><strong>foco-</strong></span> 
     </span>
     <span class='ocr_line' id='line_1_93' title="bbox 1026 2366 1727 2408; baseline 0 -9"><span class='ocrx_word' id='word_1_440' title='bbox 1026 2378 1111 2399; x_wconf 89' lang='lat' dir='ltr'><strong>rum.</strong></span> <span class='ocrx_word' id='word_1_441' title='bbox 1140 2368 1210 2399; x_wconf 82' lang='lat' dir='ltr'><strong>Vet.</strong></span> <span class='ocrx_word' id='word_1_442' title='bbox 1226 2367 1393 2399; x_wconf 78' lang='lat' dir='ltr'><strong>Scholiast.</strong></span> <span class='ocrx_word' id='word_1_443' title='bbox 1423 2366 1564 2408; x_wconf 87' lang='lat' dir='ltr'><strong>Optime</strong></span> <span class='ocrx_word' id='word_1_444' title='bbox 1576 2366 1727 2408; x_wconf 84' lang='lat' dir='ltr'><strong>quidem.</strong></span> 
     </span>
     <span class='ocr_line' id='line_1_94' title="bbox 1026 2415 1726 2456; baseline -0.004 -7"><span class='ocrx_word' id='word_1_445' title='bbox 1026 2418 1073 2449; x_wconf 83' lang='lat' dir='ltr'><strong>Et</strong></span> <span class='ocrx_word' id='word_1_446' title='bbox 1088 2418 1137 2449; x_wconf 91' lang='lat' dir='ltr'><strong>sic</strong></span> <span class='ocrx_word' id='word_1_447' title='bbox 1152 2417 1185 2448; x_wconf 89' lang='lat' dir='ltr'><strong>iu</strong></span> <span class='ocrx_word' id='word_1_448' title='bbox 1202 2417 1302 2448; x_wconf 86' lang='lat' dir='ltr'><strong>simili</strong></span> <span class='ocrx_word' id='word_1_449' title='bbox 1318 2426 1353 2447; x_wconf 89' lang='lat' dir='ltr'><strong>re</strong></span> <span class='ocrx_word' id='word_1_450' title='bbox 1370 2416 1440 2448; x_wconf 87' lang='lat' dir='ltr'><strong>alii.</strong></span> <span class='ocrx_word' id='word_1_451' title='bbox 1484 2415 1650 2456; x_wconf 86' lang='lat' dir='ltr'><strong>Apuleius</strong></span> <span class='ocrx_word' id='word_1_452' title='bbox 1665 2415 1726 2447; x_wconf 87' lang='lat' dir='ltr'><strong>lib.</strong></span> 
     </span>
     <span class='ocr_line' id='line_1_95' title="bbox 1026 2465 1724 2508; baseline -0.003 -10"><span class='ocrx_word' id='word_1_453' title='bbox 1026 2476 1090 2499; x_wconf 85' lang='lat' dir='ltr'><strong>vu.</strong></span> <span class='ocrx_word' id='word_1_454' title='bbox 1115 2471 1124 2484; x_wconf 90' lang='lat'>‘</span> <span class='ocrx_word' id='word_1_455' title='bbox 1137 2467 1296 2508; x_wconf 90' lang='lat' dir='ltr'><strong>Denique</strong></span> <span class='ocrx_word' id='word_1_456' title='bbox 1310 2466 1421 2498; x_wconf 89' lang='lat' dir='ltr'><strong>noluit</strong></span> <span class='ocrx_word' id='word_1_457' title='bbox 1436 2476 1510 2498; x_wconf 89' lang='lat' dir='ltr'><strong>esse</strong></span> <span class='ocrx_word' id='word_1_458' title='bbox 1524 2466 1640 2498; x_wconf 75' lang='lat' dir='ltr'><strong>Caesar</strong></span> <span class='ocrx_word' id='word_1_459' title='bbox 1652 2465 1724 2497; x_wconf 81' lang='lat' dir='ltr'><strong>He-</strong></span> 
     </span>
     <span class='ocr_line' id='line_1_96' title="bbox 1025 2515 1724 2556; baseline -0.003 -8"><span class='ocrx_word' id='word_1_460' title='bbox 1025 2517 1072 2548; x_wconf 86' lang='lat' dir='ltr'><strong>mi</strong></span> <span class='ocrx_word' id='word_1_461' title='bbox 1084 2516 1240 2549; x_wconf 82' lang='lat' dir='ltr'><strong>Latronis</strong></span> <span class='ocrx_word' id='word_1_462' title='bbox 1263 2516 1456 2556; x_wconf 85' lang='lat' dir='ltr'><strong>collegium,</strong></span> <span class='ocrx_word' id='word_1_463' title='bbox 1481 2519 1518 2547; x_wconf 89' lang='lat' dir='ltr'><strong>et</strong></span> <span class='ocrx_word' id='word_1_464' title='bbox 1540 2515 1724 2547; x_wconf 82' lang='lat' dir='ltr'><strong>confestim</strong></span> 
     </span>
     <span class='ocr_line' id='line_1_97' title="bbox 1025 2564 1724 2606; baseline -0.004 -8"><span class='ocrx_word' id='word_1_465' title='bbox 1025 2566 1167 2605; x_wconf 89' lang='lat' dir='ltr'><strong>interiit,</strong></span> <span class='ocrx_word' id='word_1_466' title='bbox 1192 2570 1322 2597; x_wconf 83' lang='lat' dir='ltr'><strong>tantum</strong></span> <span class='ocrx_word' id='word_1_467' title='bbox 1354 2569 1469 2606; x_wconf 89' lang='lat' dir='ltr'><strong>potest</strong></span> <span class='ocrx_word' id='word_1_468' title='bbox 1497 2570 1597 2596; x_wconf 89' lang='lat' dir='ltr'><strong>nutus</strong></span> <span class='ocrx_word' id='word_1_469' title='bbox 1621 2564 1724 2596; x_wconf 85' lang='lat' dir='ltr'><strong>etiam</strong></span> 
     </span>
     <span class='ocr_line' id='line_1_98' title="bbox 1025 2614 1723 2658; baseline -0.004 -9"><span class='ocrx_word' id='word_1_470' title='bbox 1025 2616 1139 2658; x_wconf 84' lang='lat' dir='ltr'><strong>magni</strong></span> <span class='ocrx_word' id='word_1_471' title='bbox 1175 2615 1366 2657; x_wconf 64' lang='lat' dir='ltr'><strong>principis!</strong></span> <span class='ocrx_word' id='word_1_472' title='bbox 1415 2614 1536 2646; x_wconf 88' lang='lat' dir='ltr'><strong>Habet</strong></span> <span class='ocrx_word' id='word_1_473' title='bbox 1573 2614 1723 2656; x_wconf 84' lang='lat' dir='ltr'><strong>alioquin</strong></span> 
     </span>
     <span class='ocr_line' id='line_1_99' title="bbox 1026 2663 1725 2706; baseline -0.007 -7"><span class='ocrx_word' id='word_1_474' title='bbox 1026 2666 1166 2698; x_wconf 88' lang='lat' dir='ltr'><strong>verbum</strong></span> <span class='ocrx_word' id='word_1_475' title='bbox 1189 2675 1254 2697; x_wconf 83' lang='lat' dir='ltr'><strong>esse</strong></span> <span class='ocrx_word' id='word_1_476' title='bbox 1270 2665 1394 2696; x_wconf 86' lang='lat' dir='ltr'><strong>rituale</strong></span> <span class='ocrx_word' id='word_1_477' title='bbox 1411 2663 1539 2706; x_wconf 82' lang='lat' dir='ltr'><strong>aliquid</strong></span> <span class='ocrx_word' id='word_1_478' title='bbox 1560 2668 1598 2695; x_wconf 89' lang='lat' dir='ltr'><strong>et</strong></span> <span class='ocrx_word' id='word_1_479' title='bbox 1612 2663 1725 2704; x_wconf 81' lang='lat' dir='ltr'><strong>ponti·</strong></span> 
     </span>
     <span class='ocr_line' id='line_1_100' title="bbox 1025 2712 1726 2755; baseline -0.004 -9"><span class='ocrx_word' id='word_1_480' title='bbox 1025 2715 1133 2755; x_wconf 86' lang='lat' dir='ltr'><strong>ficale,</strong></span> <span class='ocrx_word' id='word_1_481' title='bbox 1158 2719 1196 2745; x_wconf 85' lang='lat' dir='ltr'><strong>ut</strong></span> <span class='ocrx_word' id='word_1_482' title='bbox 1219 2718 1317 2755; x_wconf 84' lang='lat' dir='ltr'><strong>patet</strong></span> <span class='ocrx_word' id='word_1_483' title='bbox 1332 2723 1375 2745; x_wconf 90' lang='lat' dir='ltr'><strong>ex</strong></span> <span class='ocrx_word' id='word_1_484' title='bbox 1390 2713 1512 2754; x_wconf 86' lang='lat' dir='ltr'><strong>priscis</strong></span> <span class='ocrx_word' id='word_1_485' title='bbox 1528 2712 1660 2754; x_wconf 84' lang='lat' dir='ltr'><strong>aliquot</strong></span> <span class='ocrx_word' id='word_1_486' title='bbox 1675 2713 1726 2744; x_wconf 89' lang='lat' dir='ltr'><strong>in·</strong></span> 
     </span>
     <span class='ocr_line' id='line_1_101' title="bbox 1027 2764 1724 2807; baseline -0.003 -10"><span class='ocrx_word' id='word_1_487' title='bbox 1027 2765 1267 2807; x_wconf 82' lang='lat' dir='ltr'><strong>scriptionibus</strong></span> <span class='ocrx_word' id='word_1_488' title='bbox 1311 2764 1485 2806; x_wconf 76' lang='lat' dir='ltr'><strong>productis</strong></span> <span class='ocrx_word' id='word_1_489' title='bbox 1527 2764 1724 2796; x_wconf 72' lang='lat' dir='ltr'><strong>avertendus</strong></span> 
     </span>
    </p>
   </div>
  </div>
 </body>
</html>
