1878 3164
267 204 381 248 1908

269 309 375 343 fuerit
401 309 444 342 ad
470 312 645 341 curatores
665 307 839 349 juvandos
864 305 970 340 dare?

269 361 316 392 Et
339 362 349 379 ‘
366 357 551 392 venalicia?
569 367 632 400 pro
655 358 665 375 ‘
679 355 877 390 venaliciis?
900 357 923 389 l.
936 365 970 387 v.

269 404 314 442 dc
328 410 414 444 Jure
428 408 549 442 Delib.
570 409 580 426 ‘
599 408 706 440 veluti
725 408 882 449 jumenta
909 411 970 440 aut

269 459 459 493 venalicia)
483 460 538 491 Ita
550 459 559 477 ‘
572 457 776 500 conjugium’
792 467 855 499 pro
868 458 879 476 4
893 465 970 489 con-

262 509 371 552 juge!
407 509 613 550 Propertius
639 508 699 540 lib.
715 517 775 540 ιιι.
801 508 899 549 Eleg.
916 510 968 540 10.

269 561 280 578 4
299 560 453 592 Uxorum
471 558 555 592 fusis
571 563 641 591 stat
662 558 720 600 pia
734 558 834 591 turba
849 558 969 598 comis,

269 609 316 642 Et
342 614 516 642 certamen
544 609 670 641 habent
692 608 766 649 leti,
790 618 866 650 quae
892 608 971 640 viva

270 663 432 702 sequatur
462 658 689 700 Conjugium?
746 659 824 692 Qua
849 658 969 691 eadem

269 710 410 741 notione
447 709 556 741 Tacit.
589 707 713 740 Annal.
752 716 819 740 rm.
859 706 968 740 dixit:

269 759 280 777 ‘
298 759 400 793 Quod
417 758 612 799 conjugium
629 759 793 801 principis
817 758 970 791 devotio-

267 809 367 841 nibus
383 808 586 850 petivisset?
614 809 671 841 Ita
686 814 695 828 ⁴
709 809 893 842 amicitias'
909 819 971 851 pro

267 859 277 876 ‘
294 858 436 900 amicis,’
451 863 488 891 et
509 859 519 877 ‘
534 858 800 892 familiaritates'
820 869 882 901 pro
897 864 906 879 '
920 859 969 892 fa-

268 909 478 943 miliaribus!
514 911 653 944 Sueton.
669 912 807 944 Tiberio
823 921 900 953 cap.
915 914 970 944 61.

266 961 277 977 ‘
293 960 550 993 Testamentum
565 961 638 1002 ejus
654 971 716 1002 pro
730 961 826 993 irrito
841 961 972 1001 babuit,

268 1019 455 1051 omnesque
471 1010 640 1042 amicitias
655 1015 691 1042 et
706 1010 970 1051 familiaritates,

268 1059 372 1091 etiam
397 1059 518 1101 quibus
544 1069 586 1091 ea
606 1059 736 1091 funeris
761 1069 876 1092 curam
899 1069 970 1091 mo-

267 1109 360 1140 riens
373 1108 596 1141 demandarat
610 1109 701 1141 intra
716 1109 821 1142 breve
833 1114 969 1150 tempus

268 1157 431 1191 afflictis.’
474 1158 532 1191 Sic
559 1159 570 1177 4
592 1158 881 1191 necessit-udines’
908 1168 970 1200 pro

268 1209 278 1225 ‘
303 1207 559 1240 necessitudine
585 1209 734 1250 junctis’
772 1209 864 1241 idern
900 1208 969 1241 fre-

267 1261 426 1298 quenter,
473 1259 606 1299 signate
642 1259 782 1291 Tiberio
828 1268 906 1300 cap.
936 1261 968 1291 1.

265 1306 275 1323 ‘
292 1305 421 1339 Odium
450 1307 612 1339 adversus
635 1307 906 1340 necessitudines
934 1307 968 1340 in

266 1356 383 1388 Druso
401 1357 556 1398 primum
585 1356 696 1389 fratre
720 1357 878 1389 detexit:
924 1358 969 1390 Et

269 1407 407 1439 Curtius
436 1407 494 1439 lib.
525 1417 577 1440 ιν.
600 1408 609 1425 ‘
626 1407 795 1439 Crederes
821 1407 970 1439 Alexan·

269 1456 368 1488 drum
383 1457 474 1489 inter
489 1467 565 1489 suas
578 1457 848 1490 necessitudines
863 1456 959 1491 flere.
963 1458 974 1474 ’

265 1507 325 1539 Sic
346 1508 357 1526 ‘
377 1506 574 1548 amplexus’
611 1516 673 1549 pro
710 1507 720 1526 ‘
740 1517 780 1540 eo
810 1508 869 1549 qui
900 1518 968 1540 am-

267 1557 455 1597 plectitur-‚³
484 1557 667 1590 Petronius
678 1557 850 1599 Satyrico:
866 1559 877 1577 ‘
892 1559 967 1591 Nec

265 1607 326 1639 Dii
351 1606 470 1638 sinant·
482 1611 520 1639 ut
536 1608 714 1648 amplexus
735 1617 827 1639 meos
841 1608 874 1639 in
890 1618 966 1640 cru·

265 1665 341 1688 cem
369 1656 528 1688 mittam?
586 1657 643 1688 Sic
673 1657 683 1673 ‘
706 1657 880 1688 convivia'
903 1668 966 1699 pro

264 1706 275 1725 4
291 1705 469 1739 convivis.'

263 1759 272 1774 4
303 1765 347 1787 ne
375 1765 443 1797 quo
484 1757 642 1788 convivia
681 1756 851 1798 migrent!
908 1757 965 1790 Ita

263 1806 273 1823 4
292 1805 404 1837 bella’
424 1815 487 1846 pro
508 1807 518 1822 ⁴
533 1805 777 1838 bellatoribus!
799 1806 887 1838 idem
905 1807 964 1839 lib.

263 1865 317 1887 xt-
335 1856 522 1897 ‘nudoque
550 1855 613 1888 sub
641 1865 705 1887 axe
732 1856 877 1898 relinqui
905 1856 962 1888 In-

262 1904 348 1937 felix
364 1904 517 1937 bellum.'
560 1905 607 1936 Et
627 1905 637 1922 ‘
655 1904 779 1945 regna'
801 1914 864 1946 pro
884 1906 895 1923 ‘
910 1914 962 1937 re-

263 1955 326 1997 ge’
354 1956 416 1988 lib.
432 1964 502 1988 xu.
538 1956 548 1974 ‘
567 1955 636 1988 Hei
667 1956 749 1987 mihi
777 1965 857 1988 num
888 1956 962 1999 quis

263 2005 363 2037 adest
377 2006 473 2038 chari
488 2005 666 2047 Polynicis
689 2006 731 2038 ad
752 2006 861 2048 ignes,
887 2007 961 2039 Etsi

260 2063 367 2096 regna
381 2054 527 2095 vetant,’
548 2055 581 2086 id
598 2059 662 2096 est,
684 2055 766 2088 licet
780 2056 964 2097 prohibeat

261 2115 322 2137 rex
351 2106 475 2138 Creon.
518 2105 577 2137 Sic
605 2105 753 2147 denique
787 2109 797 2124 ⁸
819 2109 962 2138 noxam'

261 2164 324 2196 pro
347 2155 358 2173 4
375 2164 435 2187 reo
461 2155 525 2197 qui·
546 2155 688 2195 nocuit,’
719 2155 961 2189 Jurisconsulti

260 2205 366 2238 nostri
399 2207 410 2224 ‘
427 2205 561 2237 odium'
590 2215 652 2246 pro
681 2206 845 2238 ‘odioso-⁹
898 2207 962 2239 Co-

262 2256 354 2293 mici,
377 2256 387 2274 ‘
406 2255 583 2297 praesidia’
609 2265 670 2296 pro
695 2258 705 2273 ‘
720 2255 963 2296 praesidiariis:

259 2308 268 2323 ‘
285 2305 472 2338 custodias’
496 2315 559 2347 pro
579 2307 589 2323 4
608 2306 753 2346 vinctis,'
777 2307 787 2324 ‘
803 2307 961 2339 servitia'

260 2366 324 2396 pro
343 2357 353 2375 4
372 2355 502 2394 servis,'
523 2356 708 2397 scriptores
725 2356 848 2397 passim
866 2366 961 2388 usur-

261 2411 398 2448 parunt.
422 2407 574 2439 Bernart.

302 2459 367 2488 760
393 2456 529 2496 Uterque
553 2456 703 2496 priorem]
727 2456 769 2488 Id
790 2461 856 2494 est,
878 2457 960 2489 utri-

260 2514 325 2546 que
342 2505 529 2546 sperabant
554 2506 644 2547 quod
671 2505 714 2537 ab
737 2506 875 2538 alterius
890 2516 960 2538 ma-

259 2564 305 2585 nu
321 2559 497 2586 certarnen
512 2555 704 2596 inciperet:
728 2555 819 2588 unde
833 2557 960 2589 Lucan.

258 2605 268 2623 ‘
287 2605 375 2636 Inde
391 2614 525 2637 manum
549 2610 720 2646 spectant,
744 2610 879 2647 tempus
894 2617 960 2649 quo

259 2663 401 2686 noscere
433 2655 566 2695 possint
597 2655 736 2687 Facturi
760 2666 836 2698 quae
867 2667 960 2688 mon-

260 2708 329 2736 stra
344 2703 480 2737 ferant.’
500 2705 649 2737 Laetam.
739 2725 742 2727 -

304 2758 369 2787 764
393 2755 586 2797 Explorant]
609 2756 839 2796 Considerant
864 2756 961 2790 forti-

503 1707 670 1747 Papinius
683 1706 756 1747 ipse
770 1708 872 1739 Herc.
886 1709 963 1741 Sur.
973 1747 977 1750 .

728 211 870 245 1401*AE
903 210 1167 244 VAluoRUM
1202 211 1253 243 IN

1016 305 1171 338 tudinem
1198 308 1375 338 caestuum.
1431 302 1651 345 flebotomo-e
1674 304 1722 336 te·

1014 355 1125 397 rendo]
1148 355 1255 388 Vanis
1285 354 1413 387 ictibus
1443 358 1610 387 cestuum
1639 357 1721 386 sou·

1015 414 1095 438 mon
1111 405 1317 438 obtundunt.
1342 406 1441 438 Idem.
1715 411 1721 419 ”

1027 472 1030 473 ’
1057 458 1122 488 765
1145 455 1280 488 Doctior
1293 456 1345 488 hie
1359 455 1472 498 differt
1485 452 1639 496 απὶηιιιπι]
1659 452 1722 487 ΑΙ-

1016 504 1167 538 cidam'as
1179 504 1295 538 differt
1306 506 1467 546 animuin,
1477 505 1635 547 spiritum
1647 513 1722 537 ser·

1016 559 1088 588 vat.
1114 555 1212 588 Idem.
1261 556 1463 598 Metuensque
1482 554 1610 596 sut-ari]
1632 548 1722 588 Pru-

1017 604 1143 637 dentiae
1159 603 1298 638 effectu.
1341 605 1508 646 Horatius
1531 614 1574 638 11.
1599 605 1673 638 snt.
1688 607 1723 638 22

1017 656 1027 673 ‘
1040 655 1232 687 Contentus
1247 664 1353 697 parvo
1363 659 1587 698 metuensque
1601 654 1725 697 futuri,

1017 706 1059 738 In
1082 715 1182 747 pace,
1211 711 1248 738 ut
1275 706 1411 749 sapiens
1443 706 1574 749 aptarit
1597 706 1722 740 idonea

1019 755 1130 788 bello.’
1154 755 1271 788 Barth.

1060 808 1125 837 766
1152 805 1242 837 Vires
1256 806 1432 848 dispensat]
1456 806 1629 840 Paulatim
1643 814 1721 840 ero-

1018 859 1087 896 gat.
1109 855 1257 888 Lao-tant.
1314 855 1406 889 Vires
1433 856 1608 898 dispensat]
1639 857 1722 890 Non

1018 906 1116 938 simul
1133 905 1327 948 profundit,
1347 906 1410 938 sed
1433 907 1554 940 ordine
1578 910 1615 940 et
1639 915 1721 949 pru·

1008 955 1140 987 denter
1168 956 1325 989 collocat.
1381 956 1425 988 In
1463 957 1594 998 optimo
1633 956 1723 989 libro

1018 1005 1112 1038 clare
1127 1006 1272 1047 legitur·
1298 1007 1470 1039 Cunctatus
1481 1007 1576 1039 vires.
1598 1006 1721 1039 amu.

1017 1056 1064 1088 At
1079 1057 1132 1088 ille
1145 1056 1290 1098 nocenda]
1315 1057 1491 1098 Capaneus
1505 1057 1541 1089 in
1560 1056 1721 1090 adversa·

1018 1105 1058 1137 rii
1074 1115 1159 1137 nece
1177 1105 1357 1146 profusior.
1380 1106 1528 1139 Lactant-
1712 1121 1715 1123 ’

1060 1158 1124 1188 768
1140 1155 1215 1188 Sine
1229 1156 1313 1197 lege]
1326 1156 1406 1189 Sine
1421 1157 1504 1189 artis
1519 1157 1617 1199 lege.
1635 1157 1721 1190 artis

1017 1205 1124 1247 ipsius
1150 1207 1205 1238 lex
1221 1211 1286 1244 est,
1312 1211 1351 1238 ut
1365 1216 1434 1238 una
1448 1217 1566 1238 manns
1581 1215 1721 1240 reversa

1017 1256 1161 1288 alteram
1198 1255 1313 1289 feriat.
1373 1256 1601 1297 >Consumpsit
1636 1262 1720 1298 ergo

1017 1306 1190 1338 ambarum
1205 1316 1365 1339 manuum
1379 1307 1498 1347 ictum,
1508 1311 1544 1339 et
1557 1306 1723 1348 perdidit.

1059 1409 1123 1438 769
1146 1406 1304 1438 Providus
1325 1406 1411 1448 acta]
1433 1406 1641 1448 sagacitate,
1664 1407 1718 1440 Ia.

1060 1459 1124 1488 770
1139 1457 1209 1488 Hos
1223 1457 1327 1498 rey‘icit
1339 1456 1437 1498 ictus]
1455 1455 1635 1499 Refundit,
1646 1457 1720 1490 elu-

1017 1504 1340 1547 dit,evitat.-I‹1em.

1056 1559 1119 1588 771
1144 1557 1324 1589 Interdum
1326 1562 1407 1590 nutu
1420 1558 1594 1600 capitisque
1607 1557 1717 1602 citati]

1015 1605 1153 1638 Velocis
1169 1607 1295 1647 capitis
1318 1612 1424 1641 motu.
1447 1607 1546 1641 Idem.

1057 1657 1120 1687 773
1144 1656 1251 1688 Instat
1262 1657 1388 1699 gressu]
1409 1657 1460 1690 Ut
1473 1660 1614 1690 caveret
1625 1657 1716 1691 ictus

1015 1705 1211 1737 certaminis
1240 1707 1394 1739 anteibat
1421 1707 1525 1749 pede,
1547 1705 1639 1739 facie
1663 1717 1716 1740 re-

1015 1754 1172 1796 cedebat,
1207 1756 1295 1797 quod
1321 1757 1400 1798 ipse
1422 1756 1472 1789 ait
1505 1765 1622 1799 snpra,
1646 1760 1718 1812 tuto

1010 1805 1119 1845 procul
1134 1815 1189 1837 om
1203 1815 1337 1839 recessu.
1359 1807 1472 1839 Idem.

1056 1857 1121 1886 774
1144 1855 1294 1896 Injustis]
1312 1857 1390 1889 Non
1405 1857 1536 1898 aequis.
1558 1857 1640 1900 quia
1651 1858 1717 1891 Ca-

1013 1914 1142 1946 pauens
1166 1911 1242 1938 erat
1266 1905 1399 1939 fortior.
1442 1908 1541 1949 Ergo
1556 1906 1716 1950 frequen-

1014 1960 1078 1987 ter.
1094 1956 1248 1998 quamvis
1274 1957 1364 1989 enim
1389 1961 1581 1999 pateretur,
1600 1962 1714 1990 tamen

1013 2005 1193 2048 aliquando
1206 2011 1394 2039 commotus
1409 2011 1570 2040 attentat.
1593 2007 1693 2040 Idem.

1054 2060 1118 2090 776
1142 2058 1366 2100 Experimtia]
1388 2057 1455 2091 Ars
1477 2058 1715 2101 experimento

1013 2108 1172 2140 collecta.
1195 2108 1295 2141 Idem.
1508 2105 1512 2108 ’

1055 2160 1119 2190 778
1141 2157 1272 2199 Fracta]
1295 2158 1417 2191 Divisa
1432 2158 1557 2200 nescit,
1567 2159 1651 2201 «quia
1666 2159 1715 2192 ic·

1013 2211 1085 2239 tum
1101 2207 1216 2240 furore
1232 2218 1298 2240 non
1315 2213 1482 2242 senserat.
1503 2209 1603 2243 laem.

1054 2262 1117 2291 781
1142 2260 1308 2291 Inter-serit
1319 2261 1430 2301 ictum]
1457 2259 1584 2292 Amare
1607 2259 1713 2301 Papi-

1012 2309 1104 2340 nium
1136 2310 1185 2341 sic
1214 2310 1401 2350 composita
1431 2310 1535 2341 verba
1553 2315 1710 2342 notamus

1010 2369 1113 2400 supra
1129 2360 1190 2392 lib.
1207 2369 1255 2392 ιν.
1270 2370 1319 2392 vs.
1334 2363 1410 2392 524.
1454 2361 1500 2392 Et
1516 2360 1711 2393 observavit

1011 2408 1142 2441 duobus
1170 2415 1229 2441 aut
1255 2409 1363 2441 tribus
1394 2410 1560 2450 exemplis
1587 2407 1710 2443 Claud.

1011 2460 1240 2501 Dausqueins,
1263 2459 1307 2491 ad
1334 2465 1478 2491 extrem.
1500 2459 1561 2492 lib.
1587 2469 1612 2492 1.
1636 2461 1711 2492 Silii

1011 2509 1137 2541 Italici.
1181 2510 1293 2541 Serere
1317 2510 1414 2549 ictum
1438 2509 1527 2541 dixit
1548 2510 1712 2552 Papinius

1010 2559 1168 2600 exemplo
1185 2559 1338 2591 Lucretii
1361 2564 1398 2590 et
1426 2560 1575 2591 aliorum.
1620 2561 1711 2593 Vide

1010 2613 1130 2641 notata
1154 2610 1346 2641 doctissimo
1375 2609 1596 2651 Sinserlingio
1625 2611 1710 2643 Pro-

1010 2660 1107 2691 mnls.
1129 2668 1206 2700 cap.
1233 2662 1287 2690 20.
1315 2660 1372 2700 qui
1391 2659 1518 2699 Epulas
1543 2665 1601 2692 aut
1624 2661 1712 2692 Con·

1009 2708 1151 2749 giarium
1183 2708 1293 2741 adhuc
1324 2708 1429 2741 debet
1458 2709 1594 2742 literato
1623 2710 1709 2743 orbi⁴

1011 2758 1130 2791 Barth,
