1878 3164
291 214 502 249 conrcsss
537 215 589 247 m
624 214 877 247 nmmorn.
911 213 1079 247 narr-r.
1110 213 1407 247 Assssnvxrr.
1464 204 1579 248 2071

119 323 301 369 quoque
321 323 424 367 quae
450 310 498 352 in
530 310 616 352 hoc
640 310 754 352 libro
782 309 996 353 deteriore
1032 313 1079 353 et
1106 309 1284 353 labante
1313 323 1447 354 manu
1477 315 1580 354 sunt

117 379 298 424 notata!
332 378 444 422 Not.
466 377 555 420 Ms.
577 377 833 421 D’Orvillii.

176 447 231 490 X
249 446 293 490 2.
311 447 358 499 5,
377 447 448 489 25.
497 446 554 489 Ρ.
575 446 632 490 Ρ.
667 446 802 489 Statii
825 446 978 503 Opera
1006 445 1077 488 ed.
1098 444 1380 489 Veenhusen.
1401 447 1454 489 L.
1476 447 1581 490 Bat.

119 514 248 559 1671.
267 514 371 558 Svo.
391 526 495 556 cum
512 515 630 557 notis
650 515 871 557 nonnullis
894 515 1010 560 Mss.
1029 513 1077 557 J.
1091 513 1147 556 P.
1169 513 1418 557 D'Orvillii.

178 582 234 626 X
250 583 296 630 2.
316 581 414 625 infr.
431 582 477 634 2,
493 582 539 625 3.
571 582 707 626 Notae
736 586 781 625 et
808 582 917 626 Var.
945 581 1086 624 Lectt.
1106 581 1153 623 in
1173 580 1343 624 Poetas
1363 582 1550 625 Latinos
1568 596 1581 635 3

0 618 7 673 :³
99 651 236 695 ,inter
254 662 384 706 quas,
409 650 453 692 3.
473 649 683 693 Scriverii
705 648 842 693 Notae
865 649 923 692 ad
953 649 1145 692 Statium
1166 648 1388 691 Bematii:
1417 662 1463 704 p.
1482 650 1582 691 1.—

118 720 164 762 ⁸7.
192 718 249 762 In
277 717 414 761 Statii
440 716 608 761 Achill.
642 716 824 773 Argent.
850 718 980 761 1515.
1010 729 1056 771 p.
1077 715 1119 758 1.
1178 710 1268 759 Ms·
1296 716 1582 760 Strackhovii

120 799 168 829 m
179 787 299 897 ἔξω
318 853 469 896 omnia
481 851 789 896 D'Orvilliana
809 864 871 894 ex
891 849 1111 907 Gatalogo
1131 852 1188 894 cl.
1207 851 1263 893 T.
1284 850 1512 894 Gaisford.

178 920 419 972 Achilleis,
441 934 546 964 cum
559 921 694 964 Notis
716 921 831 964 Mss.
852 919 1106 963 Bellovisus
1124 917 1170 961 J.
1190 918 1325 961 Petit.
1345 919 1473 962 1506.
1492 921 1582 962 4to.

180 988 238 1031 In
260 987 369 1031 Call.
392 986 588 1044 Magdal.
637 987 772 1030 Statii
793 987 992 1030 Thebais
1014 1000 1116 1029 cum
1135 990 1228 1029 not.
1249 986 1582 1041 marginalibus,

122 1055 223 1100 cod.
241 1056 480 1098 membran.
501 1055 673 1097 circiter
692 1068 799 1098 saec.
821 1066 915 1097 xu.
961 1054 1194 1110 Deperditi
1213 1058 1317 1096 sunt
1335 1066 1491 1097 versus
1510 1054 1583 1096 73.

121 1135 182 1167 ex
198 1123 313 1165 libro
332 1125 568 1177 postremo.

181 1187 238 1232 In
261 1187 369 1230 coll.
399 1187 524 1244 Corjp.
555 1186 709 1230 Christi
729 1188 940 1237 Thebais,
958 1188 1060 1231 8vo.
1078 1190 1320 1232 membran.
1338 1201 1440 1231 cum
1453 1188 1583 1230 notis.

124 1257 335 1301 Continet
352 1257 504 1307 etiam,
522 1257 634 1299 inter
654 1256 761 1308 alia,
777 1255 968 1298 Homeri
984 1256 1238 1311 Epstomen,
1258 1256 1312 1298 de
1328 1256 1456 1298 Bello
1474 1255 1587 1298 Tro-

0 1316 3 1317 ⁷
59 1324 62 1328 ⁴
117 1325 242 1381 jano,
273 1323 476 1367 versibus
511 1323 610 1366 Lat.
644 1323 799 1377 script.
830 1336 871 1366 a.
891 1323 1023 1368 1377.
1072 1324 1159 1366 Est
1184 1324 1320 1368 etiam
1350 1325 1396 1366 in
1430 1323 1585 1366 eadem

124 1390 408 1434 Bibliotheca
426 1389 541 1432 alius
559 1389 692 1433 Statii
711 1389 930 1432 Thebaid.
953 1391 1051 1433 cod.
1073 1391 1162 1433 Ms.

182 1457 238 1500 In
271 1455 378 1500 coll.
416 1454 609 1500 Lincoln.
640 1460 710 1499 est
744 1456 855 1500 Cod.
888 1458 1135 1508 continens,
1169 1458 1276 1501 inter
1310 1458 1402 1500 alia
1434 1458 1586 1510 multa,

125 1522 380 1566 materialem
413 1522 738 1579 praelibationem
783 1523 1048 1568 Thebaidos
1089 1525 1235 1569 Statii.
1286 1524 1434 1568 Catal.
1470 1525 1584 1568 Mss.

129 1591 261 1647 Angl.
283 1595 328 1634 et
349 1590 592 1634 Hiberniae.

667 1734 804 1778 Codex
828 1734 1060 1779 Edinensis.

189 1823 243 1866 In
279 1821 538 1867 Bibliotheca
578 1823 885 1868 Advocatorum
923 1828 1043 1883 apud
1088 1827 1336 1871 Edinenses
1374 1831 1443 1871 est
1485 1829 1586 1872 cod.

131 1891 370 1934 membran.
414 1891 547 1936 Statii
565 1891 838 1946 Thebaidos,
858 1893 957 1938 Svo.
