1878 3164
483 205 525 237 P.
555 203 746 237 Papum
780 203 946 235 STATu
977 203 1124 234 THEB.
1159 204 1253 235 1213.
1275 204 1341 235 1v.

188 300 362 344 upum
375 298 411 332 in
424 298 670 341 'nutam-num
684 297 893 340 correctioni

188 361 209 385 a
231 351 440 392 noctu-ino
464 349 636 389 Gutlierio
660 349 720 382 lib.
739 358 794 382 lv.
837 348 891 380 De

183 402 268 445 jure
280 401 444 441 Pontiae.
457 410 534 443 cap.
550 404 605 434 13.
648 400 777 442 Semper
787 399 890 440 virga·-

187 461 245 487 nn
255 457 371 486 utem
385 450 511 484 Purioe.
533 451 653 484 Barth.

229 505 305 537 ω
315 502 490 542 munde
503 502 641 543 evigitur
657 499 783 542 Cereri]
806 500 893 532 Tria

188 557 271 587 suut
282 553 318 586 in
331 552 511 586 sacrificiis
533 553 621 592 loca,
646 561 711 593 per
725 561 804 593 quae
821 550 892 592 pia—

187 603 320 637 tione·
346 602 504 636 facimus.
559 602 762 635 Scrobiculo
797 600 892 633 facto

186 653 320 692 iahia.
360 654 585 688 terrestribus
622 662 726 695 supra
762 657 890 685 terram

133 739 136 742 ,
185 704 431 743 sacrificamus,
478 705 676 738 caelestibus
721 703 891 736 extructis

184 755 296 791 focis:
329 757 421 790 uude
458 757 562 791 etiam
598 756 775 789 nominata
810 756 892 787 suut

184 806 352 848 ‘altaria,’
365 807 410 841 ad
425 817 503 850 qum
519 806 754 840 sacrificantes
771 815 891 838 manus

184 857 393 900 porrigi-u·
406 858 441 891 in
457 858 578 891 altum.
600 858 752 890 Lactunt.

202 930 208 939 2
226 910 295 942 m
315 909 488 950 cupressus
499 908 638 951 ploratu]
653 907 819 940 Luctibus
832 917 892 948 ap-

186 963 236 993 ts.
277 959 468 1001 Capreo-us
496 959 672 1001 speciosus
701 967 788 1000 puer
809 958 890 989 dum

173 1014 374 1057 'veantur
391 1010 428 1043 ia
453 1019 602 1042 amorem
626 1009 678 1041 sni
692 1009 890 1051 Apollinem

185 1061 366 1108 compulit,
378 1070 402 1094 a
416 1069 484 1103 quo
498 1060 637 1102 accepit
652 1069 792 1092 cervum
814 1059 890 1101 pul-

185 1111 392 1145 cherrimum
424 1120 568 1143 muuere
598 1115 635 1143 et
661 1114 890 1149 mansuetum,

185 1172 288 1207 que-
304 1173 381 1197 cun
403 1163 577 1205 diligeret,
601 1163 711 1194 lassus
735 1171 890 1194 somnum

185 1214 253 1247 sub
266 1214 390 1248 arbore
411 1223 539 1256 capere
561 1213 684 1255 eoepit,
705 1212 890 1254 subitoque

187 1266 359 1299 excitatus
372 1265 534 1307 strepitu,
560 1273 699 1310 cervum
723 1264 826 1304 longe
841 1263 891 1294 vi-

185 1317 256 1358 dit;
269 1316 414 1350 credens
425 1316 632 1356 silvestrem,
646 1314 749 1346 missa
764 1314 891 1358 sagitta

186 1375 264 1400 eum
281 1366 469 1407 interemit,
492 1366 692 1408 agnitoque,
715 1374 826 1407 usque
849 1374 891 1396 eo

184 1417 366 1459 ingenuit,
384 1421 428 1450 nt
453 1417 498 1450 ab
520 1417 612 1449 omni
635 1416 713 1449 cibo
739 1420 890 1458 potuque

185 1468 389 1506 abstineret,
424 1477 492 1511 quo
527 1468 732 1500 tabescente
761 1465 890 1508 Apollo

185 1519 346 1551 misertus
359 1517 444 1560 ejus,
467 1518 572 1550 vertit
587 1526 664 1550 enm
682 1518 715 1548 in
732 1518 891 1548 arborem

185 1568 427 1608 sui-noninis;
453 1567 497 1600 de
519 1577 587 1611 quo
601 1568 700 1610 Virg.
716 1569 726 1585 ‘
742 1568 894 1599 Funesta

186 1617 312 1652 fronde
348 1617 518 1651 coronat?
569 1618 659 1650 Haec
697 1627 802 1650 causa
838 1622 893 1650 est

185 1678 294 1712 quare
319 1677 503 1710 cupressus
529 1667 712 1700 adhibetur
737 1667 891 1708 locuple-

185 1717 469 1753 tum-funeribus.
500 1718 632 1751 Lucan.
656 1718 667 1735 ‘
678 1718 723 1749 Et
738 1727 807 1749 non
819 1718 893 1759 ple-

185 1769 283 1803 beios
297 1769 410 1803 luctus
434 1773 560 1803 testata
582 1768 790 1810 cupressus,²
811 1768 893 1810 quia

183 1820 380 1854 inustam
393 1818 540 1852 familias
557 1819 699 1851 Romani
714 1819 780 1850 hac
796 1824 893 1851 nota-

187 1871 282 1904 lnut.
325 1870 476 1906 Quidam
490 1871 610 1902 volunt
623 1870 666 1902 ad
688 1870 752 1902 hoc
769 1879 893 1902 nomeu

187 1923 336 1957 electam
366 1922 538 1960 arborem,
567 1922 650 1964 qnia
678 1920 894 1954 infructuosa

185 1978 269 2016 apta
282 1972 454 2006 defunctis
467 1977 543 2013 ρης
566 1972 622 2004 vel
638 1971 730 2014 quod
753 1972 787 2003 in
805 1975 894 2004 tute-

184 2025 254 2059 im
269 2034 345 2058 eam
361 2024 512 2056 dixerint
530 2021 728 2055 inferorum.
749 2022 850 2055 Idem.

228 2077 297 2108 ⁴62
317 2073 466 2116 ffinuai]
487 2073 676 2115 Designata
693 2072 812 2114 capita
833 2072 894 2104 ha-

187 2125 336 2159 bentes:
361 2125 456 2168 prius
481 2124 572 2156 euim
597 2127 683 2156 sete
710 2123 893 2164 tolluntur,

187 2179 249 2209 aut
273 2176 365 2214 lana,
393 2179 432 2207 et
455 2174 527 2206 aris
553 2173 754 2215 imponitur,
779 2177 816 2205 et
844 2173 904 2205 ituv

188 2227 287 2270 quasi
311 2226 512 2268 designatur
530 2225 771 2258 immolationis
793 2223 894 2256 victi-

187 2287 255 2311 ma.
278 2278 379 2311 Idm.

228 2330 295 2366 ωδ,
331 2328 480 2360 Cecidere
505 2326 636 2368 greges]
668 2325 895 2359 Sacerdotum

187 2378 404 2413 consuetudo
420 2378 500 2411 talis
514 2381 580 2418 est,
605 2382 644 2409 ut
659 2382 720 2409 aut
734 2377 799 2418 ipsi
816 2386 895 2418 per-

189 2430 324 2463 entim
338 2429 505 2469 victimas,
526 2432 563 2460 et
588 2432 599 2446 ‘
612 2436 738 2469 agones
749 2427 759 2441 ’
775 2426 896 2468 appel-

187 2480 329 2520 lantum
372 2484 432 2512 aut
461 2479 513 2510 sic
555 2481 714 2510 tenentes
745 2478 896 2510 cultrum

189 2531 278 2564 alter
291 2530 482 2572 impingatz
504 2527 583 2560 ideo
609 2527 751 2566 dicitur,
773 2527 813 2559 Iu
826 2527 896 2558 val·

189 2589 250 2613 aas
266 2580 406 2614 cecidere
422 2587 549 2620 greges,
573 2577 655 2620 quia
677 2580 686 2595 ⁸
702 2576 897 2609 victimatu-

190 2630 266 2664 ια’
289 2630 466 2664 dicuntur.
488 2629 588 2661 Idem.
631 2627 784 2669 Mantho]
810 2627 899 2660 Filia

188 2681 369 2724 Tyri-esim
383 2681 493 2722 virgo.
516 2679 617 2712 Idem.
692 2682 699 2686 “

231 2734 298 2765 406
334 2730 507 2772 Proelibut]
535 2730 655 2762 Primo
683 2733 738 2762 est
764 2728 899 2769 sangui-

191 2781 406 2820 n-libare,
429 2780 558 2815 deinde
579 2780 773 2822 immolare,
795 2779 900 2813 tertio

1535 195 1649 237 1855

943 296 1100 338 reddere,
1130 301 1254 340 quarto
1278 291 1393 330 litare.
1416 297 1520 330 Idem.
1565 299 1648 331 San-

938 347 1068 388 guinem
1081 351 1112 380 et
1127 347 1246 389 omues]
1274 348 1355 380 Non
1372 352 1543 380 mutamus
1557 348 1647 382 hanc

941 398 1138 431 lectionem.
1193 399 1317 441 Neque
1346 398 1467 439 inepta
1496 408 1539 431 eo
1570 399 1648 431 loco

942 448 1053 489 elisio,
1086 458 1163 481 cum
1192 459 1292 491 pares
1322 449 1394 481 sint
1422 449 1457 481 in
1489 449 1651 491 Marone,

943 498 1098 540 aliisque,
1113 499 1214 531 etiam
1240 499 1380 539 ovidio,
1404 504 1442 532 et
1466 500 1542 542 ipso
1562 500 1651 532 anti-

942 558 1085 591 quorum
1101 549 1287 582 Poetarum
1304 560 1468 592 perquam
1482 550 1651 591 studioso,

941 599 1030 642 quod
1043 599 1260 633 mirabuntur
1274 601 1439 643 magistri,
1454 611 1532 634 cum
1548 601 1650 634 doce-

941 652 1046 686 bitur.
1099 652 1199 693 Virg.
1228 652 1362 685 AEneid.
1393 662 1420 686 1.
1455 653 1465 670 ‘
1479 652 1650 685 Omnibus

942 704 1128 736 exhaustos
1136 704 1210 745 jam
1226 704 1374 744 casibus,
1395 704 1544 736 omnium
1569 713 1651 746 ege·

942 754 1028 787 nos!
1072 754 1115 786 In
1143 754 1230 787 libro
1255 759 1369 787 tamen
1395 755 1526 796 optimo
1553 755 1648 787 clare

941 810 998 837 est
1019 805 1180 845 Sanguen,
1196 809 1235 837 ut
1248 809 1284 837 et
1299 805 1333 836 in
1350 805 1483 846 potiore
1501 805 1650 846 illorum,

941 865 1026 897 quos
1062 855 1211 887 contulit
1249 855 1482 896 Lindeubrog.
1536 857 1648 897 Quam

941 905 1191 937 correctionem
1206 915 1282 938 esse
1308 906 1450 948 alicujus
1473 906 1515 938 ab
1537 908 1651 940 veteri

942 965 1016 988 aevo
1032 955 1239 988 Palaemonis
1255 956 1425 989 existimo.
1451 957 1570 989 Barth.

984 1008 1050 1038 468
1072 1006 1148 1047 Ipsa
1161 1006 1305 1038 sonantia
1313 1006 1472 1048 flammis]
1496 1006 1652 1044 Hostias,

942 1055 1043 1088 etsie
1066 1055 1182 1088 futura
1205 1056 1303 1088 dicit.
1348 1055 1415 1088 Ars
1435 1061 1549 1088 autem
1573 1066 1652 1089 aru-

942 1106 1077 1148 spicina
1088 1106 1163 1138 haec
1175 1106 1292 1146 habet,
1308 1111 1347 1138 ut
1362 1111 1399 1139 et
1415 1106 1523 1138 thuris
1536 1112 1652 1139 motus

942 1162 979 1189 et
995 1157 1161 1198 crepitus.
1185 1162 1222 1188 et
1242 1156 1325 1189 fumi
1343 1161 1474 1189 meatus
1490 1161 1527 1189 et
1541 1155 1651 1189 flexus

941 1217 1091 1250 aruspex
1116 1210 1192 1249 ipse
1217 1208 1369 1249 colligat,
1396 1207 1553 1249 quoniam
1577 1208 1652 1240 haec

942 1259 1089 1301 primum
1106 1260 1202 1301 signa
1225 1265 1286 1291 aut
1309 1263 1478 1290 testantur
1494 1263 1651 1291 extorum

942 1310 1127 1351 promissus
1142 1311 1169 1342 si
1191 1310 1281 1342 bona
1296 1311 1378 1349 sint,
1392 1314 1452 1342 aut
1467 1310 1496 1341 si
1513 1315 1652 1342 contra·

942 1361 993 1393 ria
1017 1361 1245 1404 refragantur.
1269 1366 1308 1393 ut
1333 1365 1478 1392 testatur
1503 1361 1593 1392 liber
1608 1361 1653 1393 de

942 1411 1052 1443 thuris
1075 1412 1182 1453 signis
1198 1412 1257 1454 qui
1274 1412 1382 1453 ipsius
1397 1411 1552 1454 Tyresiae
1568 1413 1653 1445 scri-

942 1461 1048 1494 bitur·
1070 1463 1220 1495 Lactant.

985 1515 1051 1544 469
1073 1512 1196 1554 Sensit]
1218 1513 1310 1547 Quia
1322 1513 1465 1545 carebat
1479 1514 1588 1546 oculis
1600 1522 1653 1545 sa-

943 1564 1077 1596 cerdos.
1101 1564 1205 1596 Idem.

986 1617 1051 1647 470
1073 1615 1181 1647 Ardor
1194 1614 1335 1655 anhelat]
1359 1615 1437 1647 Hoc
1454 1614 1543 1647 bene
1559 1615 1654 1656 adje-

943 1667 1004 1699 cit.
1050 1666 1141 1698 Nam
1157 1666 1326 1708 quomodo
1343 1675 1456 1697 c-aecus
1472 1671 1590 1706 posset
1603 1666 1655 1697 in-

944 1716 1102 1758 telligere
1118 1726 1196 1748 aras
1210 1716 1347 1758 ardere,
1366 1716 1432 1747 nisi
1453 1716 1542 1758 ignis
1559 1715 1653 1748 affla-

945 1769 1008 1799 tu?
1032 1768 1132 1800 Idem.
1669 1804 1672 1806 v

985 1820 1050 1850 4⁷2
1077 1818 1147 1850 Vox
1160 1817 1305 1859 impulit]
1321 1816 1363 1848 Id
1381 1821 1448 1857 est,
1465 1816 1557 1848 illius
1573 1827 1654 1859 pre-

944 1868 1041 1901 cibus
1057 1867 1195 1900 flamma
1209 1868 1341 1900 nutrita
1359 1873 1423 1899 est.
1447 1869 1546 1899 Idem.

986 1923 1051 1953 477
1073 1920 1158 1952 Loca
1169 1918 1272 1960 muta]
1286 1919 1429 1951 Silentia
1446 1918 1651 1959 inferorum,

945 1976 981 2004 ct
997 1972 1063 2012 ipsi
1080 1971 1250 2003 Silentum
1274 1971 1409 2002 nomine
1436 1970 1479 2002 ab
1496 1970 1656 2002 omuibus

946 2021 1067 2054 Poetis
1097 2021 1328 2054 celebrantur.
1374 2020 1479 2053 Ovid.
1509 2019 1568 2052 lib.
1599 2029 1653 2052 lv.

945 2073 956 2091 ‘
970 2073 1081 2105 Ducit
1096 2072 1139 2105 ad
1156 2071 1304 2104 infernas
1322 2081 1388 2112 per
1408 2074 1503 2102 muta
1517 2071 1657 2103 silentia

946 2123 1073 2156 sedes!
1116 2122 1231 2164 Inane]
1244 2122 1400 2154 Vacuum
1415 2131 1570 2163 regnum.
1589 2122 1658 2154 Vet-

945 2173 1048 2206 Schol.
1065 2173 1164 2206 Inane
1180 2172 1265 2204 dicit
1277 2172 1426 2212 spatium
1441 2173 1664 2211 immensum,

945 2228 985 2255 ut
1001 2223 1122 2256 Poetae
1138 2232 1251 2263 omne,
1269 2222 1359 2264 quod
1376 2223 1468 2254 inter
1482 2223 1605 2254 coelum
1621 2224 1659 2253 et

946 2279 1075 2307 terram
1090 2278 1159 2314 est,
1173 2274 1238 2305 hoc
1254 2272 1389 2304 nomine
1403 2276 1557 2304 censent.
1582 2271 1658 2303 Ina-

945 2334 984 2356 ne
1008 2324 1115 2365 igitur
1141 2332 1240 2355 omne
1256 2331 1399 2363 regnum
1414 2321 1586 2353 infernum
1603 2330 1658 2353 so-

945 2379 1020 2407 nat.
1043 2374 1163 2406 Barth.

989 2427 1056 2457 478
1078 2425 1260 2465 Vulgmque
1274 2432 1352 2454 cava
1363 2421 1467 2462 nocte]
1493 2422 1581 2453 Cum
1596 2431 1658 2462 pa—

946 2475 1036 2508 tenti
1060 2479 1121 2507 aut
1136 2474 1227 2506 alta:
1257 2473 1317 2504 sed
1334 2472 1454 2504 melius
1476 2482 1554 2504 cava
1569 2475 1659 2504 nocte

947 2530 1011 2563 est,
1027 2534 1136 2557 vacua
1150 2524 1195 2555 ab
1206 2532 1326 2564 opere.
1339 2522 1432 2554 Lact-
1467 2521 1659 2564 Repostum]

947 2576 1033 2608 Ideo
1050 2574 1142 2617 quod
1165 2574 1285 2606 itidem
1303 2573 1346 2604 ad
1364 2582 1508 2614 superos
1525 2572 1568 2605 ad
1585 2581 1664 2605 cor-

948 2635 1011 2668 pus
1027 2629 1232 2657 revertatur.
1257 2623 1357 2655 Idem.

992 2679 1056 2709 48⁰
1080 2676 1178 2709 Ferte
1198 2675 1293 2707 simul
1315 2673 1459 2715 gressus]
1480 2673 1658 2706 Nocentes

948 2727 1062 2770 inquit
1075 2726 1120 2759 de
1140 2730 1287 2765 tartaro,
1305 2725 1356 2766 pii
1373 2725 1416 2756 de
1432 2723 1548 2765 Elysio
1563 2723 1658 2754 veni-

949 2781 1022 2810 ant.
1039 2777 1140 2812 Idem.
1184 2774 1351 2816 Manibus]
1373 2775 1497 2807 Manes
1515 2773 1658 2807 Graeco·
