1878 3164
426 202 471 235 Ρ.
505 203 696 235 ΡΑΡΙΝῙΙ
731 202 899 235 STATu
932 201 1139 234 Actum..
1174 202 1348 234 LlB.11.

148 294 334 338 legendum
348 295 497 337 namq·
507 295 542 328 id
553 302 620 337 est,
633 296 856 330 Macedones.

151 344 224 378 Adi
244 344 458 387 nobilissimi,
482 355 504 377 a
530 355 567 378 se
594 350 631 378 et
657 347 855 389 majoribus,

149 396 227 431 Jos.
239 395 404 438 Scaligori
417 395 461 428 ad
487 395 674 428 Ausonium
690 398 855 430 lectiones

149 444 213 479 lib.
228 454 256 479 1.
269 448 348 487 αρ’.
370 447 424 478 11.
446 445 602 478 Ber-m.
647 447 716 483 Quo
731 447 857 480 turbine

149 495 293 537 must]
321 495 490 538 Scaliger,
518 500 664 531 cestrum.
718 497 855 539 Lipsius

150 544 312 577 dubitare
335 545 397 586 sit,
419 549 556 587 matum,
579 556 623 579 an
641 547 771 584 restim5
793 547 856 579 sed

149 595 258 637 uagis
280 595 418 637 placere
438 596 620 638 posterius.
663 597 713 629 At
732 601 856 630 contum

151 648 190 678 et
212 653 275 677 uos
293 645 328 678 in
349 644 480 687 scripto
503 651 540 678 et
562 646 598 678 in
622 646 710 679 binis
726 647 857 689 reperit

151 693 338 736 Gruterus,
363 704 430 728 nec
451 695 555 728 aliter
570 696 806 729 Maturamius
820 702 857 729 et

149 745 373 780 Britannicus
393 746 563 786 legerunt.
585 746 686 779 Silius
707 746 768 779 lib.
793 756 854 780 κν.

148 795 162 822 ‘-
175 795 377 829 Sustentata
393 805 482 837 genu
504 806 568 838 per
590 806 747 838 campum
773 806 856 839 pon-

150 845 343 881 deraconti
362 846 545 880 Sarmatici
570 857 679 889 prona
693 848 856 881 adversos

149 897 298 940 urgebat
323 898 359 930 iu
378 898 519 931 hostes-¹
562 899 663 933 Quod
681 910 725 932 au
741 910 856 933 emen·

149 947 303 981 dandum
319 949 376 991 sit,
391 958 434 982 ne
459 949 619 982 dubitare
643 950 780 992 quidem
796 951 856 983 de-

149 996 256 1033 bebat
277 998 552 1040 elegantissimus
576 999 728 1041 Opitius.
751 1001 856 1032 Vale·

147 1047 222 1082 rius
239 1048 383 1083 Flaccus
398 1049 460 1082 lib.
478 1059 515 1082 v.
529 1054 553 1077 v‘
568 1054 604 1082 et
626 1051 774 1092 ingentis
789 1051 856 1084 fre-

149 1102 252 1132 nator
272 1098 432 1132 Sarmata
453 1099 572 1133 couti!
602 1100 743 1133 Tacitus
765 1100 856 1135 Anu.

151 1157 203 1183 vx.
229 1149 242 1168 ‘
255 1148 424 1183 Sarmatae
437 1150 562 1182 omisso
584 1159 680 1192 arcu,
694 1161 762 1194 quo
778 1162 856 1194 pro-

150 1197 228 1240 pius
257 1199 388 1241 valent,
418 1200 530 1232 contis
559 1200 751 1244 gladiisque
778 1212 856 1235 rue-

151 1247 256 1281 rent!
296 1249 342 1282 Et
366 1259 466 1282 mox:
488 1251 621 1293 ‘neque
635 1252 728 1284 conti
743 1262 855 1294 neque

151 1298 269 1339 gladii,
281 1309 365 1341 quos
380 1300 575 1342 praelongos
589 1306 732 1343 utraque
754 1311 856 1334 mauu

151 1354 288 1391 regunt,
311 1349 411 1382 usui!
456 1351 663 1384 Claudianus
684 1351 790 1384 etiam
810 1352 854 1385 de

151 1399 307 1436 Romano
329 1400 444 1433 Milite
466 1401 502 1433 in
523 1410 584 1435 111.
614 1402 717 1434 Cous.
734 1402 854 1435 Hono-

150 1447 216 1482 rii:
239 1454 250 1468 ⁴
267 1460 348 1492 pars
372 1451 525 1483 cominus
549 1451 690 1484 horrida
715 1453 855 1486 contis!

149 1499 192 1532 In
221 1504 365 1543 quarto:
402 1502 502 1544 ‘quis
534 1502 679 1535 tendere
715 1508 854 1536 comum

149 1550 313 1584 Acrior?
357 1552 435 1585 Nec
462 1562 546 1585 vero
572 1552 613 1584 τὸ
641 1553 765 1585 turbine
786 1562 855 1585 nou

149 1600 310 1642 congruit
320 1606 424 1635 conto.
467 1603 531 1635 Est
546 1603 637 1635 enim
651 1603 786 1644 Virgilii
797 1604 855 1636 AE-

150 1646 311 1683 neid.'xr.
333 1655 343 1670 ¹
360 1661 430 1694 quo
447 1651 583 1684 turbine
599 1658 759 1695 torqueat
779 1653 855 1685 has-

150 1693 247 1732 tim}
281 1699 384 1732 Silius
397 1700 455 1733 lib.
479 1710 531 1733 lv.
569 1701 581 1719 ‘
596 1701 653 1733 Sic
669 1701 733 1742 ait,
749 1701 854 1734 intor-

146 1758 258 1791 quens
283 1749 418 1784 directo
433 1750 572 1783 turbine
596 1750 722 1784 robur!
766 1752 855 1783 Con·

149 1799 202 1831 sul
217 1804 303 1841 puta
317 1799 508 1834 Gracchus.
529 1801 699 1833 Caestibus
715 1801 748 1833 in
765 1811 853 1843 prae-

148 1848 203 1882 liis
215 1859 294 1882 usos
309 1859 377 1883 non
392 1850 494 1883 modo
516 1851 691 1891 miramur,
705 1851 766 1883 sed
780 1852 853 1883 nul-

149 1899 218 1932 lam
240 1899 346 1936 etiam
371 1905 509 1941 gentem
533 1900 760 1934 usamfuisse
786 1902 853 1935 sci-

148 1959 236 1983 mus.
260 1951 399 1983 Gronov.

189 2002 256 2033 419
284 2000 454 2042 Baleares]
503 2001 632 2034 Insulae
675 2002 852 2045 Hispaniae

149 2049 323 2091 Maiorica
363 2056 400 2092 qt
435 2051 620 2094 Minorica‚
657 2052 693 2085 in
730 2054 853 2095 quibus

149 2109 232 2133 usus
258 2099 375 2133 fundae
408 2100 490 2142 fuit,
516 2101 605 2134 unde
635 2111 760 2135 nomeu
785 2114 852 2136 cae-

149 2149 203 2191 pit
216 2159 227 2190 ς
244 2148 357 2187 βάλλω
371 2151 460 2183 euim
470 2151 558 2191 jacio
572 2153 754 2194 significat.
777 2155 853 2187 Ma-

149 2203 272 2234 terant.
471 2213 476 2219 ·

191 2253 258 2284 420
278 2251 449 2294 Suspenso]
469 2251 563 2286 Ante
571 2253 719 2295 jactum.
741 2254 854 2288 Libra·

147 2301 213 2343 ret]
237 2301 279 2334 In
296 2302 388 2343 aiire.
411 2303 512 2336 Idem.

191 2354 255 2392 421
281 2352 387 2394 Gyro]
413 2353 586 2395 Graphice
601 2354 765 2388 describit
775 2356 853 2397 jac-

150 2407 224 2436 tum
235 2401 366 2444 funde,
385 2414 464 2438 uam
478 2405 781 2439 circunvolvuntur
795 2408 853 2439 ha-

148 2452 309 2495 beuae,et
324 2459 484 2489 causatur
507 2455 670 2495 circulus,
692 2456 782 2489 unde
805 2458 853 2490 vi·

150 2503 251 2537 detur
264 2504 324 2536 aer
338 2504 444 2537 dividi
460 2505 494 2536 in
509 2515 640 2547 gyrum.
668 2507 767 2539 Idem.

193 2556 258 2587 422
299 2555 365 2587 Via:
393 2565 557 2588 memorem
589 2559 715 2588 cunctos
748 2557 852 2599 actus]

149 2603 318 2645 longum,
340 2605 462 2647 inquit,
487 2611 581 2638 esset
603 2615 736 2638 omnem
761 2613 851 2640 trac-

151 2653 333 2687 tandorum
355 2665 525 2688 armorum
549 2656 716 2688 rationem
743 2658 852 2699 expli-

151 2712 244 2736 care.
285 2705 427 2746 Juugere
432 2705 553 2748 fossas]
574 2707 671 2740 Tunc
686 2706 784 2741 fossae
801 2708 851 2740 di-

151 2757 274 2788 cuntur
297 2754 399 2798 jungi
430 2757 533 2799 saltu,
563 2767 641 2791 cnm
669 2757 715 2792 ab
743 2759 852 2793 altera

1493 194 1607 237 2047

906 301 1006 337 parte
1033 297 1077 329 ad
1111 297 1255 329 alteram
1289 296 1492 330 transilitur.
1529 299 1609 331 Bri·

908 349 998 378 tana.

948 399 1011 429 425
1034 395 1268 438 Simulacraque
1279 397 1410 438 pugnae]
1426 397 1522 430 Ordo
1534 402 1588 430 est
1598 410 1609 431 z

904 447 1024 479 Docet
1037 455 1091 478 me
1107 447 1271 488 excipere
1285 448 1430 480 molares
1449 448 1610 481 umbone.

904 496 1082 529 Simulacra
1101 499 1233 540 pugnoe]
1257 498 1300 530 Id
1327 503 1395 540 est,
1425 510 1500 542 quae
1528 506 1611 533 sunt

905 546 1071 587 imagines
1098 557 1187 580 verae
1215 558 1363 590 pugnae3
1385 559 1463 582 nam
1490 551 1539 582 sic
1565 552 1610 582 ti-

905 605 1005 628 rones
1031 606 1092 638 per
1108 598 1284 631 simulatas
1301 609 1433 640 pugnas
1448 600 1609 633 erudiun-

907 650 962 678 tur
977 646 1020 678 ad
1036 657 1117 679 vera
1132 650 1332 682 certamina.
1357 650 1458 683 Idem.

946 698 1012 728 426
1035 698 1188 740 Malam]
1206 699 1355 740 Lapides
1366 700 1528 733 dicuntur
1538 711 1609 735 ma-

897 744 1003 786 jores.
1027 745 1193 779 Ovidius:
1217 750 1227 766 ‘
1241 748 1430 791 dextraque
1446 751 1609 784 molarem

903 795 1062 838 Sustulit,
1074 802 1108 829 et
1123 807 1280 838 magnum
1296 809 1419 841 magno
1431 803 1609 834 conamine

904 845 1022 878 misit-⁹
1069 848 1211 879 Molaris
1247 849 1330 881 item
1370 851 1507 892 capitur
1547 862 1609 893 pro

905 895 1023 936 dente,
1037 907 1103 939 quo
1126 898 1222 930 cibus
1245 898 1437 932 conficitur.
1459 901 1611 934 Juvena-

905 945 969 978 lis:
994 947 1005 964 ⁴
1022 947 1180 988 interque
1195 949 1342 981 molares
1354 949 1501 983 Difficili
1517 961 1611 986 cres·

906 999 1009 1028 ceute
1025 995 1127 1029 cibo.’
1150 997 1250 1030 Idem.

946 1048 1011 1078 427
1034 1046 1194 1089 Pedieem]
1218 1047 1261 1080 Id
1287 1053 1354 1087 est,
1379 1058 1434 1082 me
1457 1051 1609 1092 peditem

905 1095 1008 1129 docet
1030 1099 1124 1140 equis
1147 1100 1367 1133 currentibus
1384 1111 1612 1144 praecurrere,

905 1151 943 1178 et
956 1150 1132 1181 remorari.
1155 1149 1256 1182 Idem.
1285 1177 1288 1179 .

946 1200 1011 1229 428
1050 1200 1279 1242 Οααάηζὶηξεε]
1322 1201 1498 1234 Dicuntur
1530 1204 1610 1246 equi

905 1247 996 1289 quod
1009 1250 1169 1290 quaterni
1181 1251 1338 1283 curribus
1353 1257 1432 1283 sunt
1448 1253 1610 1295 subjecti,

906 1297 1041 1339 bijuges
1058 1309 1140 1331 vero
1155 1300 1246 1342 qnod
1265 1301 1347 1333 bini.
1370 1303 1472 1335 Idem.
1596 1330 1598 1332 ,

946 1352 1012 1381 430
1032 1349 1217 1393 Sper-chius]
1247 1352 1388 1384 Fluvius
1412 1353 1612 1389 Thessalioe.

904 1397 1004 1430 Idem.

946 1451 1013 1481 434
1035 1450 1219 1493 Referebat]
1243 1452 1354 1485 Retro
1368 1452 1516 1487 ferebat.
1540 1456 1592 1489 Id.

945 1500 1009 1530 435
1033 1501 1080 1531 Et
1108 1501 1182 1533 tatae
1205 1502 1308 1542 caligo
1332 1503 1409 1545 οἱα]
1441 1505 1608 1548 Subaudi‚

904 1553 993 1588 erat,
1024 1549 1058 1581 id
1082 1556 1147 1587 est,
1176 1551 1394 1592 profunditas
1420 1565 1517 1597 aquae
1547 1556 1610 1589 im·

903 1607 1022 1631 mensa
1037 1600 1175 1642 quidem
1190 1607 1277 1640 erat,
1293 1608 1330 1635 et
1353 1615 1429 1646 quae
1451 1606 1608 1640 timorem

901 1648 1105 1690 ingenerare
1136 1657 1265 1692 posset.
1309 1654 1399 1686 Nam
1429 1657 1501 1688 latae
1536 1659 1610 1700 πίω,

902 1697 1065 1741 intelligit
1077 1700 1139 1733 lati
1149 1700 1310 1742 fluminis,
1322 1704 1440 1747 sicque
1457 1709 1609 1741 occurrit

902 1748 943 1780 iis
958 1750 1017 1791 qui
1040 1749 1158 1783 dicere
1186 1753 1378 1793 potuissent
1399 1765 1505 1798 aquas
1531 1767 1608 1800 pro-

902 1797 1025 1831 fundas
1041 1809 1109 1832 non
1132 1801 1251 1835 fnisse.
1296 1804 1437 1847 Minari]
1462 1806 1531 1838 Pro
1547 1808 1610 1840 mi.

902 1850 1061 1890 nabetur,
1083 1861 1150 1893 quo
1173 1854 1339 1886 sermonis
1360 1865 1487 1897 genere
1502 1858 1607 1891 histo-

902 1900 1075 1942 riographi
1089 1912 1182 1944 saepe
1198 1909 1351 1936 utuntur.
1375 1906 1476 1939 Idem.

944 1954 1010 1983 436
1037 1952 1158 1993 Urgere
1182 1954 1349 1996 pudorem]
1384 1957 1522 1998 Verbis,
1556 1958 1607 1991 iu·

903 2001 990 2042 quit,
1004 2011 1059 2034 me
1075 2003 1271 2043 accusabat,
1288 2010 1325 2036 et
1340 2014 1394 2037 me
1416 2007 1521 2039 veluti
1535 2013 1608 2040 tre-

902 2051 1108 2083 mebundum
1123 2052 1234 2085 verbis
1241 2053 1399 2095 juvabat.
1432 2056 1606 2100 Pudor-em]

902 2099 945 2132 Id
961 2106 1015 2133 eat
1029 2111 1084 2133 me
1106 2102 1231 2145 ipsum,
1248 2104 1283 2135 in
1299 2115 1366 2146 quo
1391 2111 1466 2139 erat
1493 2108 1606 2149 pudor

901 2157 937 2183 et
951 2154 1172 2194 verecundia,
1189 2164 1230 2186 ue
1246 2165 1287 2187 ea
1302 2166 1368 2189 non
1382 2157 1511 2190 obirem
1527 2169 1605 2202 quae
1644 2161 1651 2166 ”

901 2200 1102 2243 imperaret.
1125 2204 1225 2236 Idem.

943 2254 1007 2285 437
1031 2252 1086 2285 Sic
1109 2264 1158 2286 me
1178 2255 1316 2288 sublimis
1336 2258 1447 2298 agebat
1475 2260 1603 2303 Gloria]

901 2302 971 2343 Its,
982 2303 1105 2345 inquit,
1119 2305 1290 2347 laudibus,
1312 2313 1349 2340 et
1365 2309 1475 2349 gloria
1489 2309 1604 2342 incen-

903 2353 1022 2386 debar.
1043 2355 1144 2388 Idem.

942 2407 1009 2437 439
1033 2405 1191 2447 OEbalios]
1213 2407 1414 2441 Laconicus.
1456 2411 1603 2444 Discum

900 2459 1017 2488 autem
1055 2457 1262 2490 Laconicum
1295 2458 1338 2490 ob
1367 2459 1401 2490 id
1437 2462 1603 2502 appellat,

901 2505 993 2548 quod
1009 2506 1037 2539 is
1053 2506 1153 2538 ludus
1169 2506 1304 2540 infamis
1320 2509 1365 2541 sit
1378 2508 1490 2542 factus
1506 2512 1603 2544 caede

902 2550 1104 2598 Hyacinthi,
1118 2557 1152 2589 id
1169 2562 1234 2598 est,
1248 2559 1425 2601 Laconici,
1441 2561 1499 2602 qui
1521 2561 1602 2594 dum

898 2606 998 2643 ‚disco
1010 2617 1087 2639 cum
1101 2608 1262 2650 Apolline
1277 2613 1429 2641 amatore
1451 2620 1512 2642 suo
1527 2621 1603 2643 cer-

903 2662 994 2691 taret
1016 2659 1218 2693 interfectus
1239 2666 1305 2701 est,
1331 2661 1420 2693 uude
1441 2669 1495 2694 est
1516 2663 1602 2695 illud

901 2707 1039 2741 Ovidii:
1077 2711 1087 2729 ‘
1111 2710 1254 2743 Laberis
1294 2711 1455 2744 OEbalide
1491 2713 1603 2754 prima

900 2757 1059 2794 fraudate
1069 2760 1228 2805 juventa,
1243 2762 1393 2796 Phoebus
1406 2763 1480 2797 ait?
1512 2765 1600 2797 Nam
