1878 3164
485 201 524 233 Ρ.
557 200 750 236 Pantul!
782 199 948 232 STATu
982 200 1130 232 Tuan.
1165 200 1261 231 me.
1287 202 1351 232 tv.

180 300 257 338 ως
279 304 402 330 nornen
417 295 508 329 enlin
523 294 766 337 lachrymabile
779 294 883 336 signi·

178 347 266 390 tie-tv
276 345 519 388 Archemorus,
537 344 600 378 ἀπὸ
620 344 882 381 ΘοΑΡΧΝόιΝο

177 396 358 440 αρλοῆοο
386 396 479 440 quod
505 395 635 439 primus
661 397 794 429 occisus
818 402 882 430 est.

176 527 185 538 ,.
220 501 295 534 ‘tte
305 498 514 532 Noudmts'lli
527 498 652 540 raptus]
676 498 707 531 A
718 503 882 540 serpente

177 545 363 594 peremtus.
387 549 494 583 Gloss.
516 550 588 583 Mm-
607 542 735 591 ‘Rapi’
764 550 882 582 dicun-

175 604 238 639 tur
249 610 273 633 a
287 599 422 640 Ροὸςίβ,
438 600 500 643 ,qui
525 600 694 635 violenter
716 600 882 633 occidunt

175 653 213 684 et
225 645 306 684 ante
321 649 410 682 diem
426 655 486 683 aut
504 648 668 683 ordinem.
710 651 881 684 Archemo-

131 739 134 741 Α
174 710 232 740 ns
250 700 375 738 ‚dictus
402 700 471 733 fuit
499 711 520 733 a
546 700 634 741 fato,
662 702 743 744 quia
767 702 809 734 ab
839 713 880 735 eo
905 734 908 737 ,

175 753 302 800 οὶιροι
318 752 520 796 incipiebat,
552 754 712 794 Opheltes.
757 754 814 787 Ab
837 764 880 787 eo

175 804 301 842 deinde
316 803 403 846 fons,
417 804 459 837 ad
473 814 573 847 quem
584 815 606 837 a
616 810 777 847 serpente
789 806 878 838 idem

172 855 394 898 interemtus,
415 860 455 888 nt
469 860 592 888 notant
606 857 725 889 Lutat.
741 856 879 898 Vibius,

172 911 223 941 σι*
242 907 314 940 atii.
349 907 468 949 Barth.
511 906 652 948 Nomen]
686 908 793 939 Fama
823 908 879 940 vel

172 955 294 1000 gluria-
315 981 319 989 >
337 958 508 1001 Hysipyle
524 958 682 990 Lemnias
694 958 780 990 fuit:
795 969 879 1000 quo-

172 1010 433 1052 damztempore
455 1010 537 1043 dum
560 1010 784 1043 Lemniadum
812 1011 877 1043 viri

169 1061 376 1102 imni-seia
396 1065 588 1102 pugnantes
613 1061 762 1093 triennio
785 1066 879 1094 tene-

173 1116 304 1151 rentur,
327 1110 513 1152 indignatae
533 1110 706 1143 desiderio
729 1111 877 1145 foeminae

172 1161 292 1195 siccem
325 1162 488 1195 adversus
519 1172 637 1195 omnes
674 1164 878 1205 conjurave-

171 1217 320 1254 tnutsut
330 1222 448 1246 omnes
460 1214 685 1255 perimerent,
693 1215 784 1247 inter
795 1225 879 1258 quas

172 1264 246 1296 sola
259 1262 453 1306 Hypsipyle
467 1264 612 1297 Thoanti
639 1266 732 1306 patri
755 1275 878 1308 peper-

173 1314 236 1347 cit.
279 1314 334 1346 Ex
359 1323 428 1357 quo
453 1315 599 1348 armavit
619 1320 820 1348 caeterarnm
842 1317 878 1348 in

173 1373 214 1398 se
225 1364 398 1406 furorem3
422 1375 499 1409 quae
524 1365 604 1398 dum
619 1365 760 1408 fugeret
775 1372 880 1409 capta

170 1414 216 1448 ed
241 1415 438 1458 Lycurgum
459 1424 574 1457 regem
601 1415 752 1448 Graecioe
772 1417 880 1451 ducta

169 1469 243 1507 cst,
261 1466 297 1498 in
317 1466 417 1508 cujus
439 1466 581 1499 servitio
603 1476 679 1500 cum
699 1466 807 1500 filium
829 1468 879 1501 O·

173 1516 313 1559 phelten
327 1517 489 1558 nutriret,
505 1527 592 1559 puer
602 1517 753 1550 dracone
765 1519 880 1560 periit,

171 1568 245 1609 qua
255 1567 406 1600 orbitate
421 1576 482 1599 rex
497 1567 606 1601 iratus
629 1578 706 1601 cum
729 1569 764 1600 in
781 1569 879 1612 Hyp·

171 1617 306 1660 sipylen
321 1617 383 1660 jns
408 1617 552 1674 ‹¹0an
569 1628 736 1652 exercere
759 1621 878 1662 vellet,

171 1675 317 1711 eumque
331 1667 403 1701 filio
417 1668 560 1702 inferias
574 1669 726 1711 mittere,
743 1680 762 1702 a
779 1670 877 1703 Gra·-

167 1717 440 1761 cisprohibitns
462 1725 529 1752 est.
574 1719 709 1754 Quibus
731 1721 878 1754 sitienti-

170 1767 241 1802 bes*
259 1767 398 1802 ‘fontem
433 1769 697 1802 demonstravit.
741 1770 877 1803 Graecis

170 1827 255 1852 vero
269 1825 392 1862 postea
406 1829 608 1862 responsum
619 1826 685 1859 est,
699 1831 765 1853 non
782 1823 877 1864 prius

170 1870 289 1903 eossd
304 1871 438 1904 Thebas
451 1871 725 1914 pervenire,nisi
742 1874 876 1915 placas-

170 1925 251 1954 sent
259 1931 378 1954 manes
391 1920 608 1963 Archemori,
621 1932 684 1965 pro
695 1933 763 1966 qua
779 1934 815 1956 re
826 1924 874 1956 illi

169 1970 449 2005 ludossfunebres
464 1973 731 2015 constituerunt,
744 1974 789 2007 de
801 1976 874 2018 qui-

170 2021 238 2060 bus
248 2022 326 2064 ipse
341 2022 447 2065 poeta
460 2023 597 2065 plenius
607 2024 771 2067 loquitur.
785 2026 872 2059 Lact-

199 2070 278 2107 ,⁴122
302 2074 472 2116 Ophelten]
497 2074 669 2116 Opheltes
691 2076 800 2117 prius,
816 2077 874 2119 qui

170 2117 294 2166 possea
311 2123 553 2158 Archemorus.
596 2125 789 2168 Utrumque
814 2137 876 2159 no-

170 2183 251 2207 men
275 2174 534 2216 predictionem
558 2175 633 2217 ejus
658 2175 721 2208 fati
745 2177 876 2218 habuit,

169 2225 230 2267 qni
253 2223 322 2258 fuit
341 2235 361 2257 a
383 2230 545 2267 serpente
567 2225 779 2260 interfectus.
806 2229 874 2261 Vet.

168 2275 340 2310 &lolium
383 2276 607 2319 Se'pnlchrnm
639 2278 739 2319 hujus
776 2280 876 2320 pueri

168 2329 218 2361 int
243 2333 454 2370 cupresseto-
481 2328 596 2360 multis
627 2333 706 2370 post
738 2330 877 2372 seculis,

169 2378 324 2422 adeoque
344 2379 474 2421 templo
496 2379 572 2421 ipso
595 2379 692 2412 Jovis
718 2380 875 2413 Nemeaei

169 2435 350 2472 superstes
370 2429 449 2471 fuit,
466 2428 643 2462 Pausaniae
668 2430 774 2462 etiam
789 2441 875 2472 aevo,

169 2479 230 2514 lib.
248 2490 288 2515 ir.
312 2481 432 2514 Barth.
866 2507 868 2511 .

211 2534 277 2564 ‘128
299 2532 438 2565 Portare
471 2541 528 2564 nec
561 2535 666 2564 archos
701 2532 874 2565 Ther-mm

169 2582 285 2624 sums]
310 2583 403 2617 Quia
422 2583 509 2615 arcti
533 2588 569 2615 et
592 2584 728 2625 angusti
745 2583 874 2616 efficie-

169 2634 297 2667 διπηι-
311 2643 373 2675 per
387 2634 573 2666 anhelitum
585 2634 778 2667 hominum:
795 2644 874 2666 nam

171 2683 324 2717 anhelitu
351 2685 441 2718 solet
470 2694 594 2727 corpus
630 2685 872 2719 intumescere.

170 2734 317 2767 Mni-
337 2739 339 2744 ’
868 2764 871 2767 ,

213 2785 430 2828 nemun-u]
452 2785 656 2823 Rectissime
671 2787 788 2829 glossa
802 2787 874 2830 ‘so-

1525 193 1639 240 1865

934 294 1092 328 lubilis.'-
1117 294 1196 328 Hoc
1222 295 1312 328 enim
1338 295 1514 328 indicatur
1534 301 1639 339 μαινίς

934 356 1030 387 voce,
1045 356 1112 379 non
1127 346 1217 389 quod
1234 345 1319 379 fluat
1339 347 1455 389 m‘bdo,
1469 352 1508 380 ut
1535 351 1637 391 vulgo

932 397 1103 439 loquimur
1125 402 1162 430 et
1184 398 1422 440 intelligimus,
1444 399 1505 430 sed
1533 401 1637 433 etiam

932 448 1023 489 quod
1039 449 1229 481 resolvatur
1251 449 1360 482 instar
1386 460 1513 482 arenae.
1557 452 1637 483 Ser-

933 499 1006 532 vius
1030 500 1064 531 in
1088 499 1254 541 Georgic.
1277 510 1303 533 ι.
1326 504 1335 518 ·
1351 501 1477 537 Fut-res
1500 502 1637 542 glebas?

931 551 1091 582 solubiles
1117 552 1281 592 explicat,
1303 562 1386 594 quas
1408 557 1509 594 tepor
1531 551 1638 586 efficit

930 605 967 633 et
981 605 1142 633 aratrum.
1170 602 1285 634 Barth.
1358 631 1362 634 .

972 654 1035 683 ⁷31
1062 651 1246 692 Catenatas]
1270 653 1449 685 Frenatas.

972 705 991 734 7
995 705 1036 734 32
1051 703 1168 744 Legem
1182 705 1390 737 Dominumve
1402 705 1488 746 pati]
1506 706 1636 747 Scripti

930 753 1038 785 nostri
1067 754 1159 794 libri,
1187 764 1261 786 cum
1292 755 1345 793 iis,
1370 766 1456 797 quos
1479 757 1638 788 contule-

930 808 1020 844 runt,
1046 804 1104 836 alii
1123 806 1325 838 Domino-sve.
1371 807 1416 837 Et
1432 811 1541 838 recte.
1558 807 1636 839 Una

929 855 1021 886 enim
1065 857 1076 873 ‘
1094 854 1233 887 schola'
1271 857 1460 898 Equorum,
1497 857 1556 899 qui
1591 857 1635 888 ad

928 905 1075 939 eundem
1088 905 1223 938 modum
1239 907 1439 947 patientiam
1457 907 1638 948 docentur,

928 955 1026 988 multi
1052 956 1126 997 jam
1156 957 1352 998 parentium
1382 959 1536 990 Domini.
1580 959 1636 990 De

927 1006 1034 1039 verbo
1047 1007 1117 1048 pati
1144 1006 1188 1039 ad
1212 1008 1417 1048 paritionem
1437 1009 1636 1049 pertinente

927 1057 1061 1090 Seneca
1086 1058 1262 1100 Thyeste:
1286 1058 1494 1100 ‘Rebusque
1520 1059 1636 1100 parvis

928 1109 999 1141 alta
1029 1113 1217 1151 praestatur
1245 1108 1358 1150 quies:
1383 1109 1537 1141 immane
1559 1119 1635 1151 reg-

928 1168 1008 1191 num
1021 1164 1075 1192 est
1089 1169 1188 1201 posse
1198 1158 1271 1191 sine
1285 1169 1391 1201 regno
1404 1159 1499 1201 pati!
1518 1161 1635 1192 Barth.

971 1212 1034 1242 ⁷35
1056 1209 1259 1252 Amymones]
1282 1209 1339 1242 Ab
1356 1210 1548 1252 Amymone
1564 1212 1637 1243 Da.-

928 1260 984 1292 nai
1000 1259 1071 1292 fitis
1085 1266 1301 1302 nuncupatus
1310 1259 1398 1293 fons.
1432 1261 1547 1302 Caecis]
1570 1261 1636 1293 La-

929 1311 1100 1351 tentibus,
1123 1311 1202 1353 quia
1224 1311 1486 1352 ignorabantur.
1521 1311 1615 1344 Lact.

971 1364 1036 1394 736
1059 1361 1191 1402 Sedent]
1217 1361 1364 1404 Quaque
1387 1361 1586 1395 incenditur
1599 1365 1636 1394 et

929 1411 1146 1454 deprimitur.
1172 1412 1269 1444 laem.
1628 1439 1631 1443 .

971 1465 1034 1495 737
1059 1463 1192 1494 Flavum
1217 1462 1356 1504 Libyen]
1377 1463 1517 1504 Jupiter
1546 1464 1637 1505 Epa·

930 1514 1047 1555 phum,
1069 1513 1127 1555 qui
1153 1513 1219 1545 hoc
1244 1513 1429 1554 petiverat,
1454 1513 1490 1545 in
1512 1513 1639 1555 AEgyp-

930 1568 1001 1595 tum
1024 1562 1155 1604 oppida
1174 1563 1396 1603 communire,
1420 1563 1536 1605 ibique
1560 1573 1635 1606 reg-

927 1622 1011 1645 nare
1033 1613 1153 1655 jussit.
1199 1613 1374 1654 Oppidum
1395 1613 1575 1655 Memphin
1601 1619 1638 1647 et

928 1663 995 1695 alia
1018 1663 1118 1705 plura
1134 1663 1325 1700 constituit,
1349 1667 1387 1696 et
1409 1673 1453 1696 ex
1470 1664 1637 1706 Cassiopa

927 1724 1034 1747 uxore
1060 1715 1215 1756 suscepit
1250 1714 1354 1746 filiam
1381 1715 1529 1758 Libyen,
1559 1726 1635 1758 quae

926 1771 1048 1808 postea
1075 1767 1111 1798 in
1144 1764 1267 1798 Africa
1296 1775 1437 1806 regnum
1468 1767 1636 1808 possedit.

927 1817 1034 1859 Cujus
1051 1817 1188 1850 nomine
1199 1821 1294 1849 terra
1305 1817 1433 1858 Libyes
1448 1823 1502 1850 est
1518 1818 1637 1861 appel-

926 1868 1008 1900 lata.
1038 1869 1139 1901 Idem.
1626 1882 1632 1898 ;

967 1921 1032 1951 738
1048 1919 1187 1960 Syenen]
1198 1918 1328 1951 Civitas
1338 1929 1414 1961 quse
1425 1918 1635 1962 AEthiopiam

925 1970 969 2002 ab
982 1970 1133 2012 AEgypto
1145 1970 1269 2002 dividit
1284 1981 1292 2002 :
1310 1970 1389 2012 quia
1402 1971 1449 2002 ibi
1462 1980 1635 2014 nunquam

926 2023 1027 2065 pluit,
1043 2022 1121 2054 ideo
1137 2023 1233 2055 nulla
1256 2023 1349 2055 nube
1366 2023 1559 2056 umbratam
1583 2023 1635 2057 di-

925 2074 985 2107 cit.
1011 2075 1108 2107 Idem.
1627 2101 1631 2103 .

967 2127 1032 2157 740
1054 2125 1194 2156 Pulchro
1219 2124 1254 2157 in
1276 2125 1421 2166 moerore]
1446 2126 1532 2159 Cum
1557 2134 1634 2169 sep·

925 2178 994 2208 tem
1010 2175 1116 2207 duces
1131 2175 1266 2208 Thebas
1279 2182 1512 2217 oppugnatum
1526 2178 1634 2210 venis·
1660 2206 1662 2208 ,

925 2231 1016 2266 sent,
1039 2230 1077 2257 et
1097 2235 1220 2267 aquam
1239 2231 1446 2268 quaererent,
1462 2226 1634 2260 Adrastus

925 2277 1067 2308 devenit
1085 2276 1128 2307 ad
1150 2275 1371 2317 Hypsipylen
1385 2277 1552 2309 Thoantis
1568 2277 1634 2310 fiti-

926 2336 994 2367 am,
1019 2326 1116 2367 cujus
1141 2326 1297 2357 alumnus
1310 2325 1540 2359 Archemorus
1556 2337 1633 2369 pera

924 2378 979 2416 iit,
1016 2382 1053 2410 et
1079 2377 1178 2411 ludos
1212 2376 1372 2409 funebres
1401 2378 1636 2421 instituerunt,

925 2428 1047 2470 quibus
1063 2427 1150 2460 ludis
1166 2427 1362 2470 Hypsipyle
1382 2428 1467 2460 duos
1482 2428 1572 2462 filios
1588 2439 1632 2462 ex

923 2478 1053 2511 Jasone
1083 2478 1234 2519 excepit,
1257 2478 1315 2520 qui
1339 2483 1375 2510 et
1397 2479 1464 2520 ipsi
1486 2487 1632 2513 matrem

923 2535 1119 2571 quaerentes
1150 2529 1321 2561 currendo
1350 2530 1520 2571 vicerunt,
1549 2541 1632 2574 quo-

924 2590 997 2612 rum
1011 2580 1147 2612 nomina
1160 2589 1276 2621 praeco
1286 2589 1362 2612 cum
1378 2583 1634 2622 pronuntiasset

924 2632 1058 2665 Jasonis
1074 2637 1109 2664 et
1126 2631 1336 2674 Hypsipyles
1352 2633 1440 2666 filios
1455 2644 1544 2675 esse,
1559 2645 1631 2668 ma·

925 2686 977 2713 ter
993 2691 1053 2714 eos
1069 2682 1222 2723 agnovit,
1243 2683 1302 2725 qui
1326 2693 1346 2715 a
1368 2693 1450 2726 rege
1467 2685 1632 2727 impetra-

924 2737 1019 2773 runt,
1045 2737 1083 2764 ut
1106 2737 1249 2765 matrem
1276 2740 1517 2776 recuperatam
1533 2736 1631 2770 Lem&

923 2794 1005 2819 num
1022 2789 1239 2830 revocarent.
1261 2785 1363 2827 Idem.
1408 2814 1410 2816 ,
