1878 3164
497 247 536 277 P.
569 246 760 278 PAPINH
795 245 959 279 STA'rn
995 247 1142 279 ΤΗΕΒ.
1177 247 1272 279 [ΑΒ.
1297 249 1362 279 vl.

235 342 303 375 780
323 341 453 375 Sum
467 341 606 374 meam
621 341 657 373 in
676 341 789 374 vellere
802 340 899 382 vidit]

192 391 287 427 Quia
313 391 432 426 laneos
468 390 733 433 pentodactylos
768 391 897 425 habent

189 441 258 476 sub
272 442 516 485 castili-afflui
531 443 687 475 eminent
699 452 804 484 supra
821 442 895 475 bra-

189 491 280 526 chia.
324 492 395 526 Alii
414 497 537 531 ‚autem
555 493 676 526 volunt
696 493 837 535 poetam
852 494 896 526 de

190 543 298 577 barb·
312 543 452 578 dixisse.
479 543 629 578 Luceant.

230 596 298 627 780
319 595 567 638 Praecipitotque
579 595 682 637 retro]
695 595 804 628 Verso
819 605 894 637 gran

187 643 238 681 du
251 646 346 687 cogit
358 644 535 688 aufugere.
557 645 657 679 Idem.

231 697 297 729 791
319 695 464 739 Rapiunt
487 697 652 729 conamina
667 696 768 738 venti]
791 696 895 730 Exci-

187 745 291 789 piunt
311 746 386 780 sive
409 746 634 788 frustrantur,
649 748 684 780 id
700 753 767 789 est,
780 748 815 781 in
838 757 894 780 va-

186 805 290 831 enum
317 797 485 832 minarum
506 797 579 840 eJus
606 798 757 841 impetus
781 798 894 840 perie-

187 853 281 882 runt.
303 848 404 882 Iam.

228 901 295 932 798
307 897 448 942 Mon-1203
461 898 568 934 Quasi
584 898 711 940 singuli
723 898 812 933 ictus
826 899 893 933 Ca-

182 950 291 993 panei
305 951 459 992 singulas
473 955 602 984 mortes
614 949 793 983 afferrent.
818 951 869 983 Id.

227 1003 292 1035 795
313 1000 456 1035 Averna
467 1000 578 1043 figit]
610 1000 669 1035 Ita
690 1000 890 1035 Alcidamas

184 1061 328 1087 aversus
343 1052 493 1087 cedebat
515 1051 636 1094 furori,
656 1057 695 1085 ut
719 1062 892 1095 nunquam

183 1102 321 1146 fugiens
350 1102 539 1137 videretur.
566 1113 673 1146 grave
699 1104 789 1136 enim
821 1104 893 1137 viro

184 1153 268 1187 forti
284 1155 413 1187 crimen
435 1159 490 1187 est
505 1159 605 1197 terga
627 1153 765 1188 dedisse
780 1159 893 1188 certa-

183 1205 404 1239 minz-Iden.
446 1203 589 1238 Averna
604 1204 715 1246 fugit]
745 1204 824 1237 Hoc
849 1206 891 1237 ti·

185 1254 291 1289 moris
326 1258 396 1296 est,
430 1264 500 1288 non
532 1255 630 1296 artis,
659 1260 760 1297 terga
796 1255 891 1288 dare.

181 1305 326 1342 scribae
346 1307 403 1339 sed
426 1316 488 1339 aon
507 1309 612 1339 tamen
635 1306 795 1339 immemor
809 1307 893 1339 artis

180 1357 344 1393 Adversa
353 1358 463 1399 sugit.
508 1357 714 1391 Retrocedit
727 1357 817 1391 facie
833 1359 890 1391 ob-

183 1418 297 1442 versa.
322 1408 465 1441 amnon.

222 1462 290 1493 801
311 1459 389 1492 Jam
402 1467 465 1491 vox
477 1458 539 1491 ciet
551 1457 652 1492 altera
661 1457 777 1500 remos]
800 1458 892 1493 Quia

183 1510 296 1553 primo
317 1509 416 1552 signo
439 1515 612 1543 cessatum
627 1508 742 1541 fuerat
757 1519 779 1541 a
794 1509 890 1542 labo·

180 1570 234 1602 re,
250 1570 318 1594 vox
343 1569 491 1603 sequens
506 1559 621 1594 denuo
637 1559 783 1602 remiges
799 1560 890 1593 exci-

181 1611 287 1645 tavit*
304 1611 407 1645 Iden.

224 1664 290 1696 802
304 1662 388 1695 Eece
399 1660 530 1703 unm]
545 1661 733 1703 Postquam
749 1662 888 1703 paulum

178 1711 399 1755 quieveruut,
431 1720 547 1745 rursus
580 1711 702 1744 ineunt
729 1721 889 1754 pugnam.

180 1763 364 1806 Inmodica]
384 1763 579 1804 Violenter,
591 1764 687 1806 quasi
699 1764 758 1806 qui
771 1773 889 1798 exces-

179 1815 265 1849 serit
286 1814 424 1849 modum
437 1826 448 1848 ι
481 1815 675 1848 venientem
692 1816 888 1857 Capaneum

179 1865 282 1899 elidit
299 1864 512 1900 Alcidamas.
556 1864 656 1907 Exit]
679 1866 814 1908 Evitat,
829 1866 889 1900 de-

177 1916 300 1951 clinat.
325 1916 426 1951 Iden.

220 1970 286 2001 80⁸
309 1967 495 2009 Mer-suque
522 1966 677 2008 annueris]
702 1967 888 2001 Distinctio

176 2023 257 2061 post
270 2018 347 2053 haec
372 2017 478 2051 verba
499 2018 703 2051 collocanda
718 2022 782 2051 est.
825 2019 887 2051 Se-

177 2070 321 2111 quentia
350 2069 442 2103 enim
469 2069 623 2111 Capanei
653 2079 770 2102 casum
798 2069 887 2102 indi-

178 2123 270 2154 cant.
313 2120 454 2161 Merum,
472 2119 660 2152 inclinatus
685 2129 793 2162 nsque
820 2130 887 2162 quo

177 2174 310 2212 potest.
345 2170 396 2204 Ut
410 2170 541 2202 ‘mersa
557 2179 640 2202 nare
658 2179 759 2202 canes
771 2169 780 2184 ’
794 2170 888 2212 apud

113 2216 129 2222 ’“
174 2220 298 2253 Silium
315 2219 398 2253 Ital.
414 2219 513 2262 cnjus
527 2219 754 2262 interpretem
766 2230 887 2254 cousu-

176 2270 227 2303 las
243 2270 332 2304 libro
350 2279 389 2303 x.
414 2280 493 2312 pag.
507 2272 583 2303 417.
627 2270 767 2303 Pariter
782 2272 886 2314 Papi·

174 2323 251 2358 nias
266 2325 389 2364 postea
398 2331 448 2354 vs.
465 2323 543 2353 847.
557 2321 567 2339 ‘
578 2321 741 2363 Collaque
753 2321 887 2354 demer-

174 2383 255 2409 sere
268 2372 446 2407 humeri-l
464 2373 582 2406 Barth.
613 2372 805 2415 Effunditur
817 2373 886 2416 ine]

177 2424 373 2466 Capaneus.
395 2423 547 2457 Laetam.

216 2476 283 2507 804
304 2474 380 2507 Alio
401 2483 483 2516 pm
506 2472 664 2515 inprobus
682 2474 764 2516 ictu]
795 2474 885 2508 Alci·

176 2524 297 2560 damas
326 2524 504 2566 improbus
534 2533 677 2566 magnus
705 2525 772 2557 alio
802 2526 887 2568 ictu,

175 2575 257 2618 quia
281 2574 357 2617 jam
391 2584 500 2617 supra
527 2574 624 2606 illum
654 2581 885 2616 percusserat.

175 2625 278 2658 Idem.

216 2676 280 2708 805
304 2674 466 2717 [munit
493 2674 559 2717 ipse
586 2674 734 2717 secundo]
769 2676 883 2709 Etiam

173 2726 250 2768 ipse
266 2730 319 2758 est
340 2724 431 2758 felici
457 2730 585 2758 eventu
604 2726 823 2768 perterritus,
839 2736 883 2760 ne

173 2780 254 2819 post
279 2775 467 2809 seeundum
492 2776 612 2808 vulnus
630 2776 752 2808 iratum
770 2777 881 2820 Capa-

172 2836 274 2861 neum
290 2825 382 2860 ferre
398 2836 464 2860 non
482 2831 610 2868 posset.
632 2826 732 2859 Idem.

1478 280 1483 285 .
1544 241 1657 284 1909

992 344 1057 374 809
1080 341 1131 374 Ite
1140 351 1195 374 oro
1209 342 1300 384 socii]
1322 343 1517 385 Separatim
1529 349 1565 377 et
1582 356 1656 378 siis-

950 402 1055 434 pense
1072 392 1217 433 legenda
1233 397 1325 435 snnt,
1339 404 1416 436 quae
1431 395 1560 427 locutio
1574 405 1657 427 con-

951 443 1045 475 venit
1060 443 1231 481 attonitis,
1247 449 1283 475 et
1299 444 1415 476 iratis:
1435 445 1604 486 attonitis,
1619 452 1657 478 ut

947 493 1012 525 hoc
1027 493 1117 526 loco.
1157 495 1203 526 Et
1214 494 1337 536 Virgil.
1360 495 1369 512 ‘
1381 504 1469 537 euge
1481 500 1561 528 nate
1577 505 1656 537 pro·

948 541 1142 585 pinquant.’
1161 544 1310 583 Luctum.

991 595 1055 626 816
1077 593 1250 626 Pulchrum
1275 597 1321 626 est
1346 595 1447 628 vitam
1465 597 1581 628 donare
1595 596 1655 628 mi-

944 643 1032 684 nori]
1056 643 1193 676 Nobilis
1209 645 1504 688 sententia,quam
1518 647 1551 678 in
1567 647 1655 679 Lau-

946 693 1048 726 dibus
1072 693 1228 727 Heroum
1243 705 1381 728 suorum
1396 705 1463 728 nou
1478 698 1582 729 semel
1598 707 1654 730 ce-

945 743 1059 776 lebrat
1088 743 1311 785 Claudianus,
1335 746 1391 778 cui
1420 747 1514 778 nulla
1544 747 1655 780 virtus

945 794 1216 828 commendatior
1242 795 1445 829 Clementia.
1492 796 1654 831 Pertinet

944 846 1012 880 huc
1038 851 1114 880 tota
1129 847 1344 888 Deprecatio
1363 847 1439 888 ejus
1462 846 1583 880 Poe'tae
1609 848 1653 880 ad

944 897 1149 931 Adrianum.
1195 897 1300 931 Ovid.
1324 898 1369 930 de
1396 899 1493 939 Rege
1524 901 1652 932 anima-

943 948 1025 980 lium
1040 958 1048 981 :
1074 949 1084 967 ⁴
1100 949 1249 980 Parcere
1265 947 1432 990 subJectis
1449 949 1514 981 scit
1528 949 1653 991 nobilis

942 998 996 1031 ira
1011 997 1190 1031 Leonum:

988 1051 1053 1081 818
1092 1047 1243 1089 Rumam]
1279 1047 1448 1080 Palmam.
1495 1049 1652 1091 Thoraca]

945 1101 1014 1137 Qui
1030 1106 1107 1134 erat
1123 1101 1245 1144 palmae
1257 1101 1448 1143 praemium.
1472 1100 1620 1134 Lactant-

988 1154 1051 1184 823
1075 1152 1121 1185 Et
1135 1151 1246 1184 vicisse
1259 1151 1444 1192 negantem]
1470 1151 1526 1183 Ne
1542 1150 1586 1182 ab
1601 1151 1652 1182 in-

943 1203 1099 1236 tentione
1122 1201 1307 1236 occidendi
1327 1200 1568 1234 Alcidamanta
1584 1205 1652 1234 tar-

936 1254 1098 1295 daretur,
1121 1258 1226 1295 negat
1250 1262 1288 1285 se
1311 1252 1433 1285 vicisse
1458 1252 1651 1295 Capaneus.

943 1304 1045 1337 Idem.

986 1356 1050 1386 824
1073 1353 1236 1395 Laudant]
1251 1353 1457 1396 Popularem
1470 1364 1568 1387 suum
1581 1354 1651 1388 vic-

943 1408 1054 1437 torem
1071 1405 1309 1447 pronunciant.
1337 1405 1408 1437 Vct.
1425 1404 1529 1438 Sclcol.

985 1460 1047 1489 825
1071 1457 1239 1499 Longeque
1253 1457 1368 1498 minas]
1392 1458 1472 1490 Non
1483 1457 1651 1491 audentes

942 1508 1143 1542 tumultuari
1167 1508 1211 1541 ob
1239 1513 1368 1541 metum
1398 1509 1566 1551 Capanei,
1583 1510 1651 1552 Vel,

941 1558 1023 1601 quia
1037 1558 1140 1600 longe
1155 1563 1254 1591 erant
1268 1559 1319 1592 hae
1343 1559 1445 1592 minae
1461 1559 1505 1592 ab
1520 1558 1650 1593 effectu

940 1613 977 1641 et
991 1608 1089 1642 caede
1105 1607 1371 1642 Alcidamantis.
1399 1611 1439 1643 V.
1456 1610 1491 1644 S.

984 1661 1050 1692 826
1076 1657 1183 1692 Van-ite
1197 1659 1320 1701 laudes]
1341 1657 1475 1694 Quibus
1491 1671 1568 1694 eum
1586 1661 1649 1694 sti-

940 1710 1133 1751 ululabant,
1156 1720 1219 1743 cur
1234 1721 1300 1744 non
1315 1710 1460 1743 auderet
1479 1721 1647 1754 pugnare.

944 1761 1012 1797 Vct.
1035 1763 1140 1795 Sclwl.

980 1814 1046 1845 827
1069 1811 1218 1853 Angunt]
1240 1812 1437 1846 stimulant.
1459 1813 1609 1848 Lac-lant.

981 1866 1046 1896 829
1068 1864 1216 1906 Laboris]
1240 1863 1337 1896 Artis
1352 1864 1523 1906 peritiam.
1547 1865 1648 1898 Idem.

981 1917 1047 1947 830
1083 1915 1188 1947 Uncto
1218 1914 1329 1956 Pales]
1365 1915 1545 1949 Palaestrae
1575 1921 1649 1950 stu·

937 1966 1051 2000 dium:
1076 1966 1164 1998 bene
1187 1966 1322 1999 addidit
1335 1970 1442 2008 uncta,
1457 1968 1500 2000 ad
1516 1968 1647 2001 discre-

936 2018 1063 2050 tionem
1093 2017 1316 2060 pastoralium
1348 2018 1584 2059 certaminum,
1610 2023 1648 2051 et

936 2068 1158 2101 luctationem
1174 2068 1379 2100 naturalem.
1412 2069 1510 2110 Virg.
1527 2068 1570 2101 de
1587 2079 1646 2111 pa-

937 2119 1058 2151 laestra
1083 2118 1313 2150 rusticorum:
1339 2119 1584 2161 ‘Corporaque
1611 2130 1646 2152 a·

937 2170 1043 2212 gresti
1053 2169 1183 2201 nudant
1198 2169 1358 2210 praedura
1371 2170 1555 2211 palaestra.'
1572 2169 1646 2202 Ali-

937 2219 994 2252 bi:
1021 2220 1218 2252 ‘Exercent
1246 2219 1376 2260 pan-ias
1400 2219 1478 2252 oleo
1503 2215 1653 2253 labente

937 2270 1128 2302 Palaestras
1141 2269 1275 2302 Nudati
1292 2269 1401 2301 socii:
1424 2270 1522 2304 Idem.

980 2323 1044 2353 832
1067 2320 1218 2360 Ingentes
1244 2319 1345 2361 viros]
1372 2320 1533 2353 Humana
1562 2331 1646 2363 quo-

937 2371 1120 2403 dammodo
1141 2375 1234 2402 sorte
1259 2371 1417 2413 majores.
1445 2371 1515 2404 Vet-
1541 2371 1646 2404 Schol-

938 2424 1072 2456 Plinius
1098 2423 1158 2456 lib.
1189 2432 1231 2455 11.
1254 2424 1264 2441 ‘
1279 2424 1356 2457 Viri
1383 2424 1568 2466 ingentes:
1590 2435 1646 2457 sn-

938 2484 1070 2518 praqne
1085 2475 1282 2507 mortalium
1298 2479 1454 2508 naturam
1472 2480 1645 2508 tantorum

938 2525 1123 2558 Numinunr
1138 2525 1215 2566 lege
1231 2524 1460 2566 deprehensa,
1495 2526 1646 2565 Acheloia

934 2574 1068 2616 circum]
1101 2574 1171 2606 Ubi
1199 2573 1319 2606 Patria
1347 2579 1425 2608 erat
1454 2577 1578 2618 Tydei.
1606 2577 1645 2611 V.

934 2625 1040 2658 δάιοι.
1077 2624 1249 2666 Achelous]
1286 2625 1496 2670 Calydonius
1535 2628 1644 2660 amnis

935 2676 1064 2709 Ovidio
1085 2676 1183 2708 initio
1196 2676 1295 2710 ,Met.
1310 2685 1361 2708 rx.

976 2729 1042 2759 833
1057 2726 1234 2768 Felicemque
1246 2726 1317 2768 deo]
1334 2726 1422 2761 Quia
1434 2728 1544 2761 victor
1556 2739 1645 2762 sem·

933 2789 998 2822 per
1012 2778 1142 2818 extitit,
1155 2778 1222 2811 deo
1237 2784 1461 2812 monstrante.
1506 2781 1642 2814 Mercu-

934 2830 1023 2862 rium
1053 2828 1291 2871 intelligimus,
1316 2829 1392 2870 ipse
1422 2831 1511 2862 enim
1538 2831 1640 2873 hujus
