1878 3164
462 208 507 239 P.
540 205 731 238 PAl’lNu
765 204 931 237 STA'Pu
965 205 1113 237 THEB.
1148 206 1245 238 [AB.
1271 207 1336 236 Vl.

157 310 235 338 eum
249 305 408 336 eumne·
470 310 473 314 ⁴
766 338 768 340 ,

168 373 175 383 -
189 355 264 388 ’144
286 351 538 393 Putes-om]
557 350 702 384 Sciebat
717 349 864 383 adversa

156 402 364 439 donnana
378 412 423 436 ne
439 408 649 446 pugnarent,
673 402 751 434 ideo
774 404 863 434 necte

154 451 454 491 nuunlnmun.

170 522 174 534 ι
191 507 264 539 un
284 505 376 538 nun
388 503 523 537 Lemma
534 502 640 545 palus]
667 502 859 543 Virgilius:

155 555 233 590 ‘112—
248 554 341 589 freta
368 554 450 587 dnm
478 552 575 586 fluvii
601 555 753 594 current,
779 552 861 585 dum

154 605 329 640 maribus
342 603 499 645 umbrae‚'
514 607 580 638 &o-
602 604 704 637 Idem.

166 680 172 685 w
190 659 262 691 25⁸1
285 657 394 700 Pylio
407 656 544 695 ”casata
557 654 706 696 senectoe]
728 654 869 696 Pyliam*

155 713 333 743 nuectar-
349 708 425 750 jam
451 717 558 740 annos
581 706 743 740 Nestoris
765 706 863 740 dicit.

155 761 320 804 Phrygio·
338 766 455 794 nutem
476 770 587 801 annos,
603 759 736 792 Priami
750 759 862 792 dixit:

154 821 258 856 quem
282 811 378 844 urbis
399 811 517 853 Trojoe
534 811 706 843 excidium
721 810 863 851 vidisse,

156 863 385 896 certissimum
405 866 472 904 est,
498 862 621 903 Virgil.
659 861 770 894 ‘Satis
794 871 862 893 una

156 923 328 958 superque
348 914 506 947 Vidimus
525 912 660 945 excidia
685 918 722 945 et
744 917 859 953 captae

1511 197 1626 240 1887

917 300 1153 341 superavimus
1193 298 1294 332 urbi.’
1337 299 1407 332 Sed
1445 300 1626 334 amborumv

915 360 1023 383 annos
1038 350 1121 383 dicit
1136 350 1265 382 debere
1281 351 1474 383 contemni:
1499 357 1624 383 neuter

915 402 1006 433 enim
1027 405 1106 443 post
1133 407 1279 433 mortem
1303 406 1358 433 est
1383 405 1624 434 consecratus.

916 451 986 484 Alii
1002 462 1085 484 vero
1101 453 1284 484 Tithonum
1307 462 1384 485 esse
1399 452 1522 484 dicunt
1538 453 1626 484 Lao·

915 503 1086 536 medontis
1107 503 1268 543 fratrem,
1291 513 1392 545 quem
1415 502 1550 534 Aurora
1575 503 1627 535 di·

916 554 1007 586 citur
1021 556 1220 586 adamasse:
1246 559 1281 585 et
1307 558 1441 594 postea,
1466 562 1543 585 cum
1566 554 1626 586 ille

916 605 1029 646 longa:
1046 604 1128 636 vitae
1148 603 1224 636 fata
1245 602 1405 644 defleret,
1418 604 1453 634 in
1470 603 1626 635 cicadam

917 659 1071 687 mutatus
1086 659 1151 686 est.
1175 654 1276 686 Idem.

959 708 1023 739 ¹753
1050 705 1185 746 Cavam]
1210 705 1425 737 Obscuram:
1459 714 1559 737 omne
1588 715 1626 736 e-

916 757 986 789 nim
1002 757 1092 799 quod
1109 767 1244 797 cavum,
1268 756 1465 795 obscurum,
1486 761 1546 789 aut
1573 767 1626 788 ca<

913 818 996 848 vam,
1012 808 1164 849 inanem,
1180 812 1219 839 ut
1232 807 1331 848 Virg.
1361 810 1370 824 ‘
1384 807 1461 839 Nox
1480 811 1555 838 atra
1571 817 1625 839 ca-

915 869 991 891 vam
1008 859 1234 891 circumvolat
1250 857 1427 906 umbram!
1453 858 1603 890 Laetam.

501 1128 930 1190 THEBAIDOS
984 1139 1128 1188 LIB.
1185 1139 1282 1188 VI.

167 1244 170 1289 ζ
196 1256 220 1287 2
242 1250 373 1285 &noire
386 1254 464 1283 novo
476 1247 625 1284 solemnia
639 1246 745 1288 busto]
763 1246 864 1288 Agon

159 1295 363 1344 Archemori
387 1301 458 1344 apii
483 1310 615 1333 corona
642 1299 863 1332 celebratur:

156 1351 395 1397 idcirco‚qnia
417 1359 505 1394 puer
527 1350 596 1391 hic,
615 1349 713 1391 cnjus
737 1359 863 1381 memo-

155 1406 217 1444 τίω
239 1409 416 1439 certamen
439 1402 607 1436 Nemeum
628 1400 781 1433 dicatum
798 1404 863 1437 est,

143 1450 342 1492 ¹admodum
358 1463 483 1497 parvus
506 1452 667 1493 obierat3
698 1462 777 1484 nam
801 1452 863 1493 hun-

156 1507 248 1543 milis
265 1505 375 1539 herba
389 1502 565 1536 immaturi
586 1502 699 1534 luctus
715 1502 866 1534 ostendit

158 1556 336 1594 iudicium.
381 1553 531 1589 Quidam
547 1562 651 1595 super
674 1553 763 1585 hanc
788 1553 865 1584 her-

158 1598 237 1648 bam
254 1615 399 1649 puerum
415 1606 609 1646 reptantem
620 1612 640 1634 a
655 1603 791 1635 nutrice
807 1603 867 1634 de-

156 1658 318 1704 relictum
329 1664 419 1696 esse,
425 1659 462 1688 et
473 1665 492 1686 a
504 1658 667 1695 serpente
680 1652 869 1694 interemp-

157 1714 245 1746 tum.
258 1707 382 1741 volunt
394 1716 405 1746 ;
421 1705 464 1738 ex
479 1704 544 1736 hoc
559 1702 730 1736 creditum
743 1707 799 1736 est
811 1713 869 1735 co·

157 1768 251 1798 ronae
266 1767 373 1800 genus
390 1755 556 1789 indicium
571 1754 761 1786 immaturae
777 1763 869 1785 mor-

159 1809 206 1849 tis
230 1808 382 1842 electum
405 1816 482 1839 esse
499 1816 510 1838 ε
534 1814 612 1837 nam
628 1805 661 1835 in
678 1805 743 1836 hoc
760 1814 870 1846 agone

94 1901 103 1905 ἣ
157 1861 264 1903 etiam
301 1857 413 1901 poete
451 1859 629 1889 certantes
656 1860 871 1888 ,coronantur

158 1911 257 1954 apio:
283 1908 374 1941 unde
391 1906 513 1949 virgil.
549 1905 730 1938 ‘Floribus
761 1910 866 1947 atque

159 1961 237 2006 apio
253 1960 366 1994 crines
382 1962 526 1991 ornatus
541 1954 679 1988 amaro?
700 1955 850 1988 Lactant.

202 2017 223 2047 ⁵
249 2011 386 2044 Graium
403 2019 445 2042 ex
458 2017 543 2040 more
562 2006 671 2048 decus]
702 2007 759 2039 De
783 2017 867 2049 qua-

160 2068 241 2099 tuor
255 2062 292 2095 in
312 2060 454 2095 Graecia
474 2058 719 2093 certaminibus
737 2067 789 2090 res
806 2068 866 2090 no-

159 2118 208 2146 ta.
250 2112 411 2153 Quatnor
441 2110 477 2142 in
507 2109 648 2142 Graecia
678 2109 867 2140 certamina

160 2158 259 2212 sacra
269 2160 424 2202 fuerunt,
433 2158 608 2203 Olympia,
624 2158 764 2200 Pythia,
776 2158 866 2191 Isth-

160 2213 240 2255 mia,
255 2213 435 2249 Nemeaea,
457 2217 495 2243 ut
511 2210 637 2243 nemini
653 2210 791 2251 paulum
807 2210 867 2242 hu-

160 2265 306 2299 maniori
320 2264 473 2304 ignotum
490 2266 563 2294 est:
587 2261 798 2303 singulorum
813 2260 868 2293 hic

159 2308 326 2359 distincte
343 2314 552 2347 mentionem
569 2311 656 2344 facit
678 2311 864 2354 Papinius:

161 2357 207 2401 ne
221 2377 287 2410 ego
302 2358 427 2399 faciam
442 2365 567 2397 limites
582 2364 796 2397 Scholiorum
811 2373 870 2395 ve-

162 2422 241 2464 tant
270 2416 478 2460 praesertim.
521 2415 586 2456 Tu,
601 2415 630 2446 si
653 2423 768 2456 operae
791 2413 870 2453 tibi,

162 2471 223 2515 Qut
237 2469 384 2505 novitios
400 2465 587 2508 omittam‚)
605 2466 662 2498 adi
685 2465 739 2498 vel
765 2475 869 2497 unum

162 2523 383 2566 Pausaniam,
397 2525 434 2554 et
447 2520 590 2553 habebis
606 2519 684 2561 plns
700 2517 793 2550 satis.
823 2517 870 2548 Il-

162 2575 226 2616 lnd
239 2585 309 2609 uno
323 2575 431 2607 verbo
449 2573 617 2615 juventus
640 2570 736 2608 sciat,
757 2568 812 2611 qui
835 2569 870 2600 in

163 2638 234 2665 1110
257 2638 302 2669 ex
331 2627 398 2660 illis
428 2623 671 2657 certaminibus
703 2621 871 2660 vicerant,

118 2700 120 2702 v
164 2676 413 2715 ‘Hieronicae’
436 2676 561 2710 dictos.
597 2674 783 2707 Suetonius
800 2672 870 2704 Ne-

166 2739 251 2767 rone
264 2739 342 2772 cap.
357 2731 412 2762 24.
435 2727 509 2760 ‘Ac
536 2736 581 2758 ne
606 2724 706 2766 cnjus
731 2722 872 2756 alterius

165 2779 428 2816 Hieronicarum
444 2777 611 2811 memoria
621 2781 681 2809 aut
690 2774 873 2818 vestigium

918 1250 1070 1286 extaret,
1085 1246 1240 1279 subverti
1258 1256 1298 1279 ac
1314 1256 1401 1279 unco
1423 1247 1523 1288 trahi,
1540 1247 1628 1290 abji-

917 1299 1018 1342 cique
1034 1299 1067 1331 in
1094 1299 1238 1331 latrinas
1264 1299 1412 1330 omnium
1437 1303 1568 1332 statuas
1592 1304 1628 1332 et

917 1350 1085 1391 imagines
1118 1349 1327 1390 imperavit.'
1373 1350 1441 1384 Qui
1473 1360 1555 1383 vero
1592 1352 1627 1384 in

920 1406 1067 1443 quatuor
1081 1400 1158 1433 haec
1175 1398 1330 1432 coronati
1347 1399 1499 1437 fuerant,
1514 1401 1630 1443 perio-

920 1452 955 1484 di
970 1452 1130 1485 victores.
1156 1446 1300 1483 Festus:
1317 1451 1528 1483 ‘Perihodos
1544 1451 1629 1484 dici-

918 1506 976 1535 tur
986 1506 1022 1534 et
1035 1502 1069 1535 in
1081 1502 1233 1535 carmine
1246 1501 1355 1543 lyrico
1366 1511 1446 1542 pars
1460 1502 1632 1544 quaedam,

919 1557 956 1587 et
982 1554 1017 1586 in
1042 1555 1155 1586 soluta
1177 1553 1333 1586 oratione
1357 1545 1470 1584 verbis
1486 1553 1630 1586 circum-

922 1604 1051 1646 scripta
1065 1604 1249 1644 sententia,
1263 1608 1299 1635 et
1315 1603 1350 1635 in
1367 1604 1536 1645 gymnicis
1553 1613 1628 1636 cer·

923 1656 1107 1696 taminibns
1133 1655 1325 1698 perihodon
1353 1655 1475 1687 vicisse
1499 1654 1630 1688 dicitnr

924 1707 980 1750 qni
998 1708 1139 1749 Pythia,
1152 1707 1310 1747 Isthmia,
1320 1707 1498 1747 Nemeaea,
1509 1706 1628 1748 Olym-

924 1758 982 1799 pia
998 1757 1092 1798 vicit,
1108 1768 1127 1789 a
1143 1757 1292 1789 circuitu
1317 1766 1431 1788 eorum
1448 1761 1630 1797 spectacu-

922 1808 1057 1842 lorum!
1101 1809 1212 1844 Quam
1237 1809 1418 1850 gloriosum
1437 1812 1553 1839 antem
1576 1806 1632 1839 fu-

924 1860 991 1892 erit
1015 1859 1149 1898 vicisse,
1165 1869 1234 1890 non
1261 1869 1303 1890 ex
1330 1859 1499 1890 Cicerone
1526 1859 1629 1891 modo

924 1909 1050 1950 disces,
1082 1910 1140 1952 qni
1172 1919 1233 1950 pro
1259 1910 1385 1941 Flacco
1425 1909 1551 1952 asserit
1581 1909 1632 1951 id,

921 1960 931 1976 ⁴
946 1960 1036 2002 apud
1051 1960 1196 1992 Graecos
1213 1955 1320 2001 prope
1337 1960 1443 2001 majus
1459 1964 1495 1991 et
1507 1959 1630 1999 glorio-

921 2010 1003 2048 sius,
1018 2020 1119 2052 quam
1145 2009 1265 2042 Romae
1293 2009 1544 2051 triumphasse,'
1567 2010 1628 2043 sed

921 2069 965 2091 ex
981 2060 1154 2098 Vitruvio,
1169 2060 1227 2102 qni
1242 2060 1375 2101 signate
1387 2059 1447 2091 lib.
1464 2069 1517 2092 1x.
1533 2062 1543 2079 ‘
1557 2060 1630 2092 No·

921 2110 1048 2142 bilibus
1066 2111 1206 2143 athletis
1221 2111 1278 2153 qni
1296 2111 1471 2152 Olympia,
1488 2111 1630 2153 Pythia,

921 2160 1078 2202 Isthmia,
1091 2161 1226 2194 Nemea
1242 2160 1412 2200 vicissent,
1428 2161 1630 2193 Graecorum

921 2212 1066 2253 majores
1081 2212 1127 2243 ita
1144 2221 1285 2253 magnos
1304 2211 1449 2244 honores
1473 2211 1631 2244 institue-
1661 2207 1663 2209 ’

923 2267 1018 2303 runt,
1039 2266 1079 2295 ut
1094 2272 1160 2294 non
1178 2262 1280 2293 modo
1297 2262 1332 2293 in
1348 2267 1521 2294 conventu
1537 2266 1631 2294 stan-

923 2316 976 2345 tes
993 2323 1068 2344 cum
1094 2313 1206 2354 palma
1231 2318 1267 2344 et
1288 2322 1413 2344 corona
1428 2312 1543 2344 ferant
1559 2313 1631 2344 lan-

924 2362 1000 2404 des,
1027 2362 1087 2395 sed
1106 2363 1211 2395 etiam
1242 2372 1319 2394 cum
1346 2368 1570 2394 revertuntur
1594 2363 1629 2395 in

924 2423 1002 2446 suas
1032 2413 1192 2445 civitates
1218 2422 1297 2444 cum
1324 2413 1484 2453 victoria,
1510 2413 1630 2445 triuni-

924 2464 1072 2506 phantes
1084 2463 1259 2507 quadrigis
1271 2463 1305 2494 in
1319 2464 1456 2504 moenia,
1467 2468 1504 2495 et
1519 2464 1553 2495 in
1571 2474 1630 2505 pa-

925 2514 1010 2546 trias
1027 2514 1246 2553 invehantur,
1263 2523 1362 2555 aeqne
1378 2514 1526 2554 Reipnb.
1552 2524 1630 2556 per-

924 2572 1031 2608 petua
1069 2566 1137 2598 vita
1168 2566 1366 2597 constitutis
1405 2565 1631 2608 vectigalibus

924 2615 1109 2649 fruantur!
1128 2616 1287 2649 Bernart·
1595 2620 1604 2630 ‘
1624 2651 1626 2655 ,

968 2671 989 2700 6
1013 2668 1110 2700 Hunc
1122 2666 1195 2708 pius
1210 2666 1350 2707 Alcides]
1375 2666 1514 2698 Primus
1541 2666 1631 2698 Her-

926 2720 1020 2753 cules
1033 2719 1123 2752 hunc
1139 2719 1302 2750 honorem
1320 2718 1473 2749 manibus
1490 2718 1634 2759 Pelopis

927 2763 1096 2813 exhibuit,
1106 2770 1165 2814 qui
1195 2774 1271 2803 erat
1296 2769 1441 2807 Herculi
1468 2778 1531 2811 per
1551 2767 1633 2800 Alc-
