1878 3164
247 209 362 252 1948

251 321 298 346 sae
315 313 433 345 munus
456 311 647 345 miserabile
669 312 810 344 tradunt
826 312 944 344 Decli-

249 373 330 396 nare
346 362 472 403 genas!
493 363 594 395 Bern.

292 415 356 445 658
376 413 476 444 Arma
488 412 608 452 volunt]
632 411 751 444 Caedes
763 415 799 444 et
812 411 945 452 sangui-

249 473 326 496 nem
350 465 494 505 spirant,
513 465 604 495 velut
615 464 687 504 jam
707 464 849 504 primum
865 463 946 494 inci-

249 518 371 555 perent
383 514 513 546 bellare
524 518 560 545 et
571 523 735 554 pugnare.
762 513 832 544 Vet.
845 512 947 543 Schol.

250 565 303 596 Ex
322 574 388 606 quo
414 565 564 603 Scholio.
579 565 718 605 ipsaque
735 563 782 594 rei
799 563 946 594 veritate

249 614 389 649 clarum,
416 623 593 654 perperam
619 612 814 654 facere,qui
840 613 947 644 volant

248 663 303 695 hic
320 664 487 695 edendum
504 665 706 695 maluerunt.
752 663 795 694 Et
810 663 857 694 sic
869 663 946 694 Vir-

251 714 310 753 gil.
325 713 385 745 lib.
402 722 472 745 ΧΠ.
496 717 505 731 ‘
519 712 622 744 Arma
637 711 947 755 volunt,foedusque

249 764 433 803 precantur
448 762 640 794 Infectnm!
660 763 778 794 Barth.

294 814 358 843 659
383 812 494 843 Luceut
509 813 606 854 mis]
627 811 733 845 Quasi
753 821 856 853 purus
873 822 948 843 san-

252 862 354 902 guine
371 860 637 903 illum'fugiunt3
661 861 780 902 Tydea
802 862 947 901 scilicet,

251 923 351 954 quem
388 912 515 944 acriter
552 912 668 944 cuncti
704 911 947 944 formidabant.

250 962 396 994 Lat-eant.
646 1001 647 1004 Ἴ

293 1015 358 1045 664
383 1012 582 1054 Fugiuntque
608 1012 818 1053 tremuntque]
854 1012 947 1044 Nihil

250 1063 449 1094 mutandum
464 1063 527 1094 hoc
544 1063 632 1103 loco,
648 1072 712 1094 nec
729 1062 949 1095 consentiunt

250 1113 327 1145 libri
339 1114 494 1144 meliores
505 1113 562 1144 uni
577 1123 618 1144 ex
634 1113 948 1154 Lindenbrogianis‚

251 1164 309 1205 qui
346 1162 501 1204 praefert,
525 1163 708 1204 feriuntque
737 1167 949 1205 premuntque.

252 1213 465 1246 Contrariam
489 1213 578 1245 enim
605 1213 655 1244 his
680 1213 791 1245 verbis
813 1217 949 1245 senten-

250 1263 477 1305 tiam'ingerit
491 1263 676 1304 Papinius;
699 1263 855 1295 nimirum
868 1273 949 1305 quos

250 1314 403 1345 eominus
433 1322 608 1354 aggressus
634 1313 679 1344 sit
701 1313 851 1354 Tydeus,
874 1313 949 1344 illos

248 1362 391 1404 fugere3'
417 1363 472 1404 qui
487 1363 616 1405 eminus
638 1363 838 1395 clamantem
855 1362 950 1394 audi-

251 1414 353 1454 erint,
380 1419 526 1446 tremere
553 1423 668 1445 vocem
693 1413 848 1446 bominis.
891 1414 948 1445 De

251 1473 374 1505 magno
404 1465 552 1495 clamore
591 1467 626 1495 et
658 1459 798 1496 fremitu
829 1465 948 1495 horum

250 1514 405 1546 Heroum
417 1514 533 1545 multis
543 1512 697 1545 Nuncius
708 1513 798 1555 apud
812 1513 950 1554 AEschy-

249 1564 332 1596 lum.
354 1563 474 1595 Barth.

291 1616 357 1645 666
380 1614 559 1654 Rependere
580 1613 714 1654 noctem]
739 1612 950 1650 Restituere‚

251 1663 285 1695 in
310 1673 377 1704 qua
403 1659 647 1705 quinquaginta
670 1661 870 1694 insidiantes
884 1662 947 1693 sibi

249 1713 426 1745 Thebanos
442 1712 628 1744 occiderat.
649 1712 797 1743 Laetam.

293 1766 356 1795 667
379 1763 568 1803 Inexpletz's]
592 1762 663 1793 Pro
674 1761 888 1802 inexplebilis
904 1761 946 1793 ad

252 1814 381 1845 caedem
397 1812 571 1844 transtulit
585 1823 594 1844 ε
616 1812 670 1843 vel
686 1811 775 1853 quod
792 1811 834 1843 ad
851 1821 947 1842 suum

252 1863 397 1895 animum
422 1862 629 1904 pertinebat,
657 1871 757 1903 quem
772 1861 949 1893 Thebano-

251 1923 325 1946 rum
346 1913 439 1945 coede
456 1917 654 1944 contentum
675 1915 866 1943 tantorum:
891 1911 947 1943 ubi

252 1969 366 1998 autem
381 1964 431 1995 sic
447 1963 549 2003 dixit,
562 1962 659 2004 quasi
683 1961 718 1992 in
742 1960 949 1993 recordatio-

251 2025 327 2047 nem
357 2014 499 2046 nominis
537 2013 627 2044 illius
667 2021 749 2044 casu
777 2012 949 2045 inciderit.

253 2066 351 2098 Idem.

294 2118 356 2148 671
389 2115 603 2155 contemptum
632 2113 744 2145 abiisse
780 2113 948 2155 Mycenas]

250 2167 339 2199 Mss.
367 2168 551 2197 contentum.
597 2162 855 2203 Excudendum,
877 2173 950 2194 con-

252 2220 396 2255 temtum,
411 2215 519 2256 inquit
535 2213 712 2245 Behotius.
756 2212 864 2244 Immo
879 2223 950 2244 con-

250 2271 383 2306 tentum,
398 2271 435 2297 ut
451 2264 670 2296 membranae.
706 2263 783 2294 Hoc
797 2263 883 2294 enim
900 2263 951 2295 di-

252 2319 325 2350 cit:
350 2317 456 2357 pudet
479 2315 640 2356 pigetque
665 2317 861 2345 contentum
877 2312 951 2344 illo-

252 2378 327 2400 rum
344 2365 584 2408 quinquaginta
607 2363 840 2395 insidiatorum
856 2361 951 2393 caede

251 2417 445 2449 discessisse
462 2426 470 2446 :
507 2413 608 2445 debui
640 2418 801 2454 protenus
838 2412 951 2444 redire

250 2467 395 2506 Thebas,
412 2470 448 2497 et
464 2465 573 2505 ipsum
596 2473 711 2504 regem
729 2463 880 2504 aggredi,
896 2473 951 2495 ur·

249 2520 398 2558 bemque
415 2516 576 2549 invadere
592 2525 601 2554 3
623 2513 734 2547 facilis
752 2523 804 2545 res
820 2514 952 2555 fuisset,

250 2569 388 2612 quando
413 2578 479 2599 non
503 2568 587 2599 alios
603 2572 869 2608 propugnatores
885 2568 952 2600 illis

253 2619 406 2652 residuos
421 2617 582 2658 feceram,
593 2628 692 2659 quam
705 2627 845 2658 quorum
859 2618 954 2659 igna-

255 2669 343 2702 viam
369 2667 619 2707 imbelliamque
643 2666 714 2708 jam
745 2668 951 2707 experimur.

253 2718 329 2753 nib.
361 2725 401 2748 n.
423 2717 484 2747 ‘ut
509 2726 585 2748 cum
608 2716 759 2757 Massyla
787 2726 850 2757 per
873 2727 954 2756 arva

255 2766 414 2803 Armeuti
437 2775 534 2808 reges
558 2775 680 2807 magno
693 2767 747 2801 len
762 2765 868 2810 fregit
883 2768 954 2802 hia-

708 219 852 250 No'rAE.
883 218 1148 250 VARIORUM
1182 218 1235 249 IN

994 316 1046 353 tu,
1064 312 1107 343 Et
1122 314 1304 343 contentus
1319 309 1414 342 abit!
1437 310 1539 343 Grem.

1037 364 1100 393 675
1125 362 1276 403 Fulgore]
1299 361 1511 393 Ornamento
1523 358 1693 393 diadema·

995 412 1040 444 tis
1056 413 1150 452 regii.
1171 413 1317 444 Luceant.

1037 464 1102 493 676
1126 462 1318 501 Flammiger
1327 461 1407 502 ales]
1424 461 1582 503 Aquilam
1593 459 1695 502 dixit,

997 521 1072 553 quae
1087 511 1184 544 Jovis
1199 511 1394 544 fulminibus
1410 512 1527 543 servit.
1551 511 1651 544 laem.

1040 564 1104 593 679
1126 562 1167 592 In
1194 572 1282 593 arma
1307 561 1425 603 palam]
1457 561 1582 599 Tangit
1607 559 1693 593 illud

998 612 1087 654 quod
1115 612 1249 643 occulte
1279 612 1328 643 illi
1357 611 1534 643 insidiatus
1563 608 1695 651 est‚‘et

998 662 1082 694 dicit
1097 671 1132 692 se
1147 665 1266 702 aperta
1279 662 1357 693 luce
1380 661 1465 692 virili
1489 660 1589 692 modo
1604 659 1694 694 velle

998 710 1193 751 confligere.
1215 711 1312 743 Idem.

1040 765 1104 794 689
1127 761 1280 801 Peccavit]
1302 761 1460 793 Elocutio
1485 760 1694 803 speciosissi-

999 822 1067 848 ma,
1081 822 1155 852 quae
1172 812 1235 842 hoc
1251 810 1440 852 significat:
1465 811 1578 853 cuspis
1592 809 1695 844 miss·

998 863 1032 893 in
1049 862 1247 893 Etheoclem
1275 861 1431 902 peccavit
1451 861 1485 892 in
1509 861 1695 903 perniciem

991 912 1165 953 'Phlegiae,
1180 921 1276 953 quem
1294 911 1472 951 percussit.
1493 911 1595 943 Idem.

1041 966 1105 996 692
1141 963 1243 994 Nocte
1270 962 1327 993 sub
1349 961 1436 1002 atra]
1476 961 1517 994 Iu
1542 971 1610 1004 qun
1640 965 1696 994 est

998 1014 1134 1045 molitus
1150 1012 1318 1044 occidere.
1340 1012 1439 1054 Ιᾷεηι.

1040 1066 1104 1095 698
1126 1062 1189 1094 Ilia
1208 1062 1304 1102 torvi]
1327 1061 1381 1094 Ad
1405 1065 1546 1093 mortem
1574 1064 1624 1094 tot
1635 1061 1697 1094 lio-
1715 1067 1719 1072 ‘

1000 1113 1117 1153 mines,
1132 1116 1215 1154 quot
1226 1111 1375 1143 membra
1389 1116 1480 1144 sunt.
1502 1112 1602 1144 Idem.

1042 1167 1104 1195 705
1128 1164 1244 1196 Densis
1259 1163 1329 1203 jam
1356 1162 1504 1203 consitus]
1535 1163 1692 1196 Lucanus

1000 1215 1165 1256 pulchre:
1189 1214 1278 1245 ‘stat
1303 1222 1368 1244 non
1391 1211 1523 1254 fragilis
1546 1221 1607 1254 pro
1622 1212 1697 1245 (ἷκε

1000 1275 1076 1297 sare
1112 1274 1239 1304 murus,
1273 1263 1540 1305 Pompeiumque
1585 1267 1696 1296 tenet.

999 1316 1076 1348 Jam
1094 1319 1235 1356 pectora
1260 1324 1324 1345 non
1344 1314 1431 1355 tegit
1447 1313 1558 1352 armis,
1573 1313 1625 1345 Ac
1641 1323 1697 1345 ve-

1000 1365 1087 1397 ritus
1113 1364 1206 1396 credi
1229 1364 1353 1405 clipeo,
1375 1365 1528 1405 laevaque
1544 1372 1697 1404 vacasse,

1001 1415 1072 1447 Aut
1097 1415 1197 1455 culpa
1223 1414 1348 1446 vixisse
1372 1423 1444 1453 sua,
1477 1418 1530 1444 tot
1556 1413 1696 1445 vulnera

999 1464 1081 1497 b'elli
1110 1465 1208 1496 Solus
1234 1464 1319 1503 obit,
1351 1462 1559 1504 densamque
1581 1461 1696 1495 ferens

998 1515 1033 1546 in
1044 1519 1184 1555 pectore
1196 1514 1312 1544 silvam
1324 1513 1402 1546 Jam
1415 1512 1577 1554 gradibus
1587 1511 1698 1551 fessis,

997 1564 1032 1596 in
1049 1572 1147 1605 quem
1163 1563 1277 1603 cadat,
1290 1563 1388 1604 eligit
1402 1562 1555 1595 hostem!
1577 1562 1697 1595 Barth.

1039 1616 1103 1646 707
1129 1613 1265 1645 Gentilis
1279 1613 1366 1654 aper]
1390 1613 1446 1644 De
1461 1623 1502 1645 ea
1517 1618 1620 1654 gente
1637 1622 1698 1645 un-

998 1665 1040 1697 de
1051 1663 1189 1705 Tydeus
1205 1663 1341 1696 fuerat:
1358 1663 1390 1695 id
1408 1669 1462 1695 est
1476 1656 1696 1705 Calydonius,

997 1714 1278 1757 quiaMeleagro
1304 1713 1436 1744 occisus
1463 1718 1526 1745 est.
1571 1714 1616 1746 Et
1640 1713 1708 1755 hic*

997 1763 1159 1806 ‘aprum’
1181 1773 1243 1806 pro
1268 1764 1359 1805 pelle
1382 1763 1507 1804 posuit.
1533 1764 1696 1804 Nusquam

996 1815 1094 1847 ardua
1108 1814 1176 1845 coni
1183 1814 1304 1854 gloria]
1326 1815 1483 1846 Decusso
1499 1815 1576 1846 coni
1591 1823 1693 1846 orua-

997 1870 1035 1896 tu
1050 1865 1177 1896 nudato
1193 1865 1333 1903 vertice,
1351 1864 1588 1905 impressisque
1602 1862 1696 1905 frag·

997 1915 1119 1946 mentis
1136 1914 1256 1955 galeae,
1281 1923 1359 1945 ossa
1373 1918 1450 1945 sunt
1466 1914 1590 1955 capitis
1605 1913 1696 1947 cale·

996 1964 1110 2004 facta;
1135 1969 1172 1995 ut
1186 1964 1306 2004 Virgil.
1328 1965 1338 1982 ‘
1352 1964 1395 1995 Et
1409 1964 1516 2004 galeae
1526 1963 1699 2005 fragmen-

997 2021 1033 2047 ta
1049 2025 1141 2047 cavae
1164 2024 1359 2057 compressa
1374 2020 1540 2056 perurunt
1552 2016 1696 2057 Tempo-

997 2065 1058 2098 ra.'
1081 2065 1228 2098 Luceant.

1040 2118 1103 2147 708
1138 2113 1312 2154 Gradivus]
1350 2113 1392 2145 In
1421 2114 1589 2156 catalogo,
1618 2124 1696 2148 cum

997 2175 1089 2198 arma
1111 2165 1217 2206 ipsius
1243 2163 1354 2196 Poeta
1378 2163 1604 2201 describeret.
1625 2166 1696 2198 nit:

998 2217 1008 2235 ‘
1021 2216 1159 2248 Patrius
1173 2219 1241 2247 stat
1256 2214 1398 2246 Casside
1414 2214 1574 2247 Mavors!
1594 2215 1696 2248 laen.

1041 2270 1101 2299 711
1131 2267 1304 2299 Volvuntur
1323 2265 1358 2297 in
1382 2263 1694 2306 armaTDeeapiie

998 2317 1032 2349 in
1050 2321 1143 2348 scuta
1157 2315 1339 2347 cadebant.
1363 2315 1462 2346 Idem.

1041 2368 1103 2399 713
1127 2364 1288 2404 Sanguine
1315 2364 1626 2405 tmensjruwium
1645 2365 1699 2398 fe·

999 2421 1095 2448 cerat
1110 2415 1240 2447 sudoris
1257 2418 1293 2446 et
1309 2414 1491 2454 sanguinis.
1518 2415 1618 2448 Idem.

1041 2469 1103 2499 715
1130 2465 1260 2499 Lumina
1270 2464 1393 2507 parma]
1417 2465 1507 2498 Quia
1519 2466 1701 2512 erubesce-

999 2515 1059 2547 bat
1077 2515 1236 2546 Minerva
1250 2513 1367 2546 facere
1383 2515 1558 2546 virtutem.
1580 2515 1673 2549 Lact-

1003 2606 1005 2608 η
1043 2567 1106 2598 718
1133 2566 1206 2597 Non
1237 2564 1351 2596 eminet
1378 2564 1500 2605 auctor]
1538 2566 1617 2598 Non
1644 2571 1698 2599 ent

1002 2626 1100 2648 ausus
1116 2615 1251 2656 gloriari
1267 2615 1496 2656 Menalippus,
1508 2625 1544 2647 se
1557 2621 1697 2649 auctore

1001 2667 1241 2706 interemptum
1256 2665 1386 2705 Tydea.
1412 2665 1513 2698 Idem.

1043 2719 1107 2748 719
1132 2715 1302 2756 Astacydes
1325 2715 1448 2756 vni-⁹⁸⁰⁸]
1473 2716 1616 2748 Lanceae
1639 2716 1696 2748 hio
1749 2714 1754 2723 '

1001 2765 1202 2808 descriptio,
1229 2770 1266 2798 et
1287 2775 1329 2798 ex
1353 2765 1483 2800 insidiis
1507 2765 1697 2810 Menalippi
