1878 3164
291 222 405 267 1832

292 337 379 368 rum,
394 332 431 361 et
443 337 486 361 ex
502 328 554 361 his
569 329 758 371 conjugem.
801 328 834 361 A
852 328 995 360 Melam-

293 387 338 419 ρο
353 388 438 419 ergo
460 378 632 411 Proetides
655 378 890 411 suntinsania
911 378 996 409 libe-

292 431 397 459 ratae:
423 432 671 469 acceptamque
688 428 883 469 Melampus
897 436 995 458 unam

294 487 338 508 ex
354 477 540 516 virginibus
566 478 666 509 duxit
690 487 830 510 uxorem
857 481 892 508 et
917 486 996 507 con-

295 536 369 557 sors
386 528 483 568 regni
500 527 610 558 Proeti
626 526 705 566 fuit,
721 532 756 559 et
772 537 888 567 gener.
915 527 996 558 Lac·

294 580 377 608 tant.
423 577 595 618 Phoeboque
606 577 797 618 Melampus]
816 577 861 608 Et
873 576 927 607 hic
939 586 997 610 an,-

297 636 362 668 gur
391 627 505 668 magni
542 628 694 659 nominis.
724 627 878 658 meminit
907 626 998 657 intei-

296 677 382 708 alios
401 677 572 708 Homerus
590 677 715 717 odyss.
732 681 769 708 A.
785 681 822 708 et
836 681 875 708 Ο.
891 675 998 717 Apol-

295 727 407 758 lonius
424 726 552 767 Argon.
567 731 605 758 A.
622 728 822 758 Theocritus
837 726 941 767 Idyll.
961 730 998 758 T.

295 775 354 807 hic
370 776 426 807 ille
443 776 500 817 qui
516 776 668 808 furentes
682 777 790 808 Proeti
804 776 890 808 filias
905 786 1000 808 vera-

298 830 353 857 tro
370 826 466 866 nigro
483 827 537 857 vel
559 827 636 858 albo
653 835 818 867 purgasse
834 826 999 858 creditur.

298 875 352 906 'l'u
384 875 440 906 adi
472 875 675 907 Strabonem
705 877 765 907 lib.
794 884 848 907 lx.
874 876 932 917 qni
956 876 1001 907 de

300 930 447 966 utraque
485 925 654 968 Anticyra
699 932 802 968 atque
841 926 1001 958 Elleboro

299 977 738 1017 agens‚·Grammaticorum
752 977 795 1009 de
810 987 852 1010 ea
866 987 902 1009 re
918 987 1001 1019 pug-

301 1035 378 1057 nam
396 1027 579 1068 componit.
603 1028 756 1060 Ber-nort.

343 1078 407 1107 454
432 1077 574 1108 Associat
602 1077 727 1118 passus]
762 1077 803 1109 Id
829 1082 893 1119 est,
907 1079 1003 1111 dedit

300 1126 508 1158 vaticinandi
525 1127 705 1159 scientiam
720 1138 729 1167 ;
745 1131 780 1159 et
795 1134 850 1159 est
865 1138 1002 1160 sensus:

300 1176 454 1208 Dubium
482 1169 558 1208 erat
581 1183 693 1208 utrum
717 1177 936 1219 Amphiarao,
960 1189 1003 1210 an

302 1226 478 1267 Melampu
492 1236 617 1267 pronus
634 1226 761 1268 Apollo
777 1228 884 1269 magis
900 1234 1004 1270 esset,

300 1278 355 1308 vel
365 1278 460 1319 cnjus
467 1287 526 1309 ora
535 1278 647 1319 potius
655 1279 815 1311 satiasset
825 1281 914 1312 unda
922 1280 972 1321 Cy
978 1291 1006 1312 r-

302 1330 415 1362 rhaea:
439 1332 504 1363 hoc
525 1335 654 1372 antem,
674 1331 753 1373 quia
768 1331 892 1364 nobilis
913 1336 1006 1364 uter·

302 1383 371 1421 qne
402 1381 647 1423 divinandique
677 1382 818 1423 peritus.
858 1382 1004 1414 lactant.

345 1433 410 1463 458
446 1431 637 1463 Minitantia
666 1432 760 1473 vena]
806 1431 1007 1464 Divinantia

305 1485 386 1512 exta
402 1480 614 1522 negaverant
628 1482 751 1513 bonnm
767 1482 899 1514 exitum
915 1483 1006 1515 futu-

306 1540 379 1561 rum
395 1540 470 1561 esse
488 1531 668 1563 bellorum.
692 1532 792 1565 Idem.

349 1583 411 1612 461
448 1581 646 1623 Aphesanta]
686 1582 788 1614 Mons
819 1587 872 1615 est
900 1584 1006 1616 Tarso

305 1629 446 1669 Siciliae,
462 1630 551 1661 unde
575 1640 611 1662 se
636 1631 786 1663 Perseus
808 1633 949 1665 miserat
963 1634 1006 1666 ad

306 1680 500 1719 volandum,
508 1690 583 1712 cum
593 1681 634 1712 ad
646 1682 909 1723 extinguendam
919 1684 1005 1715 Gor-

307 1739 428 1770 gonem
445 1730 585 1771 Lybiam
604 1735 749 1772 peteret.
765 1731 826 1763 ἀπὸ
846 1733 903 1763 τοῦ
920 1732 1007 1773 ἀφεῖ-

306 1791 355 1811 ναι
368 1779 566 1821 Aphesanta
581 1791 702 1814 nomen
717 1784 864 1824 accepit.
886 1784 986 1816 Idem.

349 1833 413 1862 463
438 1832 628 1873 Temerasee]
665 1833 843 1865 violasse:
881 1839 919 1865 ut
944 1834 1007 1866 sibi

306 1881 514 1920 vindicaret,
535 1882 626 1923 quod
649 1882 775 1914 homini
802 1887 925 1915 natura
939 1893 1006 1916 non

305 1930 465 1963 dederat.
488 1933 587 1964 Idem.

351 1983 414 2012 464
437 1981 553 2022 Pueri]
589 1983 719 2014 Puerili
740 1987 845 2020 aetate
867 1989 1006 2018 nactum

310 2039 386 2061 esse
402 2039 479 2062 enm
498 2031 628 2072 Equum
645 2033 741 2065 dicit.
766 2035 835 2066 Alii
853 2036 1007 2068 scribunt

310 2085 392 2112 ante
407 2080 572 2113 Perseum
596 2083 876 2124 Bellerophontis
891 2085 1006 2119 fuisse.

317 2130 387 2162 Vet.
404 2130 569 2164 Scholiaat.
608 2133 777 2175 Pegasum
794 2145 913 2168 navem
929 2136 1009 2169 fuis-

311 2188 361 2220 se,
375 2180 470 2221 cujus
491 2192 557 2222 ope
572 2183 678 2215 multa
693 2184 768 2217 loca
783 2186 907 2219 adierit
923 2188 1008 2220 Per-

309 2238 400 2269 seus,
415 2231 633 2273 suspicantur
647 2234 867 2276 Palaephatus
879 2242 914 2269 et
931 2239 1008 2270 Ful·

312 2280 458 2319 gentius.
484 2282 597 2314 Barth.

354 2332 420 2362 465
443 2332 530 2363 Pene
545 2337 648 2366 secuta
662 2336 725 2376 est]
760 2336 924 2370 Perseum
941 2339 1009 2371 Da·

313 2379 378 2410 nai}
393 2385 503 2413 mater
517 2393 526 2413 ε
561 2387 597 2414 et
613 2384 696 2416 mire
711 2388 917 2427 temperavit
934 2398 1009 2420 sen-

315 2439 400 2471 sum,
425 2436 460 2462 et
488 2433 751 2466 sollicitudinem
778 2445 867 2468 carae
890 2439 1009 2471 matris

313 2480 498 2519 expressit.
521 2481 669 2514 Laetam.

356 2531 421 2561 476
445 2530 603 2562 Chaonias
623 2532 762 2565 sonuisse
781 2534 856 2575 tibi]
879 2536 1010 2577 Epyro.

314 2579 399 2610 ticas
416 2589 561 2620 quercus
578 2581 676 2621 dicit,
692 2583 727 2615 in
744 2585 867 2625 quibus
889 2587 1009 2620 seden-

314 2634 368 2661 tes
401 2630 569 2662 columbae
599 2632 870 2667 sciscitatoribus
893 2636 1011 2671 futura

314 2680 488 2713 dicebant.
531 2681 712 2722 Virgilius:
739 2684 872 2726 ‘Atque
883 2687 1010 2720 habitae

317 2732 431 2764 Graiis
476 2733 615 2764 oracula
659 2735 827 2775 quercus.’
891 2737 1013 2772 Aridus

318 2784 475 2817 Hammon
486 2783 645 2825 Invident]
657 2785 705 2817 Ut
716 2785 874 2820 Juvenal.
889 2789 899 2806 ‘
909 2790 1011 2824 Quic-

733 234 875 265 No'rAE
909 233 1172 266 VARJORUM
1210 234 1258 264 ΙΝ

1045 328 1127 370 quid
1151 328 1294 361 Dixerit
1320 328 1532 369 Astrologus',
1556 325 1742 375 credunt..²

1045 377 1140 411 fonte
1152 379 1295 411 relatum
1309 376 1535 410 Hammonis!
1556 375 1744 411 Libercnnt

1046 439 1089 460 ex
1105 429 1205 461 ludia
1226 429 1363 460 veniens
1379 429 1414 460 in
1430 428 1569 460 deserta
1583 427 1621 459 et
1635 426 1669 458 in
1683 431 1743 459 exa

1047 484 1156 511 trema
1171 484 1271 520 parte
1294 479 1414 520 Libyae
1431 481 1619 516 teneretur,
1634 475 1746 522 narsiti

1045 529 1218 560 laboraret
1241 529 1425 567 exercitus,
1454 528 1582 560 dicitur
1606 535 1745 573 rogasse

1046 578 1181 618 Jovem,
1197 583 1234 611 nt
1249 588 1286 610 se
1303 584 1434 619 patrem
1448 578 1623 619 probaret.
1644 575 1745 610 Unde

1048 638 1091 660 ex
1114 638 1216 659 arena
1240 628 1353 660 subito
1380 628 1467 660 aries
1487 627 1745 669 appar-uinquo

1047 678 1134 709 duce
1158 678 1259 710 Liber
1280 688 1403 720 aquam
1426 678 1568 717 invenit,
1588 676 1746 718 petitque

1047 727 1183 767 Jovem,
1207 733 1246 759 ut
1269 728 1410 759 arietem
1427 728 1460 758 in
1476 732 1570 760 astra
1585 724 1747 762 transfer-

1049 781 1115 809 ret.
1161 777 1202 808 In
1228 787 1268 809 eo
1291 782 1404 809 autem
1418 777 1496 809 loco
1518 777 1554 808 in
1568 786 1633 818 quo
1657 777 1747 818 aqun'

1048 827 1148 859 fluxit
1165 828 1330 869 templum
1345 826 1535 867 constituit,
1547 825 1637 868 quod
1647 824 1746 858 Jovi-

1051 878 1251 910 Hammonis
1275 878 1410 910 dicitur.
1451 876 1673 916 Simulacrum
1687 884 1746 908 nu·

1050 932 1120 961 tem
1145 929 1219 970 ejus
1245 928 1391 970 adJeetis
1415 925 1574 960 cornibus
1595 924 1748 957 arietinis

1051 979 1246 1011 confectum
1262 983 1327 1018 est,
1341 979 1385 1011 (le
1400 987 1467 1020 quo
1482 977 1611 1019 templo
1626 974 1750 1017 postea

1052 1029 1213 1060 dicuntur
1223 1028 1309 1060 data
1323 1038 1397 1060 csse
1412 1027 1563 1060 oracula.
1586 1023 1688 1059 Idem.

1093 1081 1157 1111 478
1181 1079 1396 1120 Niliacumque
1407 1077 1515 1120 pecua]
1547 1075 1641 1118 Apin
1663 1074 1750 1107 dicit

1053 1132 1187 1160 taurum
1203 1129 1356 1161 lunatum
1376 1127 1491 1168 Isidis,
1505 1126 1563 1169 qui
1578 1124 1748 1167 AEoeyptiin

1052 1183 1146 1210 motu
1160 1179 1311 1220 corporis
1327 1179 1378 1210 sui
1404 1182 1440 1209 et
1460 1174 1660 1218 quibusdam
1682 1174 1750 1215 sig·

1053 1229 1105 1260 nis
1141 1228 1257 1260 futura
1286 1228 1456 1270 praedicit,
1484 1226 1543 1269 qui
1579 1224 1751 1267 Memphis

1053 1279 1218 1311 nascitur.
1240 1279 1337 1311 Idem.

1095 1331 1159 1361 479
1180 1329 1362 1370 Branchus]
1384 1327 1562 1360 Branchus
1572 1325 1752 1359 Themi-1⁸

1053 1378 1121 1410 fuit
1132 1379 1279 1411 dilectus
1296 1379 1462 1421 Apollini,
1471 1382 1510 1410 ut
1523 1376 1752 1420 Hyacinthus,

1054 1439 1152 1471 quem
1166 1430 1292 1461 acriter
1302 1429 1522 1461 interfectum
1534 1427 1653 1459 dolens
1665 1431 1751 1458 tem-

1055 1480 1111 1520 plo
1142 1483 1177 1510 et
1206 1480 1385 1520 sepulchro
1415 1477 1648 1511 consecravit}
1680 1476 1750 1509 illic

1055 1530 1287 1562 Branchiades
1326 1529 1451 1570 Apollo
1486 1528 1624 1563 dicitur.
1682 1526 1752 1558 mc

1055 1580 1245 1612 Zoamacon
1262 1580 1421 1621 opinione
1444 1575 1635 1610 Metrodori
1653 1575 1753 1609 Peri·
1803 1582 1807 1585 *

1056 1629 1157 1670 getici
1185 1629 1369 1661 condidit*
1391 1628 1435 1660 ab
1451 1627 1621 1669 AEthiopia
1643 1634 1752 1668 usqne

1055 1679 1089 1710 in
1128 1679 1273 1721 Libyam
1323 1679 1390 1710 tria
1437 1678 1577 1719 opinata
1612 1675 1752 1717 templa.

1056 1729 1254 1771 *Trajan-ns
1269 1729 1350 1761 solis
1373 1729 1407 1760 in
1430 1727 1600 1769 AEthiopia
1619 1727 1682 1759 hoc
1698 1730 1752 1758 est

1056 1783 1110 1812 ter
1121 1779 1297 1821 fulgentis.
1335 1780 1507 1813 Quantum
1522 1787 1585 1819 per
1598 1781 1752 1810 ceteram

1056 1834 1183 1862 terram
1198 1831 1298 1863 ardet
1308 1830 1473 1862 inclinare
1497 1829 1618 1861 ultimo
1634 1827 1752 1870 Libyae

1056 1880 1146 1922 quod
1161 1881 1346 1922 Sagittario
1360 1880 1543 1919 clauditur,
1557 1879 1654 1919 signo
1678 1886 1752 1910 esne

1056 1933 1255 1965 Hammonis
1279 1932 1442 1973 templum
1465 1930 1562 1964 Jovis
1586 1929 1678 1961 intra
1696 1927 1758 1960 AE-'

1057 1983 1203 2025 thiopas'.
1226 1982 1304 2014 Indi
1318 1986 1396 2013 sunt
1411 1981 1503 2013 enim
1519 1985 1555 2012 et
1570 1979 1628 2021 qui
1643 1978 1753 2011 Psen-

1055 2033 1286 2074 do-AEthiopae
1308 2036 1484 2064 vocantur.
1500 2034 1538 2062 et
1559 2029 1685 2071 Libyas
1705 2027 1755 2060 nl-

1058 2085 1156 2117 timas
1166 2093 1238 2115 esse
1246 2092 1353 2124 prope
1365 2079 1622 2118 Alexandriam.
1644 2079 1754 2111 Bran-

1058 2136 1208 2175 driades,
1219 2135 1275 2176 qui
1287 2135 1409 2167 Jovem
1420 2131 1611 2164 Branchum
1625 2130 1753 2162 colunt.

1059 2190 1176 2228 potest
1191 2185 1211 2204 ¹·
1230 2189 1267 2216 et
1282 2185 1353 2215 haec
1368 2181 1537 2214 derivatio
1553 2180 1754 2221 religionum

1060 2245 1197 2268 currere
1211 2246 1219 2266 :
1241 2234 1331 2276 quod
1354 2232 1496 2265 Isthmia
1511 2241 1585 2273 qnae
1602 2231 1636 2262 in
1650 2230 1756 2262 hono-

1061 2297 1133 2319 rem
1149 2286 1305 2328 Neptuni
1320 2288 1477 2326 aguntur,
1491 2281 1666 2322 finguntur
1680 2280 1755 2312 Me-

1059 2336 1204 2369 licertia.
1248 2335 1337 2367 Nam
1373 2336 1509 2366 constat
1536 2330 1754 2363 Melicertem

1060 2387 1102 2419 ab
1114 2386 1274 2427 AEthiope
1284 2394 1364 2425 rege
1377 2386 1573 2423 susceptum
1585 2390 1662 2412 cum
1677 2380 1756 2412 Βω-

1061 2437 1171 2468 otiam'
1183 2434 1319 2475 navigio
1342 2433 1489 2465 Isthmos
1505 2431 1637 2463 delatus
1652 2435 1755 2462 esset.

1062 2488 1151 2520 Nam
1175 2490 1212 2518 et
1227 2484 1449 2517 Archemoria
1471 2483 1506 2514 in
1521 2482 1680 2514 honorem
1695 2481 1757 2514 Jo-

1063 2539 1113 2570 vis
1132 2536 1307 2569 celebrare
1331 2535 1468 2566 volunt:
1504 2531 1646 2564 credunt
1668 2531 1756 2562 enim

1063 2587 1153 2630 quod
1167 2594 1324 2627 magnum
1339 2583 1443 2615 fuerit
1456 2582 1553 2616 Jovis
1567 2581 1757 2613 incremen-

1063 2643 1146 2670 tum.
1170 2637 1271 2668 Idem.

1103 2690 1167 2719 480
1190 2686 1280 2717 Pana
1293 2682 1467 2726 Lycaonia]
1490 2682 1546 2714 De
1557 2681 1663 2713 Panis
1678 2680 1760 2713 fano

1063 2738 1102 2770 etv
1116 2737 1254 2769 oraculo
1268 2736 1345 2767 vide
1359 2735 1432 2766 late
1444 2732 1650 2776 scribentem
1666 2732 1758 2764 Pan·

1063 2787 1191 2820 sanium
1207 2785 1395 2822 Arcadicis,
1419 2792 1519 2825 quem
1542 2791 1609 2814 non
1630 2782 1756 2815 exscri-
