1878 3164
455 223 495 257 Ρ.
527 224 720 257 PAler
754 224 920 257 STA'rn
952 224 1103 257 THEB.
1135 225 1232 256 mn.
1263 225 1318 256 11.

155 318 371 360 mysterium,
400 317 490 361 quod
529 318 615 352 lucis
650 319 864 361 intaminata,

156 373 261 411 atque
290 368 391 401 armis
422 368 554 401 mnnita
582 369 692 411 virgo,
717 370 760 402 de
789 380 863 403 ver-

155 419 227 451 tice
242 419 309 452 Dei
333 419 469 452 maximi
484 424 521 453 et
535 420 662 453 secreti
675 426 753 453 orta
768 421 862 453 dica·

156 473 227 502 tur.
250 469 353 502 Iden.

198 521 264 552 716
283 519 427 552 Hor-»m
454 521 580 563 decoro]
614 522 696 563 Ipse
725 522 861 565 quidem

154 573 268 601 terror
282 569 396 602 vultus
408 570 662 612 pulchritudine
676 573 863 615 mitigatur.

153 618 338 661 Speciosns
368 623 492 661 terror,
520 622 741 664 pulchritudo
764 624 863 656 terri·

154 668 246 702 bilia.
269 670 370 703 Idem.

197 722 262 754 '11⁷
284 721 466 763 crum]
489 722 671 756 Crudelior
683 723 722 756 fit
737 735 746 755 ι
763 733 864 766 zeug-

154 779 212 804 ιιι
226 770 271 803 ab
285 770 513 820 inferioribus.
536 774 638 806 Idem.

196 823 263 853 ‘519
284 819 348 854 Seu
365 822 557 865 Pandionio]
576 824 616 856 Id
629 829 694 866 est,
705 824 863 857 Athenis.

155 870 312 905 Pandion
333 871 502 914 siquidem
518 874 693 907 Erichthei
710 875 864 908 Athena-

155 931 232 956 rum
249 924 341 966 regia
355 923 456 958 filins.
478 925 640 959 Lucanus
652 928 696 960 de
707 929 865 970 Pallade,

154 973 208 1008 nti
232 974 288 1007 hic
306 975 456 1008 Noster:
472 976 488 1015 X‘
500 977 547 1008 Et
563 977 772 1010 Pandionias
787 988 863 1021 quae

154 1025 297 1068 cuspide
313 1026 468 1068 protegit
483 1027 604 1061 arces!
626 1028 783 1061 Ber-nure.

197 1078 261 1109 ’Νι
279 1075 407 1118 [thone]
428 1077 558 1109 Civitas
574 1078 719 1110 Boeotiae
733 1079 864 1110 Miner-

154 1134 208 1158 va
223 1135 336 1162 sacra,
357 1131 395 1159 nt
419 1126 493 1168 ipae
520 1127 590 1160 ait:
614 1129 625 1148 ‘
643 1129 753 1161 Ducit
767 1129 865 1161 Itho-

153 1185 238 1209 nena
265 1180 370 1218 atque
399 1177 670 1211 Alalciiemonea
695 1180 863 1212 Minervae

154 1225 328 1268 Agmina?
338 1226 559 1259 Bacclrilidea
566 1228 759 1261 Minervam
769 1230 864 1262 Itho-

155 1275 247 1308 niam
263 1275 361 1317 dicit,
376 1277 420 1308 ab
436 1277 574 1311 Itbone.
619 1279 713 1320 Ergo
735 1280 864 1312 Miner-

156 1334 232 1357 vam
259 1326 304 1358 ab
330 1326 460 1368 oppido
480 1328 749 1370 cognominavit,
772 1329 864 1371 qnod

155 1381 215 1410 eat
249 1377 286 1409 in
322 1377 544 1417 Macedonia,
579 1379 637 1411 ubi
666 1379 741 1421 ejus
775 1381 864 1413 anti-

153 1436 224 1470 qua
245 1432 299 1460 est
326 1427 431 1470 oedea,
446 1428 558 1461 vicina
574 1430 730 1467 Boeotiae,
747 1431 782 1462 in
798 1441 866 1473 qua

103 1485 106 1487 ’
155 1484 316 1526 regnavit
335 1483 520 1527 Antinous,
538 1484 700 1519 Herculis
715 1485 804 1520 filius
830 1491 867 1519 et

156 1535 320 1578 Paphiea.
344 1535 493 1569 lactant.

166 1598 171 1602 ⁴
197 1588 271 1629 ⁷22.
294 1585 416 1628 libyco
451 1587 596 1628 Tritone]
633 1587 737 1620 Palus
775 1587 864 1629 apud

155 1645 258 1679 quam
283 1636 435 1669 natalem
458 1637 628 1669 Minervae
645 1638 795 1678 virgines
811 1647 866 1669 ce·

153 1685 332 1719 lebrantea
371 1691 508 1719 certare
537 1686 738 1730 frequenter
777 1688 866 1719 ludi-

155 1738 224 1771 cri·
238 1737 422 1770 solebant:
445 1737 536 1770 unde
558 1742 595 1770 et
610 1738 767 1770 Tritonia
787 1738 868 1770 Pal-

153 1786 206 1819 laa
225 1787 375 1820 dicitnr-
395 1787 559 1832 Caussarn
576 1788 748 1829 expressit
759 1787 867 1829 Apol-

155 1837 269 1870 lonius
304 1836 497 1879 Argonaut.
529 1837 590 1870 lib.
613 1846 663 1869 ιν.
707 1837 869 1879 Ἦρῷσσαι

154 1887 275 1928 Λιβύης
287 1886 440 1930 τιμήοροι,
461 1887 497 1920 αἵ
517 1888 589 1919 ποτ’
606 1886 868 1928 Ἀθήνην,Ἧμος

154 1938 206 1972 ὅτ’
222 1939 259 1972 ἐκ
272 1938 390 1981 ἀτρὸς
403 1940 546 1980 κεφαλῆς
553 1937 622 1980 θόρε
632 1938 869 1981 παμφαίνουσα,

156 1992 339 2033 Ἀπόμεναι
348 1991 501 2034 Τρίτωνος
515 1992 563 2034 ἐφ’
579 1992 669 2025 ὕδασι
679 1993 867 2033 χυτλώσαν-

155 2054 208 2076 το.
251 2041 406 2083 Egregie
419 2041 532 2084 Libya
555 2042 708 2074 Heroinoe
730 2043 868 2075 Pallada

156 2096 323 2137 quondam,
335 2095 416 2126 Cum
425 2095 529 2136 pata-is
543 2104 560 2126 e
570 2095 673 2136 capite
681 2095 789 2127 exiliit
802 2097 866 2128 cla-

155 2144 298 2184 riuis-a,
307 2153 438 2186 parvam
453 2143 612 2176 Lavmm
629 2145 773 2177 Tritonis
786 2156 869 2187 aqua

156 2195 324 2236 meaque
344 2194 468 2235 pueuae.
507 2193 728 2235 Apollonium
755 2196 867 2238 sequi-

157 2248 218 2279 tur
233 2244 416 2277 Poetarum
433 2244 576 2284 vulgus·
567 2267 576 2275 .
601 2243 661 2275 sed
679 2244 867 2277 Pausanias

156 2294 300 2335 Atticis,
333 2298 370 2326 et
401 2293 602 2326 Herodotus
634 2294 868 2336 Melpomene,

158 2346 353 2378 Minervam
369 2353 437 2376 non
450 2343 562 2384 Jovis,
579 2344 640 2376 sed
660 2346 815 2387 Neptuni
831 2351 869 2379 et

157 2394 348 2428 'stitonidia
361 2393 504 2426 Paludis
519 2393 623 2426 filiam
639 2393 745 2427 fuisse
761 2396 867 2428 tradi-

157 2446 295 2478 derunt.
338 2442 509 2476 Herodoti
536 2443 644 2475 verba
663 2444 738 2476 haec
761 2451 864 2478 sunt:

156 2495 218 2534 τὴν
233 2493 398 2534 Ἀθηναίην
410 2492 489 2534 φασὶ
502 2492 711 2526 Ποσειδέωνος
726 2493 804 2527 εἶναι
817 2499 868 2528 θυ-

156 2544 277 2588 γατέρα
291 2545 343 2578 καὶ
363 2546 422 2583 τῆς
440 2544 619 2587 Τριτωνίδος
632 2544 754 2585 λίμνης.
799 2548 868 2579 Mi-

157 2607 286 2631 nervam
304 2597 452 2637 mutiunt
476 2595 622 2637 Neptuni
639 2596 745 2634 fuisse
758 2597 868 2639 filium

159 2651 193 2681 ee
215 2646 389 2680 stamini·
408 2645 544 2687 mandis.
565 2646 726 2679 Bernart.

201 2701 268 2731 wo
290 2695 494 2737 Parthaonis]
510 2696 684 2728 Parthaon
696 2697 796 2729 OEnei
807 2707 866 2739 pa-

161 2754 216 2782 ter
241 2748 320 2788 fnit,
345 2757 428 2780 avua
451 2746 582 2789 Tydei:
604 2751 740 2780 constat
755 2748 866 2790 Tydei

162 2808 268 2842 genus
288 2807 310 2831 a
334 2798 447 2831 Marte
463 2795 628 2841 defluere,
643 2802 682 2831 ut
698 2799 789 2833 idem
805 2800 865 2832 ait.

1480 226 1486 233 ·
1502 216 1617 259 1819

911 320 920 338 ‘
934 321 1043 353 Marti
1086 330 1152 353 non
1197 320 1410 362 degenerare
1447 321 1618 362 paterno!

911 371 999 403 Nam
1013 371 1193 412 Meleager
1204 370 1329 402 Martis
1342 369 1432 402 filius
1445 369 1522 402 fuit.
1538 371 1618 403 Lac-

910 424 992 454 tant.

953 475 1016 504 727
1040 471 1195 513 Pleuron]
1218 471 1375 504 AEtholiae
1397 472 1519 504 civitas
1541 481 1619 512 pro-

911 532 955 564 pe
993 522 1215 563 Calydonem,
1253 522 1358 554 Marti
1404 526 1618 554 consecrata.

911 572 981 605 Alii
1005 572 1178 613 regionem
1202 572 1470 614 Calydoniornm
1485 572 1618 604 dicunt.

911 622 1051 663 Martia]
1076 623 1166 655 Quia
1187 622 1235 655 ibi
1258 623 1406 655 maxime
1425 623 1522 655 Mars
1538 623 1619 655 coli-

913 677 981 706 tur.
1004 674 1105 705 Idem.

955 726 1019 756 '128
1042 725 1152 755 Aurea
1164 723 1256 764 tunc]
1278 723 1320 755 In
1336 723 1448 755 media
1461 723 1547 755 urbe
1561 723 1618 755 ubi

913 774 1023 806 aedem
1048 774 1210 806 dicavere
1236 775 1271 806 in
1288 779 1420 807 tantum
1439 774 1558 815 templi
1573 774 1620 805 al·

914 825 1024 857 titudo
1053 825 1204 864 tolletur,
1231 829 1270 857 ut
1293 825 1428 857 Ionium
1451 834 1559 865 mare,
1584 829 1621 857 et

913 874 1106 906 Echinadas
1132 875 1273 915 insulas,
1288 874 1544 918 Acheloumque
1560 875 1620 907 de-

913 924 1054 966 spicias.
1098 923 1231 956 Harum
1266 924 1451 957 insularum
1487 926 1619 957 Lucan.

913 975 1082 1015 meminit,
1097 979 1137 1007 ut
1157 976 1167 992 ‘
1182 975 1324 1008 oblimat
1342 976 1535 1008 Echinadas
1560 986 1623 1008 un-

914 1024 966 1056 dis
980 1024 1002 1056 :²
1027 1025 1061 1055 in
1077 1023 1232 1057 Acheloo
1258 1025 1348 1057 enim
1364 1024 1470 1058 fluvio
1486 1026 1621 1058 trea'in-

913 1074 1004 1106 aulas
1017 1074 1069 1105 hia
1081 1073 1274 1106 nominibus
1286 1078 1410 1106 natura
1419 1075 1621 1107 constituit:

914 1124 1116 1166 Artemiten,
1146 1124 1283 1167 Agalia,
1316 1126 1473 1167 Megale,
1503 1125 1622 1158 Ovidii

915 1185 1048 1218 qnoque
1061 1175 1269 1207 carminibus
1281 1176 1486 1208 celebratas.
1508 1176 1607 1208 Idem.

957 1229 1021 1259 ⁷34
1042 1227 1144 1259 Arma
1160 1227 1270 1269 tholis]
1293 1226 1421 1259 Omnia
1445 1227 1520 1259 loca
1536 1231 1622 1259 tem·

915 1279 1060 1320 plorum,
1091 1277 1217 1319 quibus
1258 1277 1386 1319 aliquid
1414 1277 1472 1319 figi
1500 1277 1624 1320 possit,

914 1329 1015 1361 tholos
1030 1327 1098 1360 dici
1116 1332 1211 1360 recte
1226 1332 1325 1360 notat
1339 1328 1619 1370 Glossographus

915 1377 1099 1420 Antiquus.
1146 1378 1215 1411 Qui
1245 1378 1314 1410 sint
1344 1378 1423 1410 tholi
1456 1378 1622 1421 alioquin,

915 1439 1015 1462 nemo
1039 1429 1148 1462 nescit
1178 1439 1222 1461 ex
1237 1429 1408 1469 Varrone,
1435 1429 1557 1461 Servio
1579 1428 1622 1460 ad

915 1479 1049 1513 AEneid.
1072 1489 1125 1512 11.
1148 1480 1294 1522 aliisque
1310 1480 1623 1517 Grammaticorum

915 1530 1111 1571 nepotibus.
1156 1530 1232 1561 Meo
1254 1530 1387 1570 quaesita
1409 1529 1519 1562 revexi
1542 1529 1624 1562 Sun-

913 1580 1026 1622 guine]
1058 1581 1171 1613 Nemo
1197 1585 1392 1622 suspectam
1408 1581 1529 1613 habuit
1545 1582 1623 1614 hac-

917 1637 1016 1664 tenus
1038 1631 1127 1663 hanc
1158 1631 1353 1668 lectionem,
1375 1641 1487 1673 neque
1517 1631 1623 1664 libros

915 1682 1083 1715 hactenus
1098 1682 1241 1714 collatos
1259 1687 1356 1723 puto,
1372 1683 1430 1724 qui
1443 1683 1624 1725 quicquam

916 1733 1140 1766 immutarint.
1183 1732 1289 1764 Patet
1306 1737 1420 1764 tamen
1437 1743 1481 1765 ex
1499 1738 1624 1765 veterr.

917 1783 1137 1824 membranis,
1169 1792 1366 1824 expressum
1404 1783 1472 1824 legi
1499 1793 1624 1816 reveaeo.

917 1834 1003 1867 Qum
1035 1834 1209 1875 scriptura
1237 1833 1375 1865 omnino
1398 1838 1452 1865 est
1475 1833 1624 1875 Papinii.

917 1884 1035 1916 Barth.

959 1938 1024 1968 740
1055 1935 1238 1977 Inspectum
1266 1934 1431 1977 pudorem]
1463 1935 1625 1967 Arcanum

917 1987 1064 2028 pudorem
1079 1987 1176 2027 dicit,
1199 1990 1260 2018 aut
1285 1986 1361 2027 ejus
1384 1986 1624 2018 simulachrum

918 2047 1051 2077 verum,
1067 2036 1101 2068 id
1118 2040 1182 2076 est,
1197 2037 1403 2076 Palladium,
1416 2036 1507 2078 quod
1525 2036 1625 2068 illici·

919 2091 991 2118 tum
1008 2091 1084 2118 erat
1100 2096 1263 2127 cernere;
1289 2096 1354 2128 quo
1367 2085 1506 2128 quidam
1517 2095 1624 2129 quon·

918 2137 996 2169 dam
1022 2137 1095 2169 viso
1123 2138 1275 2178 privatus
1291 2142 1345 2169 est
1361 2137 1458 2177 visu;
1480 2142 1541 2169 aut
1557 2138 1625 2169 vir-

919 2187 1098 2229 ginitatem
1124 2187 1211 2229 ejus.
1257 2188 1350 2228 Ergo
1365 2187 1395 2218 si
1416 2187 1466 2219 sic
1491 2191 1557 2228 eat,
1579 2188 1628 2218 in·

915 2242 1058 2280 spectum
1075 2248 1137 2280 pro
1161 2239 1324 2270 rimatura
1351 2238 1404 2269 vel
1421 2237 1626 2280 inquisitura

916 2290 1098 2330 accipitur.
1123 2289 1270 2320 Lactant-

959 2342 1021 2371 741
1048 2340 1095 2371 Tu
1108 2339 1206 2379 bellis,
1217 2342 1253 2370 tu
1263 2337 1353 2379 pace]
1375 2339 1550 2370 Bellorum
1564 2347 1625 2380 po·

918 2395 1016 2423 tens:
1040 2390 1130 2433 quod
1157 2390 1331 2432 proprium
1361 2394 1415 2422 est
1441 2389 1625 2422 Minervae.

917 2441 1016 2473 Idem.

960 2494 1024 2523 742
1049 2491 1123 2522 Non
1137 2490 1323 2530 indignante
1334 2490 1459 2533 Diana]
1480 2491 1625 2532 Semper

918 2540 981 2573 tibi
999 2540 1042 2572 de
1068 2541 1230 2582 primitiis
1250 2540 1468 2581 sacrificabo,
1482 2550 1547 2573 nec
1562 2541 1624 2573 mi-

917 2591 950 2623 hi
979 2591 1069 2623 sicut
1098 2591 1185 2622 solet
1219 2591 1336 2622 Diana
1371 2590 1623 2632 indignabitur.

918 2641 1066 2674 Occulte
1090 2640 1264 2672 historiam
1292 2641 1417 2682 tangit,
1434 2641 1493 2672 ubi
1510 2642 1625 2674 Diana

918 2695 1119 2733 contempta
1150 2691 1185 2722 in
1212 2690 1381 2723 sacrificio
1418 2691 1557 2723 immisit
1589 2702 1625 2724 a-

916 2753 1028 2785 prum,
1041 2742 1100 2784 qui
1116 2741 1340 2784 Calydoniam
1358 2741 1530 2784 regionem
1550 2751 1625 2775 vaa—

918 2797 1024 2826 taret.
1047 2793 1145 2826 Idem·
