1878 3164
490 225 534 257 Ρ.
564 222 758 256 PAPlNu
788 221 957 255 STATH
989 222 1135 253 THEB.
1169 222 1266 254 LlB.
1290 221 1343 254 X.

176 317 249 362 tua]
266 318 382 354 Credo
395 317 583 362 'scripsisse
607 323 806 351 auctorem:
829 327 884 350 ιιιι-

178 369 355 404 ωιιίιη·
367 369 541 412 Μυκη.
573 369 620 402 Et
636 378 720 401 saue
734 369 783 401 ita
798 368 886 400 liber

174 420 341 462 optimu.
369 420 509 452 Gronov.

219 472 286 503 49⁷
310 470 461 513 mgni]
495 470 598 503 Mons
625 469 806 503 Laconicae
831 478 884 502 re-

176 520 300 563 glanis.
318 524 324 532 “
343 521 460 563 Rigiai
473 520 619 562 Emtae]
641 521 808 563 Frigidi.·
816 521 884 553 Eu-

173 575 261 605 rotas
271 570 395 605 fluvius
410 573 591 605 Laconicae
609 572 769 614 regionis.
790 572 884 604 Lacr.

216 624 292 656 we
305 623 469 666 Spectnte]
493 624 659 656 Laiidate.
688 624 787 656 Idem.

215 676 284 707 4⁹9
306 674 454 707 Nemeaeo
467 674 503 706 in
510 675 640 716 pulvere
647 672 761 716 foelix]
775 672 883 706 Modo

173 722 386 758 &Nemeto
400 724 509 767 agone
521 726 664 758 victoria
680 729 882 757 coronatus:

161 773 232 807 viiic
245 773 445 808 Alcidamas
461 775 494 806 in
513 784 636 816 agone,
650 784 751 817 quem
769 775 803 806 in
821 774 882 806 ho-

172 834 291 857 norem
308 823 511 858 Archemori
533 824 703 861 Adrastus
727 825 881 857 celebra-

171 874 238 916 vit,
252 874 416 908 adversus
431 875 629 917 Capaneum
651 875 814 907 coestibus
831 875 881 906 di-

171 924 326 967 micavit,
339 929 380 958 nt
400 925 558 968 superius
580 924 694 958 Poeta
711 929 879 957 testatur:

171 975 183 994 ⁶
199 975 357 1008 Tandem
379 974 576 1018 insperatus
596 975 690 1007 nuda
710 974 754 1006 de
776 975 880 1016 plebe

171 1024 346 1059 Laconum
361 1025 504 1058 Prosilit
519 1025 737 1058 Alcidamas.¹
766 1025 866 1058 Idem.

180 1094 183 1096 -
214 1070 279 1108 6⁰1
307 1075 515 1118 Tyndarides,
529 1075 627 1108 nitidi
642 1076 790 1116 moriens,
806 1075 878 1118 δρα]

172 1125 242 1160 Qui
261 1126 516 1168 spuriam-hane
530 1126 716 1159 lectionem
732 1127 879 1159 intruse-

171 1180 266 1218 runt,
284 1177 411 1209 vellem
435 1177 518 1209 mihi
535 1177 694 1210 dicerent
709 1187 777 1220 qua
793 1177 879 1210 fidu-

171 1226 228 1259 cia
246 1226 312 1259 hoe
328 1225 499 1270 fecerint:
525 1227 606 1260 libri
629 1232 779 1266 veteres,
794 1239 878 1271 quos

170 1281 239 1310 non
265 1277 423 1310 dubitavi
458 1277 598 1310 audire:
645 1278 762 1320 primis
789 1289 879 1319 quem

169 1328 316 1361 miltes
329 1328 395 1370 ipse
408 1328 530 1370 ligarat
551 1329 758 1371 Tyndarides,
779 1330 879 1362 nitidi

169 1377 306 1410 morien
329 1388 468 1411 convexa
486 1378 649 1420 magistri,
664 1381 718 1420 ὅτ.
754 1380 877 1413 Mens:

169 1429 385 1462 Alcidamam
406 1429 450 1462 ad
465 1435 633 1462 coestuum
655 1433 830 1462 certamen
857 1441 878 1462 a

169 1480 317 1514 Polluce
331 1479 521 1514 formatum
541 1480 746 1512 morientem
767 1486 878 1512 sustu-

166 1530 252 1564 lisse
277 1530 396 1563 oeulos
419 1530 456 1563 in
472 1531 616 1571 caelum,
632 1531 690 1563 ubi
713 1531 878 1572 magister

169 1580 245 1623 ejus
267 1580 387 1623 sydus,
411 1581 502 1623 quod
518 1580 647 1613 >statim
673 1581 778 1613 etiam
805 1588 878 1612 tan-

169 1639 270 1673 quam
280 1629 537 1663 abominaretur
547 1629 707 1672 discipuli
720 1634 878 1672 mortem,

168 1681 420 1716 soabscondit.
459 1682 591 1715 Noster
615 1683 677 1715 lib.
702 1692 753 1715 vr.
782 1683 793 1701 ‘
809 1682 878 1715 Sed

167 1733 253 1766 socii
264 1731 391 1766 fretum
398 1733 544 1766 Polluce
553 1733 718 1775 magistro
729 1733 878 1773 Norant,

148 1787 206 1823 ⁸et
229 1793 348 1818 sacras
378 1783 470 1817 inter
498 1784 646 1817 crevisse
676 1783 879 1826 palaestras.',

166 1834 303 1868 Seneca
332 1834 562 1877 Philosophus
591 1834 740 1867 Medea:
780 1838 789 1854 ‘
806 1835 876 1867 Sed

166 1885 313 1919 Castore
349 1894 427 1918 cum
460 1895 521 1917 suo
552 1885 679 1917 Pollux
712 1886 876 1918 coestibus

165 1934 303 1978 aptior!
347 1934 519 1968 Arnobius
543 1934 605 1967 lib.
622 1944 649 1967 1.
674 1935 684 1953 ‘
702 1935 877 1978 Castores,

165 1996 273 2030 equos
288 1995 375 2019 unus
387 1985 557 2018 domitare
573 1991 773 2027 consuetus,
787 1987 876 2018 alter

165 2037 353 2080 pugillator
364 2036 488 2078 bonus,
502 2036 582 2069 ideo
594 2046 663 2069 non
678 2038 803 2070 Castor
815 2037 875 2069 sed

167 2087 296 2120 Pollux
321 2086 473 2122 dicitur?
517 2087 595 2120 Nec
615 2087 750 2120 recedit
763 2088 806 2120 ab
821 2088 874 2120 his

166 2137 335 2180 Virgilius
360 2137 440 2170 dum
465 2137 536 2170 ait:
569 2138 687 2170 ‘Talis
706 2138 875 2180 Amyclaei

167 2187 318 2222 domitus
346 2187 499 2221 Pollucis
527 2187 668 2221 habenis
696 2189 875 2230 Cyllarus?

168 2239 272 2276 Nam.
309 2243 349 2272 ut
384 2238 512 2272 ibidem
558 2239 670 2282 inquit
709 2239 871 2272 Servius:

161 2289 172 2308 ‘
187 2290 315 2323 Castor
341 2289 494 2322 domitor
514 2298 683 2332 equorum
709 2288 788 2328 fuit,
811 2289 873 2322 sed

164 2339 310 2374 fratrem
339 2350 404 2383 pro
435 2339 544 2372 fratre
582 2340 699 2381 posuit
726 2339 874 2372 Poetica

163 2390 330 2424 licentia?
365 2391 519 2424 Bemre.
581 2390 743 2431 Conrexa]
765 2391 872 2433 Plaga

163 2442 256 2480 eoeli,
285 2442 320 2474 in
349 2451 418 2484 qua
449 2442 542 2474 lucet
570 2441 671 2474 stella
706 2441 872 2483 Pollucis,

163 2498 266 2536 qnam
290 2491 401 2525 refert
425 2490 536 2524 Poeta
561 2494 705 2534 propter
726 2496 871 2524 mortem

164 2543 309 2576 cultoris
334 2542 388 2575 sui
411 2542 561 2574 nominis
587 2542 621 2573 in
645 2551 804 2574 occasum
818 2541 871 2573 fu-

164 2595 231 2627 isse
242 2603 457 2627 conversam.
481 2592 583 2625 Unde
597 2592 768 2634 superius,
781 2593 790 2610 ‘
802 2591 871 2625 Sed

165 2643 248 2677 socii
262 2643 388 2677 fretum
402 2641 574 2679 Polluce,’
588 2644 654 2675 διο.
680 2643 829 2675 Luceant.

207 2697 272 2728 ⁵08
293 2692 454 2734 Imm}
486 2692 617 2726 Ledam
646 2692 746 2733 dicit,
770 2703 870 2735 quam

162 2745 329 2788 Juppiter
358 2743 392 2776 in
422 2752 571 2786 cygnum
600 2747 751 2776 mutatus
780 2754 871 2776 com-

165 2795 305 2838 pressit.
330 2794 431 2827 Idem.

1532 213 1648 256 1975

981 319 1045 350 5⁰4
1073 318 1166 350 Falso
1191 316 1291 358 olore]
1326 316 1477 358 Proprie
1505 317 1650 357 dictum.

935 369 1016 411 quia
1043 379 1112 402 non
1142 379 1288 412 cygnus,
1314 368 1375 400 sed
1407 368 1573 410 Juppiter
1607 369 1642 400 in

936 429 1084 461 cygnum
1114 429 1232 452 versus
1262 419 1306 451 ad
1331 419 1461 451 laedam
1491 424 1646 450 venerat.

936 470 1037 503 Idem.

978 523 1042 552 507
1068 520 1188 553 Erudit
1213 519 1375 561 genitrix]
1414 520 1507 554 Quia
1535 525 1647 553 mater

936 569 1127 604 Alcidamae
1173 572 1322 613 nympha
1365 569 1431 603 fuit
1473 571 1645 602 venatrix.

935 621 1021 654 Quae
1048 622 1121 653 sine
1146 621 1250 654 dubio
1272 620 1381 657 flevit,
1405 621 1495 662 quod
1512 621 1560 653 ita
1577 616 1646 653 for-

935 674 1004 703 tem
1032 672 1214 707 nutrierat,
1238 671 1356 713 itaque
1377 670 1590 711 bellicosum,
1606 676 1646 702 ut

934 721 1080 754 audacia
1092 722 1230 754 virtutis
1246 731 1315 753 suae
1336 720 1448 753 fretus
1467 721 1645 754 occubuis-

933 776 988 804 set
1004 772 1173 804 incautus.
1197 772 1297 804 Idem.

974 825 1039 854 ⁵10
1075 822 1292 863 Alcmenides]
1350 823 1644 864 Patronymicum.

932 873 1036 906 Idem.
1546 903 1551 909 .

974 925 1036 955 511
1062 923 1248 965 Torserunt]
1272 924 1490 957 Clauserunt.
1515 924 1637 958 Idem.

974 976 1038 1005 512
1054 973 1249 1016 Prqfindunt
1261 974 1405 1015 inarata]
1422 975 1544 1007 Plures
1559 975 1642 1007 Per-

919 1024 1088 1065 sringunt.
1120 1025 1221 1056 Binae
1239 1026 1380 1067 optimae
1398 1026 1544 1058 membr.
1563 1027 1643 1058 Pro-

920 1075 1089 1115 sringunt.
1136 1075 1237 1109 Quod
1260 1086 1326 1107 non
1350 1075 1487 1108 videtur
1503 1076 1643 1118 insuper

928 1125 1134 1158 habendum.
1158 1126 1265 1159 Quasi
1279 1126 1385 1167 dicat,
1399 1128 1535 1168 protelo
1551 1127 1643 1159 fran-

929 1182 1029 1218 gunt,
1056 1185 1163 1219 usque
1191 1181 1228 1208 et
1252 1187 1358 1219 usque
1383 1176 1543 1219 frangere
1564 1187 1643 1219 per-

929 1230 1027 1267 gunt.
1085 1226 1172 1258 Tale
1216 1227 1358 1259 verbum
1407 1233 1462 1260 est
1503 1229 1643 1270 Virgilii

929 1276 1062 1319 Georg.
1077 1286 1136 1309 ιιι.
1174 1281 1184 1295 ’
1200 1278 1244 1309 Et
1258 1278 1347 1319 pede
1365 1279 1559 1321 prosubigit
1574 1283 1644 1311 ter-

929 1327 1024 1360 ram.'
1069 1327 1169 1361 Quod
1186 1327 1341 1360 imitatus
1360 1329 1521 1361 Valerius
1540 1330 1641 1362 Flac-

929 1387 989 1409 cus
1003 1376 1065 1410 lib.
1080 1385 1136 1409 lv.
1152 1377 1162 1395 ‘
1177 1381 1215 1409 et
1230 1376 1372 1410 fulmina
1389 1379 1539 1421 Cyclops
1554 1380 1643 1412 Pro-

928 1427 1081 1469 subigit.’
1126 1428 1266 1461 Gronov.
1339 1430 1502 1471 Pangaea]
1539 1432 1642 1464 Mons

928 1478 1160 1519 Macedoniae,
1173 1479 1228 1510 vel
1245 1479 1406 1512 Maenala.
1429 1482 1531 1514 Idem.

971 1530 1037 1560 519
1073 1528 1217 1560 Solvitur
1247 1529 1386 1571 interea]
1432 1531 1642 1573 Irruperunt

929 1577 1051 1620 Argivi
1066 1578 1306 1612 Thebanorum
1325 1581 1465 1621 vallum,
1482 1592 1547 1615 nec
1562 1584 1639 1616 illos

928 1629 979 1661 vis
1006 1630 1075 1661 ulla
1100 1630 1216 1671 potuit
1241 1629 1284 1662 ab
1300 1630 1431 1673 impetu
1447 1633 1641 1666 retardare.

928 1679 1078 1712 Lac-tant.

969 1733 1034 1762 523
1057 1730 1237 1772 Abruptum
1251 1731 1409 1763 mirantur
1419 1733 1492 1774 agi]
1515 1733 1639 1776 Sump-

928 1784 1000 1813 tum
1014 1780 1151 1813 videtur
1163 1791 1208 1813 ex
1219 1781 1364 1814 Homeri
1376 1782 1477 1816 Iliad.
1487 1787 1531 1816 M.
1547 1785 1639 1826 apud

926 1841 1029 1874 quem
1056 1832 1222 1864 Hectoris
1248 1833 1326 1875 equi
1353 1835 1486 1875 pariter
1509 1835 1639 1869 descri-

925 1882 1055 1915 buntur
1089 1883 1303 1920 resistentes,
1331 1889 1369 1915 et
1397 1884 1573 1922 timentes,
1604 1886 1638 1918 in

926 1943 1056 1965 summo
1069 1933 1167 1965 labro
1179 1932 1281 1965 fossae
1295 1943 1303 1966 ε
1327 1932 1400 1966 οὐδέ
1413 1933 1442 1966 οἱ
1453 1934 1543 1967 ἵπποι
1558 1935 1638 1968 Τόλ-

924 1995 989 2023 μων
1009 1982 1172 2016 ὠκύποδες·
1199 1982 1289 2024 μάλα
1313 1983 1347 2016 δὲ
1374 1985 1563 2028 χρεμέτιζον
1589 1988 1637 2019 ἐπ’

925 2034 1008 2076 ἄκρῳ
1022 2034 1130 2068 Χείλει
1151 2034 1354 2076 ἐφεσταότες.
1399 2038 1529 2070 Locum
1544 2039 1636 2071 hunc

926 2086 975 2119 ita
1003 2086 1060 2118 edi
1088 2087 1193 2127 volui,
1217 2088 1347 2119 cumin
1375 2089 1521 2131 vulgatis
1541 2091 1635 2132 turpi

926 2146 1043 2169 errore
1059 2137 1256 2178 legeretur:
1279 2137 1458 2180 Abruptum
1478 2141 1636 2173 mirantur

925 2187 1007 2228 equi.
1052 2187 1188 2219 Probas
1204 2188 1274 2220 scio
1290 2189 1413 2230 lector,
1427 2195 1464 2222 et
1483 2191 1635 2231 gemina-

926 2239 1055 2270 tionem
1080 2248 1100 2269 a
1128 2239 1218 2270 mala
1247 2248 1348 2270 manu
1382 2238 1487 2272 fuisse
1512 2241 1632 2274 vides:

926 2289 1011 2321 illud
1028 2299 1094 2321 uno
1117 2289 1234 2327 verbo,
1258 2289 1439 2322 occasione
1454 2291 1552 2332 hujus
1575 2302 1633 2325 vo-

925 2341 972 2372 cis
994 2341 1173 2382 abruptum,
1197 2350 1329 2382 moneo,
1351 2342 1503 2383 eleganti
1525 2350 1632 2376 meta-

927 2392 1034 2432 phora
1052 2391 1303 2424 Tertullianum
1329 2391 1494 2425 adversus
1521 2394 1631 2426 Prax—

924 2452 1000 2474 eam
1016 2442 1156 2481 dixisse,
1168 2443 1179 2460 ⁴
1193 2443 1220 2474 si
1235 2447 1304 2474 tam
1316 2442 1464 2485 abrupte
1477 2447 1636 2487 utamur:

925 2492 960 2524 id
981 2497 1046 2534 est,
1070 2498 1141 2524 tam
1159 2492 1306 2533 praecise
1322 2497 1357 2525 et
1371 2493 1444 2526 siue
1457 2495 1634 2529 limitatio-

924 2553 988 2575 ne:
1026 2548 1063 2575 et
1092 2543 1269 2575 Valerium
1300 2544 1358 2577 lib.
1385 2554 1467 2578 vm.
1495 2556 1574 2589 cap.
1599 2551 1632 2581 1.

923 2595 932 2613 ‘
949 2595 1107 2637 abruptae
1124 2595 1222 2636 spei,’
1245 2595 1279 2627 id
1304 2600 1371 2637 est,
1386 2598 1460 2639 spei
1474 2600 1635 2642 perdilae,

924 2656 1063 2688 prorsus
1105 2645 1258 2678 abscisae.
1299 2645 1402 2681 Bern.
1465 2650 1632 2682 Mirantur

923 2696 994 2738 agi]
1018 2696 1083 2739 Agi
1097 2707 1133 2729 se
1149 2697 1366 2730 mirabantur
1375 2699 1456 2741 equi
1474 2710 1493 2731 a
1509 2701 1631 2733 seden-

923 2747 1029 2788 tibus,
1055 2757 1119 2789 per
1145 2747 1304 2789 abrupta.
1333 2748 1482 2782 Lactant-
1528 2752 1630 2793 Impe-

922 2802 973 2830 ειω
1001 2798 1075 2840 iroe]
1123 2798 1334 2831 stultissima
1368 2799 1483 2833 lectio.
1535 2802 1629 2843 Lege
