1878 3164
278 261 300 301 l
307 260 391 303 820

610 552 1030 602 THEBAIDOS
1085 552 1228 601 LIB.

326 715 342 744 1
367 713 525 754 Perfidus]
550 713 619 744 Aut
650 713 727 754 quia
752 721 894 754 regnum
921 722 980 744 ne-

281 763 386 804 gavit,
415 767 473 795 aut
499 764 578 804 quia
604 767 724 795 contra
747 763 805 804 jus
828 763 980 803 gentium

281 812 397 852 legato
417 813 553 853 paravit
568 812 718 844 insidias.
762 814 876 845 Docet
891 813 981 844 enim

281 860 393 894 Poeta
418 863 584 894 malorum
625 862 871 894 conscientiam
907 872 981 894 esse

280 911 498 952 pervigilem3
515 912 644 953 quippe
659 913 852 952 Etheoeles,
866 923 980 954 quam-

281 960 330 992 vis
360 961 470 993 adlmc
495 962 603 993 stellis
631 962 728 994 labor
757 963 919 1003 supersit,
944 967 982 994 ut

280 1019 418 1042 ascenso
449 1021 512 1043 axe
544 1011 763 1052 perveniatur
793 1012 835 1044 ad
861 1013 982 1053 lucem,

279 1065 394 1093 tamen
410 1060 486 1093 ocia
501 1071 568 1094 non
583 1062 729 1102 accepit.
774 1062 861 1094 Vide
877 1063 981 1096 Ovid.

280 1109 368 1143 Met.
380 1118 418 1141 11.
433 1110 490 1142 ubi
503 1110 667 1143 describit
678 1111 867 1143 Invidiam:
883 1112 980 1143 ‘Pal-

279 1159 332 1189 lor
355 1159 389 1191 in
416 1169 475 1191 ore
498 1160 610 1199 sedet,
634 1160 759 1192 macies
784 1161 817 1192 in
837 1171 982 1202 corpore

281 1211 366 1248 toto,
382 1209 559 1251 Nusquam
576 1214 671 1242 recta
686 1210 790 1249 acies,
807 1212 914 1243 livent
928 1221 982 1244 ru-

279 1257 396 1298 bigine
421 1259 556 1296 dentes,
572 1260 723 1292 Pectora
749 1260 830 1292 felle
859 1260 983 1302 virent,

278 1307 395 1349 lingua
418 1317 472 1343 est
487 1308 615 1342 suffusa
630 1310 786 1352 veneno,'
809 1313 874 1343 διο.
905 1311 983 1343 Loe-

282 1361 363 1390 tant.

322 1410 343 1440 2
367 1408 577 1441 Humentibus
590 1410 703 1451 astris]
729 1410 905 1443 Astrorum
923 1420 981 1442 ex·

279 1458 404 1490 halatio
430 1459 543 1491 calida
558 1459 686 1492 feriens
703 1470 863 1501 vaporem
880 1466 980 1493 terrae

280 1517 344 1548 per
359 1509 440 1540 solis
465 1510 668 1551 absentiam,
690 1509 850 1551 frigidum
870 1512 980 1552 gignit

281 1567 406 1598 rorem,
422 1559 511 1590 unde
528 1564 663 1592 noctem
681 1565 848 1593 rorantem
863 1566 899 1593 et
910 1572 983 1595 ros-

281 1607 390 1639 cidam
406 1609 612 1649 experimur.
637 1610 740 1642 Schol.
785 1611 847 1642 Est
871 1612 983 1643 imita-

283 1658 331 1689 tio
364 1658 516 1691 Maronis
548 1669 592 1691 ex
618 1661 693 1692 AEn.
717 1669 768 1692 ιν.
789 1662 847 1702 qni
871 1667 984 1693 tamen

282 1708 491 1748 cogitantius
506 1709 516 1727 ‘
526 1710 661 1743 umbras
672 1711 851 1743 humentes
862 1710 872 1724 '
886 1711 984 1743 dixit.

286 1759 406 1794 Barth.

323 1810 345 1840 4
377 1807 568 1849 Scelerisque
596 1809 717 1850 parati]
754 1809 870 1842 Prima
894 1810 984 1843 enim

283 1858 392 1888 nostri
407 1858 545 1890 sceleris
562 1868 660 1899 poena
681 1863 735 1891 est
755 1860 930 1900 cogitatio.
947 1865 985 1893 ut

282 1908 440 1940 Juvenal.
463 1909 473 1926 ‘
487 1908 604 1940 Prima
626 1913 679 1940 est
694 1909 766 1941 haec
782 1910 878 1951 ultio,
893 1911 984 1952 quod

284 1967 321 1990 se
347 1958 475 1992 Judice
495 1967 595 1990 nemo
621 1968 746 1991 nocens
772 1959 983 1993 absolvitur!

285 2007 430 2040 Constat
446 2018 529 2049 ergo
550 2009 713 2041 malorum
739 2011 985 2043 conscientiam

285 2067 420 2099 semper
435 2068 508 2091 esse
526 2059 738 2099 pervigilem.
760 2060 908 2093 Luceant.

327 2110 348 2139 8
369 2109 578 2150 Animumque
605 2108 764 2150 rependit]
789 2110 867 2141 Non
895 2111 985 2152 cogi-

285 2158 380 2191 tabat
395 2163 517 2190 contra
532 2168 708 2191 numerum
723 2164 892 2192 tantorum
913 2162 985 2192 uni-

285 2218 325 2241 us
340 2207 527 2240 subsistere
544 2218 645 2250 posse
661 2210 836 2242 virtutem.
857 2211 964 2248 ‘Idem-

327 2261 348 2290 9
374 2259 458 2290 Num
471 2259 559 2298 regio
578 2259 711 2299 diversa,
726 2260 796 2301 &ct-J
820 2259 898 2291 Alia
912 2270 987 2301 pro·

287 2308 465 2341 ficiscente
480 2309 608 2350 Tydeo,
638 2319 703 2341 non
719 2319 761 2341 ea
777 2310 830 2341 via
847 2320 910 2351 qua
926 2320 988 2350 ego

287 2358 503 2390 insidiatores
518 2358 568 2390 ire
577 2359 770 2400 jusseram?
809 2358 886 2390 Alia
902 2360 989 2400 glos-

288 2418 326 2441 sa
341 2419 348 2439 ι
372 2409 381 2426 ‘
395 2408 512 2449 Tydeo
527 2414 562 2440 et
578 2409 659 2439 meis
675 2409 862 2441 militibus!
900 2410 990 2441 Laus

287 2458 400 2499 Tydei
430 2459 464 2489 in
496 2467 537 2489 eo
566 2463 632 2498 est,
672 2459 760 2499 quod
797 2459 990 2500 priusquam

291 2507 380 2547 agris
397 2507 487 2538 solus
501 2505 736 2545 exiret‚facile
751 2508 916 2548 suspicari
932 2518 990 2548 po-

291 2557 359 2588 tuit
387 2556 430 2588 de
463 2556 617 2597 periculo
646 2556 709 2588 sibi
741 2566 761 2588 a
787 2557 915 2598 perfido
939 2562 991 2599 ty-

289 2614 395 2637 ranno
422 2605 634 2646 imminente,
656 2615 720 2638 nec
744 2607 852 2638 minus
875 2611 989 2639 tamen

291 2655 367 2688 ivit.
389 2654 509 2686 Barth.

296 2731 300 2734 ,
333 2708 374 2737 10
400 2707 448 2736 An
462 2705 586 2736 sceleris
601 2704 691 2745 data]
716 2704 757 2736 Id
775 2710 838 2745 est,
853 2705 989 2738 violatae

290 2755 468 2796 legationis
493 2755 739 2788 sanctimonia:
763 2756 815 2786 vel
831 2756 923 2797 quod
939 2766 990 2789 re-

292 2806 450 2847 ligiosum
466 2802 613 2836 officium
629 2804 734 2845 legati
750 2810 926 2846 peteretur
939 2805 989 2838 in-

741 270 880 302 NOTAE
914 269 1175 302 vsluouuM
1209 270 1261 301 m

1284 553 1385 601 ΙΙΙ.

1034 712 1141 744 sidiis.
1185 712 1342 744 Tertium
1355 711 1443 754 quod
1457 710 1651 752 suspicatur
1662 709 1731 742 tale

1035 768 1088 794 est
1103 773 1111 794 ε
1134 762 1219 794 dicit
1234 763 1362 804 quippe
1379 773 1398 794 a
1412 761 1564 794 finitimis
1580 759 1730 793 eivitati-

1034 812 1096 844 bus
1111 812 1233 853 Tydeo
1249 813 1411 844 adversus
1435 811 1634 844 insidiantes
1656 817 1730 841 esse

1035 863 1247 894 subventum.
1266 862 1431 896 Luceant..

1078 915 1118 944 13
1142 913 1188 943 Et
1208 912 1352 943 Chromis
1365 915 1395 942 et
1411 909 1566 952 Dorylas]
1580 908 1732 950 Dorylas

1035 971 1114 995 saxo
1131 962 1234 1003 periit
1256 962 1345 994 inter
1363 961 1436 992 illos
1459 970 1542 1002 quos
1567 969 1636 991 uno
1659 959 1732 990 ictu

1035 1012 1119 1044 dicit
1144 1021 1220 1043 esse
1244 1015 1445 1052 prostratos.
1503 1009 1656 1042 Chromis
1683 1008 1734 1040 in·

1037 1066 1090 1093 ter
1099 1071 1198 1093 sacra
1206 1062 1347 1093 vulnere
1360 1064 1550 1102 prostratus
1559 1059 1735 1092 occubuit.

1037 1111 1137 1143 Idem.

1078 1163 1120 1192 18
1142 1161 1197 1192 Sic
1211 1165 1351 1193 conserta
1365 1160 1488 1202 monus]
1503 1160 1662 1202 Spuriam
1675 1159 1733 1192 lit-

1035 1213 1144 1242 teram
1171 1210 1225 1242 hic
1251 1211 1434 1242 adhaesisse
1462 1215 1634 1243 structura
1657 1219 1735 1242 ora·

1035 1259 1136 1291 tionis
1159 1259 1355 1292 confirmat:
1381 1260 1560 1302 legendum
1585 1260 1735 1301 quippei

1035 1309 1074 1340 Si
1086 1313 1225 1342 conserta
1239 1320 1356 1342 manue.
1392 1310 1540 1342 Sensus:
1565 1309 1597 1341 0
1613 1317 1736 1350 segnes

1035 1358 1198 1396 homines,
1221 1359 1279 1400 qui
1306 1369 1408 1391 unum
1431 1360 1569 1391 vincere
1586 1358 1743 1390 nondum

1035 1408 1208 1448 potuistis,
1231 1408 1259 1439 si
1275 1408 1375 1440 modo
1391 1409 1532 1440 venistis
1547 1408 1590 1441 ad
1605 1417 1735 1440 manus.

1034 1457 1187 1489 Bernart.

1076 1510 1117 1540 25
1145 1508 1253 1539 Olenii
1270 1508 1368 1548 astri]
1391 1508 1600 1548 Progressus
1621 1505 1738 1542 hasdo·

1036 1565 1110 1588 rum
1123 1567 1282 1589 serenus:
1308 1557 1398 1599 quod
1414 1557 1506 1591 sidus
1524 1558 1737 1598 pluviale-est

1036 1606 1070 1638 in
1094 1610 1184 1647 ortu,
1211 1612 1246 1638 et
1262 1608 1296 1638 in
1313 1617 1434 1639 occasu
1450 1616 1604 1639 serenum
1621 1606 1735 1641 acrem

1036 1655 1121 1688 facit
1136 1667 1145 1688 ε
1170 1661 1207 1688 ut
1217 1657 1342 1697 Virgil-
1364 1657 1374 1677 ‘
1389 1657 1542 1690 Quantus
1556 1656 1599 1689 ab
1614 1665 1736 1689 occasu

1037 1707 1177 1738 veniens
1201 1702 1406 1747 pluvialibus
1430 1706 1537 1739 haedis
1564 1706 1736 1739 Verberat

1039 1756 1149 1788 imber
1163 1756 1324 1788 humum.'
1356 1757 1502 1789 Sensus:
1522 1757 1666 1790 Frustra
1675 1765 1736 1789 na-

1038 1806 1155 1847 vigare
1175 1806 1339 1847 compulit
1365 1807 1481 1840 Olenii
1507 1806 1591 1839 astri
1621 1806 1738 1848 purior

1039 1857 1177 1898 gradus.
1203 1857 1402 1888 Lactantius.

1079 1910 1123 1939 26
1155 1906 1303 1948 Hyberai
1329 1905 1434 1947 Jovis]
1461 1905 1622 1941 Arcadii:
1646 1907 1738 1949 quod

1038 1957 1086 1990 ibi
1111 1957 1226 1989 fuerat
1245 1967 1362 1998 capra,
1379 1968 1455 2000 quae
1469 1958 1592 1991 Jovem
1608 1958 1741 2000 nutriit,

1040 2007 1232 2039 Amalthea.
1256 2007 1356 2039 Idem.

1080 2061 1122 2090 27
1146 2057 1283 2089 Inclinat
1302 2058 1415 2100 orion]
1437 2058 1576 2098 Jupiter
1590 2061 1626 2090 et
1644 2058 1741 2100 Nep·

1037 2111 1140 2142 tunus
1152 2117 1228 2140 cum
1244 2106 1286 2141 ad
1310 2108 1537 2148 OEuopionem
1565 2117 1682 2149 regem
1704 2109 1740 2143 iu

1038 2159 1221 2200 hospitium
1238 2159 1420 2201 venissent,
1431 2165 1468 2193 et
1480 2161 1523 2193 ab
1534 2171 1575 2194 eo
1589 2161 1742 2194 liberali·

1040 2213 1094 2241 ter
1109 2209 1248 2249 excepti
1271 2208 1426 2248 fuissent,
1447 2211 1618 2251 optionem
1634 2210 1740 2243 dede·

1041 2263 1134 2299 runt,
1148 2264 1186 2290 ut
1201 2260 1228 2290 si
1245 2259 1327 2300 quid
1343 2260 1446 2292 vellet
1458 2260 1501 2292 ab
1513 2262 1562 2292 eis
1577 2270 1741 2302 exposce-

1041 2314 1107 2340 ret.
1151 2309 1215 2340 Ille
1246 2309 1372 2342 liberos
1396 2311 1469 2341 sine
1493 2310 1639 2351 conjuge
1663 2319 1739 2351 pos·

1043 2358 1186 2389 tulavit:
1211 2358 1265 2390 cui
1283 2358 1463 2398 Neptunus
1476 2364 1513 2391 et
1526 2360 1664 2401 Jupiter
1679 2361 1739 2392 im-

1044 2412 1221 2448 perarunt,
1247 2410 1284 2438 ut
1312 2408 1402 2439 tauri
1418 2409 1560 2449 corium,
1573 2419 1673 2451 quem
1689 2410 1739 2442 eis

1043 2456 1291 2495 immolaverat,
1324 2462 1427 2488 terrae
1454 2456 1640 2490 infoderet.
1684 2458 1741 2491 llli

1043 2508 1132 2539 ineo
1153 2507 1282 2539 urinam
1296 2505 1424 2548 fecere,
1447 2507 1538 2542 unde
1566 2515 1666 2542 natus
1687 2513 1741 2542 est

1045 2556 1167 2589 Orion.
1210 2556 1277 2590 Qui
1292 2565 1368 2588 cum
1385 2557 1506 2589 Dianae
1520 2562 1674 2599 stuprum
1691 2559 1741 2590 in·

1044 2605 1135 2639 ferre
1152 2607 1268 2647 vellet,
1284 2607 1342 2639 illa
1363 2607 1479 2639 'rerrae
1504 2617 1570 2649 ope
1590 2609 1740 2650 scorpio-

1044 2667 1122 2688 nem
1145 2657 1313 2689 vindicem
1336 2657 1502 2698 sumpsit:
1526 2667 1627 2699 quem
1651 2659 1741 2691 oeci·-

1045 2716 1117 2738 sum
1129 2706 1292 2747 Juppiter
1304 2707 1338 2738 in
1354 2707 1476 2739 coelum
1489 2709 1685 2741 transtulit:
1698 2709 1742 2741 si-

1045 2757 1117 2789 mili
1143 2757 1242 2789 modo
1269 2761 1306 2789 et
1329 2758 1441 2790 Diana
1461 2758 1630 2791 vindicem
1644 2770 1739 2792 sunm

1045 2808 1135 2841 inter
1145 2807 1269 2849 sydera
1282 2809 1475 2841 collocavit.
1518 2810 1646 2843 Mensis
1657 2820 1740 2853 ergo
