1878 3164
247 266 359 309 2012

711 278 850 310 NOTAE
884 276 1146 309 VARIORUM
1179 276 1232 309 IN

290 374 352 404 107
375 371 537 412 Pevfforat]
560 371 601 404 In
628 376 741 404 monte
767 370 943 412 perforato
986 368 1055 410 rat]
1078 369 1201 410 Urget,
1221 369 1375 403 festinat.
1419 370 1542 413 Largo]
1565 370 1686 404 Abun-

249 427 286 454 et
300 432 450 455 concavo
472 427 538 454 est.
584 422 691 462 Longo
716 423 807 463 arcu]
829 422 945 454 Veluti

248 471 378 504 fornice
394 472 427 503 in
441 473 578 513 longum
597 477 766 512 porrecta.
811 473 944 513 Suspen-

248 521 314 562 dit]
336 522 378 553 In
408 521 488 553 aere
513 531 691 562 supensum
715 526 831 554 tenet:
856 522 944 553 unde

250 573 339 604 horti
354 572 498 612 pensiles
506 576 542 602 et
557 572 708 613 Babylon
722 571 862 612 pensilis
874 575 946 602 tota

251 621 355 653 fuisse
378 621 689 662 dicitur‚quoniam
715 620 945 662 pavimentum

251 675 327 702 erat
342 664 584 702 testudineum.
616 669 713 701 Idem.

296 723 358 753 108
379 720 445 752 Sua
459 719 550 760 aetas]
574 719 720 760 Propria
730 723 813 751 aetas
825 724 861 751 et
876 719 946 750 lou-

254 771 371 812 gitudo
401 769 576 810 temporis,
605 778 673 800 non
698 774 812 801 autem
834 778 889 800 ars
911 773 948 800 et

253 820 423 852 homiuum
438 819 545 852 labor.
567 819 665 851 Idem.

298 872 359 902 109
381 870 482 909 Signa
496 873 597 901 tumen
612 869 772 910 divumque
784 870 881 910 thori]
906 869 947 900 In

254 929 307 962 ea,
323 920 444 962 iuquit,
458 919 612 952 Chironis
633 921 796 961 spelunca
814 919 949 961 conspi-

255 971 391 1002 ciuntur
425 973 463 1002 et
490 966 585 1010 signa
607 970 760 1001 Deorum
788 973 826 1001 et
855 968 949 1008 lecti,

255 1027 292 1054 et
307 1022 383 1054 loca
397 1031 472 1063 quae
484 1021 626 1063 quisque
643 1019 858 1052 consecravit
870 1019 949 1051 dum

254 1080 392 1113 operam
405 1071 465 1102 dat
476 1070 650 1102 conviviis.
671 1070 852 1101 Britannic.

298 1123 360 1152 113
384 1121 452 1152 Nec
467 1123 586 1151 truncoe
601 1119 690 1151 bellis
709 1118 883 1159 genialibus
897 1128 950 1150 or-

255 1171 305 1211 ni]
325 1171 435 1203 Notat
450 1179 598 1212 pugnam
613 1171 858 1201 Centaurorum
874 1178 950 1201 cum

256 1220 435 1262 Lapythis‚
446 1220 481 1251 in
494 1220 622 1261 nuptiis
633 1219 794 1260 Pirithoi,
803 1220 861 1261 qui
873 1229 951 1251 cum

257 1276 409 1302 crateres
424 1274 461 1301 et
475 1270 544 1301 tela
556 1269 758 1309 deficerent,
769 1274 865 1302 certo
878 1271 953 1302 Cae·

257 1330 358 1352 neum
382 1329 450 1352 non
470 1319 649 1359 laedereut,
672 1319 848 1351 arboribus
867 1328 952 1360 pug-

258 1379 354 1402 nasse
379 1369 572 1410 finguntur:
598 1369 743 1401 Ovidius
767 1369 854 1401 Met.
881 1378 951 1401 xn.

258 1419 302 1451 de
318 1420 379 1450 hac
395 1419 516 1450 eadem
532 1428 568 1450 re
582 1428 591 1449 ε
613 1418 623 1436 ‘
641 1417 720 1449 Vidi
741 1427 807 1459 ego
824 1419 954 1450 Petrae-

258 1478 316 1500 um
331 1472 511 1500 conantem
531 1467 679 1498 evellere
703 1471 796 1498 terra
810 1466 953 1498 Glandi-

259 1517 368 1550 feram
384 1515 572 1558 quercum-³
593 1517 744 1548 Bernart.

273 1583 276 1586 ⁴
302 1570 365 1599 114
387 1567 507 1598 Hostes
534 1565 790 1606 consanguineos]
813 1566 856 1598 Id
888 1570 956 1606 est,

260 1617 452 1659 Lapythas.
495 1617 583 1649 Nam
598 1617 760 1648 Centauri
776 1626 820 1648 ex
834 1616 956 1648 Ixione

261 1668 493 1710 Lapytharum
515 1676 594 1707 rege
619 1667 791 1707 procreati
807 1670 898 1705 sunt,
920 1670 957 1698 et

261 1727 304 1750 ex
321 1718 436 1757 Nube,
451 1725 550 1758 quam
565 1716 597 1748 ei
615 1716 637 1748 J
642 1725 706 1747 uno
721 1716 755 1747 in
773 1716 826 1747 sui
841 1715 958 1747 simili-

262 1768 416 1801 tudinem
430 1767 571 1808 objecit,
582 1775 660 1798 cum
674 1765 702 1797 is
717 1765 751 1797 in
767 1766 886 1798 caelum
905 1774 956 1797 as-

263 1822 416 1859 sumptus
429 1826 503 1848 eam
514 1816 557 1848 de
567 1820 687 1856 stupro
696 1816 957 1857 interpellasset.

263 1869 373 1900 Recte
388 1876 471 1908 ergo
486 1865 754 1905 consanguineos
771 1866 959 1905 Centauro·

263 1927 336 1949 rum
347 1916 520 1957 Lapythas
537 1915 701 1956 appellat.
722 1915 874 1947 Britann.

306 1969 367 1998 115
386 1964 502 2005 Terga]
522 1965 592 1996 Pro
610 1968 755 2005 tergora.
791 1964 957 2006 Ferarum]

265 2018 417 2051 Quarum
442 2014 600 2046 carnibus
626 2014 867 2054 vescebantur,
891 2024 959 2045 non

267 2071 381 2099 sutem
410 2064 593 2104 hominum,
622 2068 661 2094 ut
691 2063 749 2095 alii
784 2063 960 2096 Centauri.

265 2118 446 2150 Maturant.

310 2170 373 2199 116
395 2166 477 2197 Hoec
491 2173 606 2206 quoque
619 2165 692 2195 dum
705 2162 852 2204 Juvem's]
876 2163 960 2196 Sub-

267 2217 358 2254 audi,
381 2215 627 2257 pertractabat,
641 2212 838 2245 exercebat.
882 2214 961 2245 Hoc

268 2267 356 2298 enim
374 2265 477 2297 dicit:
506 2264 684 2296 Chironem
702 2263 780 2295 dum
797 2268 887 2294 esset
901 2263 963 2295 Ju-

268 2317 364 2349 venis
383 2315 520 2347 solitum
544 2313 648 2345 fuisse
667 2313 756 2345 feras
771 2313 963 2352 conficere;

269 2376 386 2398 verum
403 2367 507 2396 aetate
526 2363 598 2405 jam
620 2368 843 2404 gravescente
859 2363 964 2394 medi-

269 2416 355 2448 cinae
371 2415 539 2446 duntaxat
562 2422 683 2445 vacare
708 2413 864 2454 coepisse.
885 2413 965 2444 Bri·

269 2470 356 2498 tann.

313 2518 376 2548 118
396 2514 546 2555 Alumno]
567 2512 703 2545 Achilli.
731 2513 794 2544 Est
810 2513 964 2544 alumnus

272 2567 330 2609 qui
354 2566 514 2604 nutritur,
530 2574 594 2596 nec
612 2573 680 2596 non
702 2564 805 2596 etiam
827 2564 885 2605 qui
904 2573 965 2595 nu-

272 2618 345 2650 trit.
366 2617 545 2647 Maturant.

318 2669 380 2698 119
404 2664 552 2707 venatu]
582 2663 772 2695 Venatione
801 2664 836 2695 in
866 2673 967 2706 quam

274 2714 446 2758 profectus
468 2717 555 2744 erat.
599 2712 723 2743 Limine
748 2712 866 2754 primo]
890 2713 967 2744 Pri-

275 2775 331 2798 mo
346 2764 463 2796 domus
477 2763 643 2803 ingressu.
666 2762 765 2793 Idem.

319 2817 381 2849 120
400 2812 586 2855 Opperiens]
601 2812 808 2855 Expectans.
848 2814 967 2855 Prope·

992 419 1099 451 danti.
1121 419 1220 451 Idem.

1035 471 1096 500 121
1119 469 1241 510 Mater]
1265 470 1419 502 Achillis.
1442 470 1542 503 Idem.
1688 486 1690 489 ·

1036 521 1098 550 122
1131 519 1259 561 Nereis]
1291 519 1370 551 Una
1397 529 1439 551 ex
1469 519 1688 553 Nereidibus.

993 568 1111 608 Erupit
1123 569 1232 610 sylvis]
1257 570 1421 610 Egressus
1437 574 1490 602 est
1505 570 1602 602 Pelei
1618 570 1702 611 syl->

994 627 1053 649 vas
1078 619 1111 649 in
1132 618 1253 659 quibus
1273 623 1359 658 erat,
1376 619 1579 652 obnimiam
1601 619 1690 653 lasti-

994 669 1077 700 tiam
1093 678 1191 710 quam
1212 669 1322 701 animo
1337 670 1510 711 concepit,
1526 675 1562 702 et
1579 674 1617 702 nt
1632 670 1691 704 ho·

995 719 1085 750 noris
1102 718 1210 759 gratia
1232 719 1365 751 obviam
1387 724 1584 752 occurreret
1603 719 1692 761 dee,

998 767 1062 799 etsi
1077 777 1181 799 senex
1197 774 1285 810 erat,
1301 773 1337 802 et
1352 769 1470 811 egredi
1485 770 1621 803 domum
1630 771 1691 803 vix

995 818 1139 850 solebat.
1167 819 1265 851 Idem.

1040 871 1100 900 123
1127 869 1265 901 Demere
1279 869 1399 911 eampo]
1420 870 1490 902 Per
1505 880 1604 913 quem
1617 870 1690 912 ipse

996 919 1047 950 ire
1071 924 1188 951 suetus
1214 929 1282 951 non
1308 924 1393 952 erat.
1443 921 1584 963 Ungula]
1604 921 1691 955 Qun

998 969 1175 1002 brutorum
1191 974 1244 1002 est
1258 980 1324 1002 non
1341 970 1451 1003 scissa
1465 972 1611 1013 nugulis.
1638 971 1692 1004 Iu.

1042 1023 1103 1052 124
1126 1016 1270 1053 Blandus
1282 1022 1412 1063 dextra]
1434 1023 1544 1056 Quam
1555 1021 1693 1054 Thetidi

998 1069 1123 1101 blande
1151 1071 1316 1111 porrexit.
1360 1071 1444 1103 Imus
1467 1072 1585 1114 armos]
1606 1071 1694 1104 Pos-

999 1121 1165 1152 teriores:
1188 1131 1264 1153 nam
1280 1122 1456 1163 superiore
1482 1124 1580 1164 parte
1593 1123 1695 1156 homo

1000 1174 1088 1210 erat,
1114 1170 1277 1203 inferiore
1302 1180 1431 1214 equus:
1463 1172 1522 1214 qui
1551 1181 1631 1204 vero
1658 1171 1694 1204 in

998 1221 1191 1252 hominibus
1211 1221 1343 1253 humeri
1367 1226 1541 1262 vocantur,
1565 1221 1600 1253 in
1615 1220 1696 1253 brn-

1002 1270 1045 1301 tis
1070 1270 1153 1301 anni
1177 1271 1290 1311 potius
1306 1270 1477 1312 dicuutur,
1495 1270 1587 1303 unde
1602 1279 1697 1303 arms

1001 1319 1165 1360 appellari
1178 1320 1300 1351 Festus
1311 1320 1495 1358 existimat,
1509 1320 1600 1363 quod
1614 1320 1698 1354 inde

1001 1368 1228 1409 dependeant.
1272 1369 1464 1413 Submissus]
1489 1371 1692 1410 Inclinstns,

1002 1419 1227 1452 venerationis
1242 1429 1354 1461 cansa,
1366 1426 1405 1453 ut
1421 1431 1441 1452 a
1455 1420 1599 1453 nobisfxt
1613 1430 1697 1463 qno-

1004 1469 1092 1500 tiens
1108 1469 1299 1510 quempiam
1316 1469 1584 1510 magnifacimus.
1599 1470 1697 1507 Idem.

1047 1521 1110 1550 129
1122 1519 1207 1550 Num
1221 1519 1330 1551 merito
1345 1520 1484 1561 trepidus
1496 1519 1600 1561 sopor]
1612 1519 1701 1552 Sub-

1004 1569 1096 1608 audi,
1111 1573 1176 1600 est.
1223 1570 1311 1602 Hoec
1326 1571 1439 1602 omnia
1453 1570 1626 1603 aThetide
1637 1569 1700 1602 fin-

1005 1622 1143 1659 guntur,
1155 1622 1194 1649 ut
1209 1617 1351 1651 honesta
1365 1621 1542 1652 occasione
1556 1620 1662 1653 filium
1678 1630 1699 1652 a

1006 1668 1150 1700 Chirone
1176 1667 1348 1707 abducat;
1370 1669 1419 1701 ait
1442 1670 1531 1701 enim
1552 1679 1589 1701 se
1613 1678 1699 1701 som·

1006 1718 1070 1749 niis
1086 1717 1219 1757 terreri,
1235 1717 1430 1760 mouerique
1452 1728 1472 1749 a
1494 1719 1646 1751 Protheo
1660 1723 1701 1751 ut

1007 1766 1110 1799 filium
1125 1767 1167 1798 ad
1184 1770 1337 1798 extrema
1350 1767 1467 1799 littora
1482 1767 1614 1800 Oceani
1630 1767 1700 1801 Oc-

1007 1817 1182 1849 cidentulis
1194 1815 1323 1848 deferat
1335 1818 1603 1859 expurgandum.
1621 1818 1701 1851 Non

1007 1867 1095 1898 enim
1121 1867 1221 1898 aliter
1244 1876 1264 1898 a
1288 1867 1435 1899 Chirone
1450 1867 1621 1900 abducere
1641 1878 1702 1910 po·

1007 1917 1146 1948 tuisset:
1163 1920 1218 1948 est
1231 1916 1336 1958 igitur
1348 1926 1485 1949 sensus:
1508 1917 1588 1949 Non
1599 1918 1704 1958 enirn,

1007 1965 1130 2008 inquit,
1151 1966 1270 1997 mirum
1287 1966 1315 1997 si
1330 1975 1392 2007 per
1407 1967 1570 1999 somnium
1595 1968 1703 2000 multa

1008 2016 1090 2047 mihi
1114 2015 1280 2047 terribilia
1298 2014 1496 2058 offeruntur,
1523 2026 1600 2049 cum
1623 2026 1702 2050 enm

1010 2077 1030 2098 a
1044 2071 1079 2098 te
1095 2067 1195 2107 longe
1208 2067 1323 2108 vagari
1339 2068 1528 2108 permittas.
1550 2068 1704 2101 Britann-

1053 2119 1114 2148 131
1138 2116 1249 2156 Modo]
1272 2116 1423 2158 Exponit
1444 2126 1521 2158 quae
1541 2117 1637 2158 signa
1651 2126 1705 2149 es-

1009 2170 1095 2206 sent,
1113 2170 1149 2198 et
1172 2166 1285 2206 modo,
1308 2166 1431 2208 inquit,
1443 2166 1561 2199 videre
1585 2167 1704 2200 videor

1010 2220 1144 2247 uterum
1165 2225 1276 2247 meum
1301 2216 1486 2256 vulnerari,
1505 2226 1549 2248 ex
1570 2226 1638 2259 quo
1651 2215 1705 2248 fu-

1011 2269 1089 2296 tura
1100 2274 1188 2295 mors
1200 2263 1260 2295 filii
1273 2265 1330 2306 qui
1341 2274 1496 2306 egressus
1511 2269 1565 2297 est
1578 2264 1703 2307 signifi-

1012 2318 1122 2345 catur.
1145 2314 1324 2346 Maturane.
1338 2331 1344 2337 ·
1447 2316 1451 2319 '
1481 2319 1487 2325 ·
1572 2341 1574 2343 ,

1056 2366 1117 2395 132
1139 2363 1266 2404 Livere]
1291 2363 1508 2405 Nigrescere.
1552 2364 1648 2396 Modo
1669 2364 1705 2397 in

1011 2413 1122 2453 ubera]
1145 2414 1190 2444 Et
1209 2413 1272 2445 hoe
1293 2413 1327 2444 in
1349 2414 1474 2446 somnis
1490 2413 1646 2447 damnum
1661 2423 1705 2446 ex

1014 2464 1082 2496 filio
1098 2463 1337 2504 portendebat.
1379 2464 1469 2496 Nam
1484 2463 1644 2496 uberibus
1659 2465 1708 2496 al·

1014 2519 1068 2545 tus
1079 2518 1142 2544 est.
1171 2512 1388 2553 Saevasferas]
1400 2512 1450 2544 Ut
1459 2517 1706 2555 ursos,tygres.

1015 2565 1118 2596 Idem.
1312 2566 1314 2569 ’

1058 2616 1119 2645 134
1137 2613 1256 2646 Iterum
1263 2611 1336 2651 fero
1349 2612 1501 2653 mergere]
1520 2613 1608 2645 Nam
1619 2613 1708 2646 The-

1015 2663 1059 2695 tis
1075 2672 1151 2695 cum
1166 2671 1209 2693 ex
1225 2661 1369 2693 Prothei
1385 2662 1544 2693 vaticinio
1559 2664 1708 2704 accepis-

1015 2717 1067 2744 set
1081 2713 1115 2744 in
1132 2711 1222 2742 bello
1234 2711 1382 2751 Trojano
1395 2710 1560 2743 Achillem
1575 2713 1704 2753 peritu-

1017 2771 1103 2802 rum,
1117 2769 1193 2792 eum
1209 2768 1330 2791 recens
1344 2763 1479 2799 natum‚-
1491 2765 1531 2792 ut
1553 2761 1706 2795 invulne-

1017 2811 1131 2845 rabilis
1146 2809 1407 2851 redderetur-,ad
1423 2809 1556 2845 Inferna
1571 2812 1709 2854 detulit,
