1878 3164
0 984 9 1009 s*
0 956 10 963 '=
0 486 24 945 *ffiwstmfflez—rzr

435 242 476 273 P.
509 238 701 272 PAPINI!
736 236 902 270 STA'rlt
937 235 1142 269 Actum„
1176 235 1271 268 LIB.
1303 237 1335 267 1.

147 356 153 362 -
186 338 254 370 m
274 336 340 369 cat·
352 336 451 378 nupta
464 333 565 376 dosii]
586 333 731 366 Scilicet
754 337 855 375 rapta

143 386 274 427 fuerat,
303 387 371 426 vel,
397 385 492 428 quod
517 384 643 416 melius
674 389 740 425 est,
762 383 854 425 Aga-

143 438 316 478 memnon,
328 436 387 480 qui
403 435 544 478 majoris
566 438 642 467 erat
665 434 854 466 auctorita—

145 486 203 529 tis,
216 487 276 521 cui
295 490 404 528 nupta
419 485 691 526 domincilicet,
706 488 760 516 est
775 484 856 526 Cly-

140 541 348 578 imnum,
361 540 463 579 quam
477 541 514 568 et
525 536 638 578 ipsam
660 535 735 576 rapi
751 543 855 577 posse

145 589 239 621 sient
250 588 423 621 Helenam
439 587 592 620 dicebat.
616 586 715 619 Idem.

143 664 149 671 .
186 641 251 672 ⁴01
274 637 428 681 Δῴαν-αἰ]
464 638 597 680 Auget,
623 642 661 670 et
685 637 720 669 iu
746 636 856 678 majus

145 689 337 723 eaetomtur.
381 688 525 722 Facinus
538 687 687 728 Iliacam]
709 687 855 719 Factum

145 739 295 772 Paridis.
338 739 418 772 Sine
445 738 571 780 Marte]
598 739 674 771 Nou
695 738 730 770 in
754 737 857 779 bello,

143 789 464 833 quud-tolerabilius
480 789 614 831 fnisset,
629 788 692 821 sed
709 789 743 821 in
757 797 856 830 pace,

145 849 225 873 cum
237 839 323 872 nihil
339 841 409 872 tale
423 840 692 882 suspicarentur.
717 839 818 871 Idem.
847 858 849 863 ι

142 915 149 924 ,
187 895 252 926 ⁴04
268 892 402 935 Foeaue]
417 892 521 928 Quod
547 892 635 925 dicit
657 891 771 924 foedus
785 892 855 924 his-

144 944 270 987 toriam
286 944 411 986 tangit,
424 953 501 986 que
523 941 644 983 refert,
662 942 751 984 quod
767 943 855 974 Tro-

141 995 220 1037 ,μή
243 1004 322 1028 cum
348 994 485 1027 Graecis
517 992 631 1026 foedus
661 993 856 1034 habuerint,

98 1086 100 1088 .
146 1044 239 1077 unde
264 1045 371 1077 etiam
400 1043 503 1076 Paris
538 1043 767 1076 amicabiliter
801 1046 857 1075 est

141 1100 330 1138 susceptas
351 1094 514 1136 hospitio,
540 1097 579 1126 et
606 1093 657 1125 sic
672 1092 857 1133 :commisit

145 1145 369 1179 adulterium.
390 1145 542 1178 Luceant.
588 1144 732 1176 Gemina
745 1143 856 1186 terra]

145 1195 241 1230 Ana
250 1201 289 1228 et
307 1197 468 1238 Europe.
491 1196 674 1229 Matar-ant.

147 1262 153 1266 ·
186 1249 253 1282 4⁰⁵
274 1247 408 1279 Maneat
422 1246 565 1288 populos]
579 1246 693 1278 Locus
705 1250 758 1278 est
772 1254 854 1278 con-

145 1296 297 1331 citanda
319 1296 579 1338 indignationis,
607 1305 630 1328 a
657 1296 781 1338 majori
812 1295 855 1328 ad

145 1349 258 1382 miuus
268 1359 279 1381 ε
291 1348 352 1391 qui
363 1347 627 1388 lnsitmajores,
641 1345 814 1389 quomodo
827 1346 856 1378 is

145 1409 169 1432 a
179 1400 366 1432 minorihus
379 1397 546 1431 leniendis
561 1397 775 1443 abstinebit3
797 1397 856 1440 qui

142 1450 306 1493 injuriam*
316 1449 404 1482 feeit
425 1448 579 1491 regibus,
593 1448 677 1491 quid
699 1448 728 1480 is
748 1447 857 1481 faciet

145 1500 182 1533 in
197 1501 363 1542 privatis?
386 1500 488 1532 Idem.

187 1553 252 1584 40⁷
277 1551 347 1584 Nee
359 1549 607 1590 mumma-iti,
627 1549 757 1592 binwri]
775 1549 857 1582 Nou

147 1602 274 1644 solum,
284 1602 413 1644 inquit,
426 1602 470 1634 ad
482 1602 610 1634 bellum
621 1605 789 1634 venerunt
797 1601 856 1644 qui

146 1653 402 1696 Peloponesum
416 1653 583 1694 incolunt,
597 1652 659 1685 sed
676 1657 713 1685 et
727 1653 784 1695 qui
797 1661 857 1685 ex-

146 1709 201 1737 tra
215 1703 383 1737 Isthmum
407 1703 567 1736 habitant
582 1703 624 1735 ad
647 1703 857 1745 Hellespon-

146 1759 235 1789 tum.
290 1754 530 1796 Peloponnesus
555 1754 644 1786 enim
675 1751 858 1796 peninsula

103 1832 105 1834 .
145 1806 242 1838 inter
265 1805 334 1838 duo
361 1804 470 1837 maria
495 1804 637 1846 AEgeum
659 1809 697 1837 et
718 1804 854 1837 Ionium

145 1855 327 1889 circuitum
368 1855 630 1898 quingentorum
674 1855 858 1897 sexaginta

146 1907 250 1940 trium
270 1906 422 1939 ‘millium
454 1914 615 1948 passuum
636 1906 790 1947 colligit,
819 1911 858 1939 ut

82 1991 86 1996 ,
145 1956 451 1990 scribit-Isidorus.
481 1955 662 1997 Angustiae
674 1956 766 1987 unde
780 1958 856 1997 pro·

147 2008 246 2041 adit
261 2006 423 2040 Isthmus
448 2007 662 2049 appellatur:
697 2006 747 2038 ait
774 2016 857 2048 ergo

146 2058 252 2101 poeta
262 2058 400 2090 labinia
409 2058 560 2098 claustra,
567 2056 602 2088 id
614 2061 669 2089 est
678 2057 858 2099 angustiae,

149 2109 242 2142 unde
261 2109 384 2150 {ncipit
406 2109 656 2151 peloponesus.
706 2108 795 2141 Vallo
810 2108 857 2140 bi-

148 2158 248 2202 mari]
286 2160 365 2192 Hoe
389 2163 456 2201 est,
481 2159 617 2192 ‘duobus
651 2159 859 2202 aequoribus.

146 2210 241 2244 Nam
264 2209 387 2243 Isthmi
413 2210 537 2250 latera,
557 2214 595 2242 ut
617 2209 778 2251 diximus,
800 2211 857 2243 IE-

149 2270 215 2304 geo
243 2266 282 2294 et
309 2260 409 2293 Ionio
429 2261 632 2301 abluuntur,
654 2261 688 2292 in
713 2271 858 2303 quorum

147 2311 264 2344 medio
291 2310 466 2344 habitatur
493 2311 630 2343 colonia
666 2311 858 2345 Corinthus.

149 2361 305 2397 Mna.

151 2430 152 2433 ¹
191 2415 257 2447 408
282 2412 382 2445 [Ιηιὸο
411 2412 544 2454 Maleoe]
566 2413 684 2445 Malea
700 2423 858 2455 promon-

148 2464 276 2498 sarium
290 2469 346 2497 est
362 2465 559 2506 Laconicae,
574 2474 655 2507 quo,
668 2471 707 2498 ut
721 2466 858 2508 scribit,

150 2518 227 2548 tots
238 2513 315 2548 fere
330 2516 427 2557 regio
441 2515 644 2549 includitur.

192 2568 259 2598 409
279 2565 344 2599 Sed
354 2566 463 2608 procul
477 2566 612 2608 admoti]
636 2567 761 2599 Sensus
783 2572 857 2601 est:

151 2616 203 2649 Et
229 2615 274 2648 ad
305 2617 431 2649 bellum
459 2617 538 2649 illos
564 2621 674 2650 motos
700 2627 778 2650 esse
798 2619 858 2661 qui

153 2666 419 2709 Hellespontum
442 2668 610 2702 incolunt.
634 2668 735 2701 Idem.
793 2670 860 2702 Sed

148 2717 260 2760 prona
271 2718 407 2761 moti]
424 2719 544 2752 Nostri
558 2724 596 2752 et
610 2719 751 2762 quidam
769 2720 859 2754 Gru-

152 2769 221 2802 teri
241 2773 279 2801 et
305 2769 418 2804 Schol.
450 2774 573 2803 amotae.
606 2775 646 2802 ut
682 2770 860 2805 referatur

154 2820 196 2853 ad
217 2823 339 2860 gentes.
381 2821 476 2863 Lege
501 2821 630 2864 igitur:
656 2822 727 2855 Nec
754 2825 859 2856 tamen

1500 224 1615 268 2025

903 331 1016 373 exciti,
1029 333 1084 372 ⁸5⁶·
1128 330 1176 363 Et
1193 331 1436 372 proeulamot‘oe.
1459 329 1617 363 Gronov.

906 382 1030 415 Semitn
1045 381 1180 423 Phrixi]
1216 380 1258 413 Id
1274 385 1329 413 est
1354 381 1618 422 Hellespontus,

904 433 948 465 ab
974 433 1078 465 Helle
1103 432 1222 464 Phrixi
1248 440 1367 464 sorore
1393 431 1588 463 nominatus
1606 440 1617 462 ε

904 493 984 516 nam
1001 483 1167 515 Phrixum
1189 481 1411 514 Athamantis
1433 481 1540 513 filium
1556 490 1617 513 no—

905 543 1020 566 vercae
1035 533 1178 566 insidias
1193 533 1432 565 declinantem
1458 540 1618 564 unacum

905 593 1026 617 sorore
1053 584 1159 616 Helle
1182 593 1203 616 e
1227 583 1366 616 Graecia
1390 581 1519 624 fugisse
1535 591 1617 614 con-

904 638 990 676 stat,
1015 643 1158 676 quorum
1185 637 1332 676 uterque
1355 643 1445 675 cum,
1459 642 1502 665 ex
1526 632 1617 665 Deo·

905 694 982 717 rum
997 685 1150 727 oraculo,
1163 695 1206 717 ex
1219 684 1407 726 Europain
1423 683 1541 716 Asiam
1558 693 1618 715 au-

907 744 967 767 reo
1020 735 1121 767 arieti
1166 735 1320 768 insidens
1361 733 1623 775 transfretaret,

908 785 1004 826 virgo
1032 785 1067 817 in
1096 794 1191 817 mare
1217 784 1361 826 delapsa
1386 785 1618 829 Hellesponto

906 845 1035 868 nomen·
1057 835 1179 876 dedit3
1205 835 1358 867 Phrixus
1375 844 1457 867 vero
1483 834 1519 866 iu
1535 842 1619 875 pou-

906 891 979 918 tum
1006 885 1230 928 proficiscens
1273 885 1420 917 Colchos
1449 883 1622 926 pervenit,

906 937 967 969 uhi
978 946 1055 970 cum
1070 947 1114 969 ex
1126 937 1259 969 oraculi
1276 939 1460 978 praecepto
1474 935 1619 968 arietem

907 987 1147 1030 sacrificasset,
1163 987 1288 1029 pellem
1312 994 1452 1018 auream
1481 987 1516 1018 in
1531 990 1619 1018 tem*-

906 1039 964 1080 plo
978 1039 1106 1070 Martis
1127 1037 1321 1080 suspendit.
1364 1038 1460 1079 Lege
1486 1036 1619 1069 Diodo-

906 1099 994 1121 rum.
1048 1089 1186 1130 Semila]
1221 1089 1308 1121 Ideo
1338 1089 1496 1120 semitam
1519 1086 1621 1125 dicit,

905 1140 988 1183 quia
1010 1136 1264 1182 Hellespontus
1289 1143 1425 1181 septem
1448 1138 1622 1170 duntaxat

907 1190 1029 1223 stadiis
1043 1191 1217 1232 Europam
1233 1189 1278 1222 ab
1293 1189 1379 1222 Asia
1396 1188 1534 1229 dividit,
1546 1187 1620 1221 illic

905 1243 1037 1275 habens
1061 1244 1153 1275 inter
1174 1252 1211 1275 se
1233 1241 1427 1275 contrarias
1441 1241 1559 1281 urbes,
1583 1239 1620 1271 in

907 1294 1048 1336 Europa
1062 1294 1248 1336 Callipolin
1263 1298 1302 1326 et
1326 1294 1463 1333 Seston,
1476 1293 1511 1324 in
1538 1291 1622 1324 Asia

907 1345 1136 1386 Lampsacum
1154 1348 1190 1376 et
1205 1343 1371 1386 Abydon.
1388 1343 1492 1375 Idem.

948 1399 1012 1428 411
1028 1396 1156 1437 Alligat
1170 1397 1254 1428 unda
1268 1393 1413 1436 superni]
1431 1394 1509 1426 Hoc
1519 1392 1622 1433 dicit,

907 1452 943 1481 et
957 1458 1017 1481 eas
1034 1456 1156 1490 gentes
1172 1457 1248 1480 esse
1264 1451 1456 1480 commotas
1477 1445 1522 1477 ad
1548 1445 1621 1477 bel-

906 1500 988 1536 lum,
1005 1508 1083 1541 quae
1106 1499 1150 1531 ad
1176 1498 1429 1540 Propontidem
1451 1496 1620 1529 habitant.

908 1551 998 1583 Nam
1015 1551 1060 1583 ab
1079 1550 1310 1591 Hellesponto
1333 1549 1368 1580 in
1386 1549 1538 1581 Pontum
1560 1552 1621 1580 na'-

906 1600 1039 1642 viganti
1049 1600 1201 1632 occurrit
1215 1599 1418 1640 Propontis,
1428 1598 1464 1630 id
1476 1602 1530 1630 est
1539 1607 1621 1640 pars

907 1652 964 1685 illa
979 1651 1084 1684 maris
1101 1661 1178 1694 quae
1195 1660 1233 1683 se
1256 1649 1443 1692 expandit:
1468 1658 1547 1681 nam
1562 1648 1622 1681 nbi

909 1702 1056 1746 primum
1093 1711 1188 1734 mare
1224 1710 1261 1734 se
1290 1704 1461 1739 coarctat,
1483 1700 1621 1733 Helles-

907 1758 1036 1796 pontus
1049 1752 1405 1795 vocatur,Propontis
1420 1751 1477 1783 ubi
1493 1760 1622 1792 expan-

908 1805 980 1845 dit3
994 1806 1051 1838 ubi
1065 1805 1191 1838 iterum
1205 1803 1346 1845 pressit,
1357 1802 1522 1834 Thracius
1538 1802 1626 1834 Bos-

909 1857 1048 1898 phorus,
1072 1856 1131 1888 ubi
1160 1856 1286 1888 iterum
1316 1852 1463 1886 effundit
1485 1853 1623 1886 Pontus

909 1909 1089 1941 Euxinus:
1106 1908 1199 1940 unda
1221 1907 1326 1949 igitur
1342 1906 1444 1939 maris
1462 1906 1624 1949 Supemi,

908 1959 943 1992 id
961 1964 1015 1992 est
1029 1959 1268 2001 Propontidis.
1293 1959 1395 1991 Idem.

949 2012 1015 2043 413
1053 2011 1135 2042 AEra
1165 2008 1309 2050 domant]
1346 2007 1453 2040 Modo
1479 2007 1622 2050 ponitur

910 2060 1081 2102 quomodo
1104 2065 1230 2092 ereetae
1256 2064 1336 2091 sunt
1359 2059 1462 2103 urbes
1485 2058 1529 2090 ad
1547 2064 1620 2091 stu·

908 2111 966 2142 dia
980 2110 1075 2143 belli.
1119 2110 1270 2152 Temesoe]
1292 2110 1384 2142 Urbs
1401 2104 1563 2150 Gra’ciae,
1586 2119 1621 2142 a·

909 2162 978 2204 pud
1002 2171 1104 2204 quam
1127 2161 1295 2204 optimum
1311 2160 1466 2193 nascitur
1478 2159 1621 2193 ferrum.

909 2213 1090 2244 Maturant.
1264 2213 1272 2220 “

950 2265 1016 2295 422
1039 2263 1245 2303 Messanaque
1267 2262 1415 2303 tradunt]
1439 2262 1520 2294 Non
1548 2263 1620 2295 cul-

910 2322 966 2355 po.
1010 2314 1142 2345 Verum
1160 2319 1274 2345 tamen
1291 2313 1509 2354 elegantiusz
1532 2314 1620 2346 Mes-

907 2373 1045 2406 sanaque
1069 2365 1216 2404 tendunt,
1230 2363 1320 2396 hand
1346 2363 1452 2396 dubie
1482 2364 1526 2396 ad
1549 2374 1622 2396 mo-

909 2424 981 2447 rem
1006 2415 1169 2457 priscum,
1192 2424 1259 2457 quo
1285 2413 1427 2447 funibus
1451 2415 1620 2447 machinae

908 2467 1022 2500 solent
1048 2467 1158 2499 tendi.
1182 2467 1336 2498 Bernart.
1381 2466 1483 2508 Pylos
1496 2466 1621 2498 Messa-

908 2528 1007 2560 naque
1018 2517 1163 2560 tradunt]
1186 2517 1288 2551 Quod
1311 2526 1330 2549 e
1347 2526 1407 2548 suo
1423 2521 1522 2549 notat
1535 2517 1621 2550 Ber-

909 2569 1055 2609 nartius,
1076 2570 1229 2611 quinque
1250 2567 1392 2600 Gruteri
1407 2573 1444 2599 et
1459 2567 1526 2600 mei
1542 2577 1619 2601 cnm

909 2619 1101 2651 Scholiaste
1117 2617 1278 2650 firmant:
1300 2619 1446 2658 tendunt,
1465 2619 1530 2650 hoc
1551 2623 1620 2660 est,

907 2669 1049 2703 funibus
1065 2670 1200 2701 intenta
1220 2668 1408 2701 fabricant.
1434 2669 1577 2702 Gronov.

952 2722 1018 2752 423
1041 2719 1193 2751 Postibus
1215 2719 1292 2751 altis
1307 2718 1423 2759 Anna]
1446 2719 1499 2753 Ex
1516 2719 1621 2760 posti.

909 2770 987 2811 bus,
1000 2769 1126 2811 inquit,
1138 2769 1297 2800 domuum
1315 2778 1409 2801 arma
1425 2769 1621 2801 avelleban-

909 2825 979 2854 tur.
1002 2820 1150 2862 Hocque
1161 2829 1204 2852 ex
1217 2819 1466 2852 consuetudine
1482 2824 1536 2851 est
1548 2819 1618 2852 Ro—
