1878 3164
310 224 424 267 1876

311 329 444 361 Semele
468 329 683 370 appellatur:
707 333 745 361 et
764 329 796 360 in
817 329 879 361 hoc
895 331 1008 362 colore

309 381 490 422 Virgilium
520 381 632 413 Poeta
660 386 800 412 secutus
829 385 903 413 est:
931 390 1008 412 nam

309 431 368 463 ille
404 432 660 472 perturbatione
695 431 838 472 Trojani
882 431 1008 463 excidii

310 481 405 521 dicit,
440 482 608 513 Venerem
644 481 760 513 AEneae
798 481 1009 518 subvenisse,

309 532 377 564 iste
397 532 545 566 Thoanti
573 528 731 564 Liberuui
760 536 906 573 patrem.
930 533 1010 564 Lac-

310 586 392 615 tant.

354 635 418 665 26⁷
440 633 546 664 Multa
574 632 694 664 subitus
715 642 784 663 oum
809 632 889 673 luce]
915 633 1007 666 Quo-

309 683 533 724 tienscunque
549 682 686 714 numina
701 691 737 713 se
753 682 949 714 mortalibus
963 684 1010 714 in·

309 737 445 773 gerunt,
472 733 579 764 multo
605 732 740 763 luminis
764 741 800 763 se
825 733 1011 773 splendore

309 780 531 823 perfundunt.
558 782 655 813 Idem.

351 833 415 863 270
439 831 592 872 Nubilus]
613 832 754 864 Tristis:
782 842 844 873 pro
871 833 1010 865 calami-

309 885 382 913 tate
408 882 557 923 propriae
585 882 736 914 civitatis
762 892 837 924 quae
865 884 1011 924 plurima

309 930 404 963 sudi:
431 940 476 962 ex
500 941 542 963 eo
558 932 648 973 quod
664 931 792 964 dicitur
814 932 944 965 factum
960 934 1010 965 in-

311 980 488 1020 telligitur.
511 981 609 1013 Idem.

350 1033 414 1063 277
437 1032 605 1070 Infandum
618 1032 717 1073 παίω]
738 1032 780 1063 Id
797 1036 850 1065 est
863 1033 1009 1065 Veneri·

307 1080 392 1112 nihil
408 1090 491 1122 ergo
507 1081 580 1113 sine
601 1082 697 1115 Jovis
720 1086 802 1114 nutu
819 1083 1010 1114 numinibus

308 1130 510 1163 conceditur
536 1130 673 1163 facere:
706 1136 745 1164 nt
772 1133 867 1174 Virg.
900 1134 1010 1165 ‘Con-

306 1181 411 1213 cessit
436 1182 471 1212 in
493 1182 576 1213 iram
604 1183 685 1223 Ipse
709 1183 820 1215 Deum
837 1184 1008 1225 antiquam

307 1231 442 1271 genitor
479 1231 654 1273 Calydona
687 1233 839 1265 Dianas!
903 1234 1009 1266 Vides

305 1290 388 1322 ergo
415 1282 488 1314 sine
507 1282 604 1323 Jussu
631 1282 727 1315 Jovis
750 1293 793 1315 ne
817 1283 1009 1316 numinibus

305 1331 444 1372 quidem
457 1332 564 1364 licere
574 1342 650 1364 suas
664 1333 804 1374 injurias
813 1334 1008 1367 vindicare.

306 1386 346 1413 ut
362 1382 486 1414 Horat.
503 1385 513 1401 ‘
528 1383 574 1414 Ni
591 1383 657 1415 tuis
672 1384 781 1416 victus
794 1385 1009 1427 Venerisque

305 1436 415 1472 gratae
429 1433 581 1465 Vocibus
604 1433 726 1465 Divum
751 1438 851 1474 pater
875 1435 1010 1467 annuis-

305 1486 358 1514 set
371 1481 486 1514 Rebus
498 1481 615 1514 AEneae
632 1483 766 1523 potiore
782 1480 903 1516 ductos
917 1484 1008 1517 Alite

306 1530 442 1563 muros!
466 1531 613 1564 Luctum.

308 1605 310 1607 .
346 1584 412 1613 284
435 1581 604 1613 Succedam
625 1583 724 1624 curis]
752 1584 872 1616 Lectio
895 1585 970 1617 haec
987 1596 1006 1617 a

303 1631 399 1664 libris
427 1632 565 1673 scriptis
594 1637 630 1664 et
663 1633 814 1665 editione
843 1635 1007 1676 Principe

304 1685 378 1713 est:
404 1691 425 1713 a
446 1681 568 1723 quibus
593 1682 626 1713 in
650 1682 832 1716 manifesta
858 1685 1005 1718 veritate

304 1731 484 1763 discedere
522 1732 644 1773 religio
679 1731 814 1766 fuisset.
867 1735 1003 1775 Vulgati

303 1782 392 1814 male
408 1781 643 1823 praeferebant
651 1782 799 1815 Sec-edam
810 1785 905 1817 curis.
932 1787 1006 1818 Cla-

303 1831 406 1872 ravit]
431 1831 473 1863 Id
496 1837 548 1864 est
573 1833 799 1866 ‘illustravit'
826 1844 885 1866 seu
910 1835 920 1852 ‘
935 1836 1004 1867 cla-

305 1890 382 1913 rum
416 1879 527 1913 fecit.’
583 1881 731 1914 Plautus
767 1884 1003 1916 Mostellaria:

301 1931 474 1972 ‘speculo
510 1932 620 1963 claras
658 1932 823 1964 clarorem
853 1934 1005 1967 merum.’

302 1981 487 2013 Lucretius
498 1981 556 2013 lib.
570 1990 627 2013 ιιι.
644 1982 654 2000 ‘
669 1980 785 2024 Atque
801 1983 922 2015 animae
936 1984 1005 2015 cla—

303 2030 409 2061 randa
424 2030 508 2062 meis
521 2030 591 2070 jam
613 2031 765 2062 versibus
785 2032 882 2064 esse.'
906 2032 1003 2064 Idem

302 2079 362 2111 lib.
377 2089 428 2111 lv.
451 2081 461 2098 ‘
476 2079 680 2111 Clarandum
706 2085 760 2112 est
783 2082 884 2121 plane
907 2083 934 2113 si
952 2093 1004 2114 res

303 2140 477 2172 exponere
494 2131 659 2163 avemus!
703 2133 748 2163 Et
764 2133 822 2165 lib.
840 2143 877 2166 v.
902 2135 911 2152 ‘
926 2134 1003 2166 Cla-

301 2181 418 2212 ricitat
440 2182 510 2213 late
532 2181 683 2227 sitientia
706 2183 806 2214 saecla
831 2182 1003 2215 ferarum!

301 2229 494 2263 Ausonius:
518 2231 528 2248 ‘
542 2232 656 2263 Pollet
674 2231 842 2264 Aristides
869 2239 1002 2266 veteres

303 2281 360 2322 qui
378 2281 487 2313 clarat
502 2280 673 2313 Athenas!
693 2282 795 2314 Bern.

343 2333 406 2363 287
433 2332 536 2363 Curvo
551 2331 657 2363 robore
676 2333 829 2374 clausum]
855 2333 1001 2366 Fluviali

300 2381 447 2421 navigio,
463 2381 552 2422 quod
568 2382 642 2413 sinu
656 2382 789 2415 roboris
802 2383 999 2419 incavatur:

301 2436 337 2462 et
352 2431 431 2463 ideo
446 2432 612 2471 clausum,
626 2432 722 2472 quasi
743 2432 778 2463 in
791 2438 934 2474 angusto
948 2443 1000 2465 ro-

300 2481 394 2512 boris
410 2481 625 2512 collocatum.
647 2481 797 2514 Lactant.

343 2533 408 2562 289
443 2531 612 2572 Amplexo]
647 2531 904 2572 Participinm:
936 2533 1000 2566 hoc

301 2584 367 2619 est,
391 2580 467 2611 huic
484 2581 613 2621 Egeoni
641 2581 806 2621 Cycladas
830 2582 1001 2623 amplexo,

300 2639 377 2670 pro,
389 2630 627 2670 amplectenti,
638 2635 772 2671 patrem
786 2632 998 2663 commendo.

300 2680 399 2711 Idem.
446 2681 510 2711 Nec
537 2680 671 2721 fletibus
705 2690 840 2721 unquam
872 2676 942 2722 Fit]
963 2681 999 2713 Si

301 2729 438 2761 abesset
467 2729 504 2760 τὸ
533 2740 681 2771 unquam,
717 2740 784 2762 non
814 2741 1001 2764 moverem.

301 2778 388 2811 Nam
412 2777 503 2811 infra
526 2779 591 2812 hoc
615 2780 723 2813 libro:
747 2784 832 2813 ‘nec
859 2781 919 2813 irae
943 2781 999 2814 Fit

773 237 914 267 No'rAE
949 237 1213 270 vARmRUM
1247 239 1299 270 IN

1059 340 1153 363 mora
1166 332 1185 364 :’
1208 337 1242 363 et
1259 332 1318 364 lib.
1336 341 1378 364 ιι.
1399 332 1410 349 ⁸
1422 331 1461 364 fit
1475 341 1568 365 mora
1585 332 1763 368 consilto?

1059 380 1118 412 sed
1135 391 1200 413 nec
1215 382 1359 423 simplex
1379 387 1433 414 est
1458 381 1652 417 affirmatio.
1695 378 1761 417 Ee·-

1061 440 1104 471 go
1134 431 1272 464 scribe:
1306 432 1515 474 nec-,fletibus
1542 426 1678 475 ἰιιιρὶαιιιι
1705 433 1763 466 ott

1059 483 1166 513 modus
1193 483 1338 519 alternis,
1362 484 1397 515 m·
1415 483 1499 522 jam.
1551 483 1670 516 Finem
1691 486 1761 519 ιιοιι

1059 530 1259 564 fecissemus
1281 531 1399 572 flendi,
1423 532 1486 564 nisi
1504 533 1650 566 instaret
1673 532 1761 567 dieu

1062 581 1202 613 Gronov.
1682 599 1686 602 ·
1757 595 1761 601 ·

1102 634 1168 663 296
1189 632 1394 674 Pudibunda]
1417 633 1569 665 -Nomen
1598 636 1665 675 est,
1684 633 1760 666 .ιιο”ιι

1061 682 1281 723 participium
1295 693 1304 722 ;
1332 693 1409 714 nam
1424 687 1579 724 tempore
1593 686 1701 722 caret,
1716 689 1760 716 et

1062 732 1215 772 patiendi
1245 732 1493 773 significatione
1524 733 1700 775 privetur:
1724 739 1762 766 et

1059 781 1191 814 indicat
1207 792 1274 814 non
1302 783 1505 824 pudentem,
1529 783 1589 816 sed
1614 783 1762 825 pudenti

1060 831 1216 872 similem,
1237 833 1294 874 qui
1321 833 1495 866 erubescit
1509 834 1705 866 admissum.
1709 833 1760 867 fa-

1059 880 1153 912 cinus
1168 883 1329 923 temporis
1344 883 1457 924 alieni,
1473 887 1510 915 et
1519 884 1628 916 lucem
1639 884 1759 917 etiann-

1058 931 1085 962 si
1103 932 1210 963 nollet
1230 937 1397 964 nocturna
1423 933 1528 966 caedis
1552 933 1760 967 crudelitate

1058 978 1192 1013 foedari.
1206 981 1298 1014 Lact.
1722 999 1725 1002 ·
1753 1003 1759 1012 ¹

1100 1033 1162 1062 297
1185 1031 1306 1072 Jubar]
1340 1031 1506 1065 Ostendit
1530 1032 1634 1075 poeta
1655 1005 1761 1076 gene³

1060 1079 1105 1111 ris
1121 1089 1197 1113 esse
1216 1082 1354 1114 neutri.
1379 1087 1415 1114 et
1439 1083 1586 1115 Ovidius
1611 1083 1676 1120 hoc
1698 1093 1757 1126 ge-

1059 1140 1140 1162 nere
1167 1132 1372 1164 declinavit:
1403 1142 1460 1173 per
1473 1133 1572 1172 jubar
1592 1134 1649 1166 boc
1669 1135 1757 1174 juro.

1064 1179 1222 1222 Declinia]
1247 1183 1332 1215 Quae
1358 1181 1572 1215 declinarent
1597 1189 1634 1216 et
1658 1183 1758 1226 fuge-

1060 1237 1149 1273 rent.
1205 1232 1377 1273 Opposita
1405 1232 1494 1264 enim
1523 1233 1614 1265 nube
1644 1235 1758 1268 vultus

1058 1291 1136 1313 suos
1153 1282 1375 1314 Lemniadum
1397 1283 1540 1315 crimine
1562 1283 1758 1355 declinave-

1059 1337 1111 1363 rat
1128 1332 1188 1364 sol.
1211 1333 1310 1364 Idem·

1100 1384 1164 1413 298
1187 1383 1292 1423 Juga]
1316 1383 1387 1414 Pro
1403 1382 1498 1424 equis
1524 1383 1649 1424 posuit.
1693 1385 1757 1417 Re

1050 1430 1137 1471 fert]
1172 1431 1289 1472 Fugit
1307 1433 1396 1464 enim
1426 1434 1476 1464 sol
1506 1434 1758 1475 crudelitatem,

1059 1486 1119 1514 aut
1139 1483 1236 1521 refert
1259 1482 1411 1515 deflectit
1437 1484 1557 1516 melius
1582 1485 1756 1527 intelliga-

1057 1541 1142 1564 mus.
1166 1534 1265 1565 Idem.
1614 1544 1623 1552 ‘
1747 1550 1753 1567 t

1100 1585 1164 1614 300
1195 1584 1331 1616 Habitus
1354 1585 1463 1625 rubor]
1489 1586 1690 1628 Quanquam
1703 1586 1755 1619 jn

1056 1638 1110 1665 ter
1128 1635 1252 1666 similes
1268 1636 1372 1667 rubor
1386 1646 1451 1667 non
1465 1636 1623 1677 habetur,
1638 1641 1755 1670 tamen

1054 1684 1266 1716 conscientia
1289 1686 1368 1717 novi
1390 1686 1540 1718 criminis
1557 1687 1754 1720 seinvicem

1055 1733 1295 1767 formidabant.
1318 1737 1417 1769 Idem.

1097 1786 1158 1815 301
1185 1785 1323 1817 Festi-nis
1350 1785 1492 1826 ignibus]
1519 1786 1753 1827 Properantes

1054 1833 1258 1865 comburunt
1273 1834 1452 1867 cadavera.
1480 1835 1754 1870 V.Sch01...v21

1056 1883 1147 1915 Flac.
1164 1883 1279 1925 adjicit
1295 1884 1380 1916 adeo
1397 1884 1557 1918 efferatas
1572 1885 1699 1927 furore,
1714 1893 1754 1920 ut

1054 1935 1210 1974 proprias
1241 1935 1343 1965 etiam
1371 1934 1487 1967 domos
1509 1936 1754 1970 incenderent=

1053 1984 1178 2015 ‘Diras
1207 1984 1281 2016 aliae
1305 1985 1348 2016 ad
1374 1984 1512 2027 fastigia
1538 1987 1643 2020 taedas
1670 1987 1753 2030 Inji-

1053 2033 1161 2074 ciunt,
1176 2034 1375 2075 adduntque
1390 2035 1527 2067 domos-⁹
1554 2037 1674 2070 Barth..

1096 2086 1158 2115 305
1183 2085 1289 2116 Insula
1304 2084 1392 2118 dives
1406 2086 1511 2127 agris]
1528 2087 1645 2119 Verba
1657 2088 1752 2129 plan·

1054 2135 1186 2174 gentis:
1212 2140 1247 2166 et
1270 2135 1348 2167 ideo
1369 2137 1652 2177 pronunciatione
1676 2148 1752 2171 sen·

1054 2194 1109 2215 sus
1125 2190 1175 2216 est
1190 2184 1415 2225 adjuvandus.
1437 2185 1635 2219 Lactantius.

1095 2237 1159 2266 306
1192 2235 1279 2266 Nota
1306 2235 1389 2276 situ]
1424 2236 1586 2277 Corporis
1615 2237 1750 2280 nobilis.

1056 2285 1168 2316 Getico
1193 2285 1363 2328 triumpho]
1385 2285 1548 2318 Thracico
1569 2286 1680 2319 beno:
1704 2297 1749 2320 ex

1052 2343 1117 2375 quo
1139 2335 1324 2366 redeuntes
1354 2333 1502 2366 victores
1528 2335 1750 2370 Lemniadum

1051 2384 1174 2416 multas
1188 2384 1222 2415 in
1239 2383 1409 2425 triumpho
1424 2384 1641 2417 contulerant
1654 2395 1749 2427 opes.

1052 2433 1151 2465 Idem.

1093 2486 1156 2515 307
1173 2484 1248 2514 Non
1263 2483 1374 2524 maris]
1390 2482 1432 2515 Id
1448 2487 1514 2523 est,
1527 2493 1594 2516 non
1610 2483 1748 2517 naufra-

1051 2533 1118 2573 gio,
1138 2542 1205 2564 non
1218 2533 1319 2573 bello,
1338 2542 1405 2565 non
1422 2533 1620 2574 pestilentia
1636 2533 1748 2575 perie-

1051 2587 1142 2614 runt.
1167 2582 1264 2614 Idem.
1740 2607 1744 2610 -

1068 2635 1157 2663 ’309
1177 2633 1265 2663 Arva
1281 2630 1355 2671 viri]
1371 2631 1498 2664 Officia
1513 2632 1658 2664 virorum
1674 2642 1748 2666 ces-

1050 2691 1141 2713 sasse
1157 2681 1252 2722 dicit,
1268 2681 1390 2723 quibus
1407 2680 1521 2714 fuerat
1536 2682 1681 2716 Lemnos
1694 2694 1746 2716 or-

1050 2731 1142 2763 bata.
1163 2731 1262 2763 Idem.

1051 2806 1055 2809 ,
1092 2782 1155 2812 312
1173 2781 1242 2813 Nos
1257 2780 1392 2822 tamum]
1409 2781 1465 2817 Ita
1480 2785 1625 2827 ueteres.
1661 2743 1745 2820 Vul-
