1878 3164
0 1214 14 1274 {-

433 239 476 270 P.
505 237 699 269 PAPINH
731 236 896 269 STA'rn
930 235 1136 267 acrum..
1171 237 1265 268 LIB.
1288 238 1340 267 11.

157 332 214 366 vel
237 331 377 365 mittere
402 330 571 364 libenter:
611 332 664 363 vel
693 341 786 372 quam
807 340 862 372 ap-

158 386 238 424 um,
257 390 442 424 congruam
470 386 507 414 et
529 380 792 413 convenientem
817 381 860 413 ad

158 431 380 474 pugnandum
402 439 444 463 eo
465 439 598 472 possem
619 430 769 462 libenter
784 431 862 463 mit·

156 486 236 518 tore
257 481 360 515 bello.
378 490 463 513 nmo
485 480 563 523 ipsi]
587 490 661 522 vos,
685 480 763 512 &c.'
808 481 861 512 Ex

156 531 281 575 quibus
297 535 481 573 utcumque
504 531 641 572 scriptis
663 530 775 571 liquet
785 530 859 572 jam

157 586 231 616 tum
258 581 398 614 dubium
422 580 542 622 fuisse,
567 580 780 623 precedenti
805 591 860 622 ap-

155 635 238 674 tum,
261 641 311 665 an·
328 634 448 673 «mptum,
471 631 540 673 legi
564 636 752 673 oporteret.
773 630 860 664 'Sed

90 676 97 687 ‘
158 682 289 715 rectius
310 685 437 724 «ptarm-
461 682 582 714 Saltem
601 682 631 713 si
652 682 780 723 soboles,
805 693 860 724 up-

157 731 467 776 humanitem
481 732 569 766 bello.
607 733 797 775 Postquam
813 733 858 765 de

156 793 195 820 so
208 783 354 826 optavit,
368 788 405 816 et
425 783 604 825 pristinam
620 783 784 816 virtutem
805 792 858 815 su-

158 843 214 871 urn
240 833 442 868 recordatus
466 838 521 866 est
548 842 592 864 ex
618 842 711 865 more
738 842 857 865 senum

155 886 312 927 heroum,
339 884 515 928 adjungit:
553 884 690 926 saltem,
719 885 746 916 si
773 884 856 916 mihi

156 941 247 971 esset
260 936 407 978 soboles,
420 945 522 979 qnam
544 935 634 967 bello
649 939 764 976 aptam
779 934 857 967 mit-

156 992 232 1023 tere
245 987 391 1027 licen-015
409 985 571 1018 haberem
584 984 724 1027 aliquod
740 983 858 1016 defec-

157 1041 271 1072 mum
285 1046 435 1070 mearum
450 1035 572 1068 virium
588 1034 758 1067 solatium.
800 1035 858 1067 Sic

157 1088 249 1123 enim
273 1086 466 1130 explendus
487 1095 618 1126 sensns,
644 1095 711 1117 non
737 1090 774 1118 ut
797 1085 858 1117 isti

154 1137 272 1173 stolidi
285 1144 443 1172 suctores
457 1136 543 1170 fatui
558 1146 675 1168 versus
686 1135 858 1169 fecerunt.

155 1189 262 1229 Theb.
291 1198 349 1223 m.
378 1188 548 1224 ‘necdum
574 1192 658 1228 apta
679 1186 857 1229 doloribus

156 1239 265 1277 atu}
307 1239 419 1272 Theb.
447 1247 500 1271 xv.
536 1238 641 1270 ‘Non
672 1237 746 1269 haec
774 1241 858 1278 apta

156 1290 239 1325 mihi
262 1289 381 1323 nitidis
403 1286 729 1331 ornatibus,inquit‚
753 1286 856 1320 Tem·

156 1339 263 1383 μοι-ι’
286 1340 431 1375 Gronov..

201 1393 265 1424 1⁰8
287 1390 420 1428 Quando
433 1387 544 1430 novos]
566 1388 651 1421 Cum
667 1388 856 1430 interroga-

157 1439 253 1473 tione
268 1445 304 1473 et
318 1439 488 1472 desiderio
502 1438 630 1472 dictus.
650 1439 805 1471 Britann.

201 1493 265 1526 uo
288 1490 370 1528 Quis
382 1490 464 1523 enim
477 1500 540 1523 non
557 1490 658 1522 vicere
668 1493 780 1530 gentes
802 1489 857 1522 In-

157 1541 315 1584 tuli-eros]
337 1541 465 1574 Astnte
489 1549 531 1573 ea
546 1540 719 1582 proponit,
735 1539 856 1581 quibus

158 1592 360 1625 excellentis
382 1590 486 1623 animi
502 1591 642 1632 juvenis
663 1589 706 1622 ad
730 1589 856 1623 bellum

156 1640 359 1675 inflammari
373 1644 501 1684 potest.
522 1640 623 1673 Idem.

201 1695 266 1727 114
285 1689 632 1733 Monteupoliwiw]
653 1689 858 1729 Arboribus,

157 1742 294 1781 scilicet
307 1742 351 1776 ad
366 1742 503 1776 navium
518 1740 794 1774 aedificationem.
805 1741 857 1774 Id.

175 1823 179 1826 .
201 1796 268 1827 uo
287 1794 386 1827 Am
396 1791 520 1836 patres]
540 1792 647 1826 Quasi
670 1791 775 1833 dicat,
797 1801 856 1834 pa-

158 1847 231 1879 tre·
245 1843 333 1877 filios
352 1842 396 1876 nd
413 1843 537 1876 bellum
551 1842 746 1883 hortantur,
760 1847 859 1876 tanto

157 1894 388 1938 unusquisque
411 1897 550 1927 tenetur
564 1893 678 1926 studio
700 1898 861 1926 everten-

159 1945 215 1982 ‹1oe
226 1946 358 1989 Trojae.
403 1944 620 1986 [vn-evocatur]
641 1943 860 1976 Irrevocabi-

157 1996 216 2038 lis,
240 1996 339 2040 quui
368 2005 445 2040 qnoe
473 1995 565 2028 nullo
593 1995 694 2028 modo
717 1995 861 2028 retineri

160 2047 283 2090 pouit.
305 2046 406 2080 tam.

205 2098 267 2133 117
294 2097 439 2139 Unquam
451 2100 549 2130 tanta
561 2097 637 2130 data
656 2096 745 2138 copia
759 2096 862 2136 samoe

162 2146 330 2189 Fortibus]
351 2147 536 2190 Nunquam
551 2146 697 2190 (inquit)
712 2147 776 2179 viri
791 2145 862 2179 for-

160 2203 214 2232 tes
236 2198 517 2241 opportuniorem
532 2198 772 2240 comparandae
797 2197 863 2231 sibi

161 2248 279 2291 glorias
292 2249 506 2282 occasionem
521 2248 617 2281 nacti
629 2252 718 2281 sunt.
733 2248 833 2281 Idem.

195 2302 269 2335 ,119
294 2299 450 2341 Ρὶςίίἰφιε
475 2299 542 2332 hec
568 2309 646 2331 aare
674 2298 863 2340 trahentem]

160 2349 218 2383 sic
238 2349 376 2392 quidem
389 2349 618 2383 scholiastes:
644 2349 694 2382 sic
710 2354 746 2382 et
768 2349 862 2382 Pris-

161 2400 291 2434 cianus.
335 2400 424 2434 Mihi
448 2405 564 2434 tamen
585 2400 699 2442 potior
714 2400 862 2433 anctori-

161 2454 217 2486 ω
240 2450 527 2492 membranarum,
545 2461 623 2494 quoe
651 2451 862 2493 praeiverunt

161 2502 243 2536 mihi
263 2502 307 2536 nd
328 2502 434 2540 illum,
452 2512 553 2545 quem
579 2502 664 2543 dixi,
678 2502 861 2535 exturban-

162 2553 246 2587 dum
268 2563 403 2587 versum
429 2553 531 2591 viam,
553 2553 682 2595 liquido
707 2553 864 2586 habenti·

162 2612 220 2636 um
236 2612 248 2636 ι
268 2603 420 2646 vigilique
432 2603 499 2636 haec
510 2613 588 2636 oure
601 2603 764 2637 bibentem.
798 2605 864 2637 Cu-

156 2653 219 2695 jus
233 2653 371 2696 quidem
385 2654 445 2686 illa
458 2654 698 2696 interpretatio
714 2654 863 2687 videtur.

163 2703 389 2746 Propertius:
412 2703 567 2747 ‘1ncipe,
588 2704 760 2746 suspensis
774 2704 863 2737 auri-

164 2752 232 2787 bus
259 2753 326 2786 ista
351 2753 488 2787 bibam!
547 2754 736 2788 Horatius:
772 2755 783 2773 ‘
799 2754 860 2788 sed

165 2804 274 2847 mgis
301 2803 442 2846 Pugnae
471 2807 507 2837 et
534 2810 677 2839 exactos
701 2811 863 2854 tyrannos

1500 227 1615 269 2037

912 329 1068 363 Densum
1093 329 1242 361 humeris
1258 329 1347 362 bibit
1372 339 1452 361 aure
1468 330 1615 371 vulgus.’

912 381 958 412 Et
972 384 1088 412 noster
1104 391 1112 412 :
1135 385 1145 398 ‘
1161 380 1234 412 Has
1257 380 1344 412 bibit
1366 390 1475 422 usque
1492 384 1617 422 rogim·

911 431 958 462 Et
975 440 1070 472 saepe
1086 430 1256 464 similiter.
1281 430 1421 462 Gronov.

954 483 1014 512 121
1042 480 1195 522 Quisquis
1215 480 1356 521 proavis]
1394 479 1549 512 Attende
1566 491 1615 512 as-

911 534 1023 562 tutam
1052 530 1413 562 commemorationem
1449 530 1548 561 simul
1578 535 1615 562 et

910 580 1171 620 promissionem
1186 581 1374 612 honorum:
1391 589 1511 612 sensns
1521 580 1613 612 enim

910 635 963 662 est
977 641 985 662 :
1014 631 1053 662 ln
1069 631 1132 663 hac
1147 630 1285 673 quidem
1302 630 1525 672 expeditione
1542 631 1615 662 exi·

910 682 997 713 mins
1023 681 1129 713 honos
1159 681 1357 723 exhibetur,
1385 691 1448 723 pro
1475 692 1517 715 ea
1546 692 1614 721 qua

909 732 1052 774 quisque
1076 732 1206 765 virtute
1233 732 1402 776 praeditus
1430 738 1498 766 est.
1533 733 1614 765 Bri-

909 785 999 815 tans.

953 835 1015 865 124
1040 833 1172 865 Τιήιίἀω
1185 837 1302 865 matres
1315 832 1454 874 cessant]
1470 832 1537 864 Vix
1553 842 1612 865 co·

908 884 1068 916 hibentur
1093 885 1178 926 ipsae
1196 884 1355 916 mulieres
1379 884 1460 926 quin
1485 883 1524 915 in>
1543 883 1615 915 bel-

908 935 979 966 lum
993 938 1106 967 ruant.
1128 935 1229 966 Idem.

954 987 1016 1017 12⁵
1051 985 1193 1017 Multum
1219 983 1359 1025 steriles]
1394 982 1615 1016 Abominatio

911 1040 949 1067 et
963 1035 1141 1068 devotatio
1161 1035 1247 1077 ejus,
1263 1035 1321 1077 qui
1346 1035 1399 1067 vir
1419 1035 1478 1075 sit,
1493 1039 1530 1066 et
1544 1043 1614 1066 nou

910 1089 1074 1127 sequatur
1088 1086 1181 1118 hunc
1193 1085 1401 1125 exercitum;
1425 1085 1559 1117 scilicet
1574 1088 1614 1116 ut

910 1144 975 1167 nec
989 1144 1097 1168 senex
1110 1145 1174 1168 nec
1184 1136 1321 1179 juvenis
1333 1136 1518 1179 quicquam
1533 1134 1616 1168 boni

911 1195 955 1217 ex
970 1194 1012 1219 eo
1022 1195 1170 1228 unquam
1187 1187 1293 1229 possit
1309 1186 1503 1228 provenire.
1541 1185 1615 1218 Ob-

911 1235 1003 1278 lique
1019 1241 1133 1269 autem
1147 1237 1259 1269 omnia
1272 1237 1465 1278 diriguntur
1477 1236 1521 1268 ad
1535 1245 1613 1268 seu·

912 1296 985 1319 sum
1002 1286 1159 1320 Achillis.
1182 1287 1289 1320 Schol.
1307 1287 1378 1320 Vet.

954 1340 1018 1370 127
1039 1338 1172 1370 Exi-sset
1193 1338 1323 1380 stratis]
1355 1337 1466 1378 Totis,
1493 1336 1615 1380 quibus

912 1388 1054 1421 sedebat
1069 1388 1113 1421 ad
1127 1398 1291 1421 mensam.
1312 1389 1495 1421 Matumnt.

956 1442 1020 1472 129
1053 1440 1238 1481 Complexo]
1272 1440 1413 1472 Scilicet
1434 1438 1614 1481 jungendo

912 1490 1023 1530 ulnas,
1038 1494 1077 1522 ut
1095 1493 1259 1533 tanquam
1282 1489 1456 1531 hospitem
1470 1489 1615 1520 honora·

913 1544 982 1580 ret,
1010 1540 1252 1582 praeberetque
1278 1540 1438 1573 animum.
1483 1538 1615 1580 Hoeret]

911 1591 1084 1624 Firmatnr
1099 1589 1264 1622 Achilles.
1286 1590 1386 1623 Idem.

955 1643 1020 1673 130
1043 1641 1151 1683 Goepeo
1164 1641 1316 1682 sermone]
1341 1641 1398 1673 De
1413 1643 1528 1681 coepto
1543 1649 1616 1672 ser-

912 1701 1011 1724 mone
1026 1692 1194 1732 remittat,
1209 1701 1277 1726 non
1293 1695 1408 1725 autem
1423 1700 1613 1724 sermonem

913 1742 1080 1784 remittit;
1096 1752 1174 1775 nam
1185 1743 1406 1786 prosequitur
1415 1743 1476 1775 sed
1487 1752 1557 1775 non
1571 1742 1615 1774 ad

913 1799 1065 1836 coeptum
1080 1794 1309 1836 propositum,
1321 1794 1382 1826 sed
1393 1794 1436 1826 ad
1448 1794 1553 1835 aliud,
1564 1798 1615 1826 ta-

913 1855 1005 1886 men,
1027 1854 1071 1877 ne
1095 1845 1274 1878 videretur
1298 1844 1536 1877 tantummodo
1561 1854 1613 1876 re-

913 1900 1037 1939 spectu
1047 1895 1195 1928 filiarum
1206 1895 1312 1938 loqui,
1325 1896 1353 1927 si
1364 1895 1417 1928 his
1426 1894 1615 1927 recenden-

913 1948 1006 1981 tibus
1020 1946 1123 1979 finem
1142 1946 1305 1989 loquendi
1320 1945 1478 1979 fecisset.
1500 1945 1600 1979 Idem.

958 2001 1022 2032 136
1062 1997 1173 2040 Virili]
1215 1997 1318 2032 Quod
1349 1996 1487 2040 aliquod
1516 1997 1615 2029 virile

913 2049 1054 2089 habent,
1067 2053 1106 2081 ut
1121 2047 1316 2081 Amazones
1331 2047 1526 2087 videantur,
1548 2056 1615 2078 non

911 2099 1072 2133 molliciei
1086 2098 1246 2131 muliebri
1257 2100 1390 2130 tantum
1403 2097 1545 2139 deditae,
1554 2097 1617 2129 sed

911 2150 1007 2194 quasi
1022 2150 1120 2182 malis
1137 2149 1239 2182 animi
1254 2148 1375 2181 studiis
1387 2148 1541 2181 virilibus
1557 2158 1618 2190 ap·

912 2207 972 2244 tae,
988 2205 1152 2244 tanquam
1179 2200 1308 2242 aliquid
1325 2199 1424 2231 virile
1440 2203 1615 2240 saperent,

912 2252 1001 2295 quod
1019 2251 1196 2294 praecipue
1211 2255 1354 2293 propter
1369 2249 1538 2282 Achillem
1562 2249 1615 2281 di-

913 2305 973 2337 cit.
997 2303 1098 2336 Idem.

955 2356 1018 2386 137
1032 2352 1200 2394 Occurrit]
1215 2352 1378 2384 Sermone
1389 2351 1524 2384 obviam
1538 2361 1616 2393 pro-

912 2405 1019 2438 cedit.
1077 2403 1179 2446 Qum]
1213 2403 1354 2435 Scilicet
1382 2402 1516 2435 diceres
1531 2403 1544 2435 ?
1579 2407 1617 2435 et

912 2461 967 2488 est
975 2454 1085 2498 figura
1094 2464 1170 2497 quas
1180 2453 1306 2486 dicitnr
1316 2453 1397 2486 κατὰ
1406 2452 1446 2486 τὸ
1457 2453 1617 2494 σιωπώμε-

911 2516 981 2538 vor:
1005 2515 1068 2547 per
1094 2505 1268 2537 silentium
1288 2508 1325 2537 et
1341 2504 1616 2537 taciturnitatem

913 2555 1043 2599 aliquid
1064 2555 1203 2596 dicitur,
1219 2556 1272 2588 vel
1286 2555 1438 2587 innuitur
1452 2566 1461 2588 τ
1478 2554 1617 2597 own-dv,

913 2607 1030 2648 σιωπῶ,
1050 2610 1137 2638 taceo
1163 2604 1347 2648 significat,
1362 2606 1454 2638 unde
1479 2605 1619 2648 partiei-

914 2658 1009 2700 pium
1037 2667 1058 2689 α
1085 2657 1237 2698 passivo,
1254 2659 1320 2690 διο.
1365 2657 1529 2698 Fer-entes]
1551 2657 1617 2689 Fa·

913 2710 1055 2742 cientes.
1078 2709 1179 2744 Idem.

958 2763 1021 2797 139
1043 2760 1090 2794 At
1117 2759 1274 2802 dabimus]
1311 2759 1427 2793 Verbo
1455 2769 1536 2792 usus
1562 2763 1618 2791 est

913 2811 1002 2846 ludis
1015 2815 1111 2855 apto,
1119 2811 1154 2844 id
1169 2816 1236 2854 est,
1248 2821 1306 2844 eas
1319 2810 1556 2845 exhibebimus
1569 2811 1618 2844 vi-
