1878 3164
275 230 391 274 1892

271 337 282 354 ⁴
294 335 419 375 Aversi
433 338 577 368 tenuere
591 334 712 372 facem,
728 337 892 376 congesta
902 343 974 366 cre-

273 393 411 420 mantur
447 386 581 417 Tlturea
619 385 720 425 dona,
752 385 870 426 dapes,
900 383 974 416 fuso

274 442 426 471 crateres
444 436 555 468 olivo.’
581 436 745 477 Papinius
760 435 925 477 Epicedio
939 435 974 466 in

273 489 473 521 Glauciam:
507 488 517 504 ‘
542 487 622 528 quid
654 496 717 527 ego
746 485 909 527 exequias
939 490 974 518 et

274 538 421 580 prodiga
445 537 589 569 flammis
613 537 710 567 Dona
726 536 869 578 loquar?
893 546 974 567 moe-

272 594 393 630 stoque
425 587 582 619 ardentia
622 586 743 617 funera
773 587 851 617 luxu
862 584 886 615 ?'
909 588 973 627 &c-

273 638 398 669 Plures
424 647 491 668 non
517 636 630 675 laudo,
652 637 758 667 solum
784 636 974 667 adscribam

272 687 477 719 Tertulliani
501 686 543 718 de
562 685 827 717 Resurrectione
843 685 975 724 Carnis,

272 738 399 779 absque
427 737 511 768 ritus
537 736 634 776 liujus
661 734 737 767 face
764 735 870 767 densa
893 736 976 767 cali·

272 788 349 828 gine
366 797 521 827 pressum
538 787 671 819 locum:
696 788 706 805 ‘
725 786 773 818 At
790 796 854 827 ego
870 787 973 827 magis

271 834 390 869 ridebo
412 838 544 878 vulgus,
567 840 648 868 tunc
671 847 803 878 quoque
825 847 901 868 cum
924 838 974 878 ip·

271 898 326 920 sos
339 887 521 919 defunctos
535 887 741 918 atrocissime
754 887 879 925 exurit,
890 896 973 928 quos

271 937 490 979 postmodum
528 937 738 977 gulosissime
767 937 888 977 nutrit,
917 937 973 968 iis-

270 988 349 1020 dem
372 988 507 1028 ignibus
533 991 569 1018 et
590 996 788 1027 promerens
809 992 845 1018 et
866 985 973 1018 offen-

270 1038 367 1070 dens.
395 1048 414 1069 o
439 1037 603 1078 pietatem
624 1036 667 1068 de
689 1036 894 1068 crudelitate
922 1036 970 1067 lu-

271 1088 430 1123 dentem!
455 1086 626 1118 sacrificat
647 1096 688 1117 an
719 1086 862 1118 insultat
892 1085 971 1117 dum

269 1137 430 1170 crematis
457 1135 617 1168 cremat?'
660 1135 747 1167 Haec
770 1135 803 1166 in
831 1145 970 1176 rogum:

268 1189 296 1219 si
313 1197 393 1220 vero
410 1185 650 1219 anniversariae
667 1185 791 1216 fierent
806 1185 973 1227 exequiae‚

268 1249 372 1281 super
389 1248 463 1270 aras
479 1240 655 1269 extructas
678 1236 897 1276 deponebant
912 1236 971 1268 do·

268 1299 323 1321 na.
370 1290 467 1330 Virg.
479 1289 555 1320 AEn.
567 1296 603 1319 v.
626 1288 636 1305 ‘
657 1287 730 1318 Nec
744 1296 811 1318 non
828 1291 863 1317 et
877 1286 971 1326 socii,

268 1349 344 1381 quae
364 1339 488 1381 cuique
512 1342 565 1369 est
589 1337 702 1377 copia,
722 1336 794 1367 laeti
811 1336 910 1367 Dona
924 1334 971 1367 fe-

268 1394 360 1430 runt,
390 1393 599 1430 onerantque
630 1396 718 1427 aras,
747 1390 970 1428 mactantque

262 1441 453 1481 juvencos-³
474 1440 630 1470 Bernart.
770 1472 773 1478 s

310 1492 373 1521 134
395 1489 537 1520 Inventoe
552 1485 735 1526 concedunt]
753 1485 968 1518 Moderatum

267 1540 297 1571 ei
317 1540 488 1580 planctum
503 1537 708 1576 concedunt,
719 1545 784 1567 non
795 1541 910 1568 autem
923 1537 969 1568 ni·

267 1589 382 1627 mium,
405 1587 552 1629 ideoque
567 1586 706 1618 brachia
722 1586 797 1626 ejus
814 1596 833 1617 a
851 1586 968 1618 verbe-

266 1638 360 1670 ribus
374 1637 485 1669 nimiis
502 1636 674 1667 coercent.
695 1635 734 1667 V.
747 1635 851 1668 Schol.
897 1636 969 1676 Op-

266 1688 360 1720 time.
395 1688 475 1719 Non
491 1686 580 1717 enim
590 1686 661 1726 jam
679 1694 777 1726 posse
792 1685 968 1726 Hypsipy-

264 1739 330 1770 lem
348 1743 417 1769 tam
435 1736 602 1769 atrociter
618 1735 650 1766 in
668 1736 827 1776 planctus
851 1735 967 1767 furere

265 1789 363 1829 dicit,
378 1788 524 1819 inventis
539 1796 664 1827 nempe
687 1786 778 1825 filiis,
803 1796 901 1827 quani
918 1785 967 1818 fe-

264 1842 359 1869 cerat
375 1842 490 1869 antea.
537 1835 675 1868 Gaudia
699 1835 789 1866 enim
806 1841 970 1878 mentem,

264 1888 405 1920 brachia
421 1886 616 1919 attinebant
630 1885 705 1917 filii.
728 1886 847 1918 Barth.

308 1941 370 1970 140
391 1936 570 1977 Annorum]
594 1937 757 1967 Elementa
777 1946 838 1977 pro
863 1936 967 1969 initiis

263 1989 398 2029 posuit:
414 1988 563 2020 omnium
580 1987 669 2018 enim
682 1987 902 2018 humanarum
915 1997 967 2020 re-

263 2048 338 2070 rum
354 2037 450 2069 initia
467 2038 615 2069 elementa
631 2041 710 2067 sunt
726 2035 831 2067 dicta.
855 2036 951 2069 Lact.

299 2090 362 2120 149
374 2086 578 2127 Quidniego]
588 2086 708 2125 Deest,
720 2086 830 2118 occidi
843 2086 967 2120 filium?

262 2148 362 2180 quem
380 2137 567 2179 negligenti
582 2136 756 2170 commisi:
781 2147 857 2167 nam
870 2137 965 2169 dolo-

261 2189 290 2219 ri
308 2199 370 2219 vox
385 2189 546 2220 convenit
560 2187 762 2228 interrupta.
799 2187 966 2219 Servatum

253 2238 373 2276 fraude
394 2237 570 2279 parentem]
607 2237 662 2268 Illi
691 2246 757 2277 ego
788 2238 964 2278 parvulum

261 2288 450 2328 crederem,
463 2298 539 2329 quae
553 2297 572 2318 a
586 2297 623 2319 se
634 2292 766 2328 patrem
777 2286 882 2319 fuisse
893 2297 964 2319 ser-

261 2344 377 2371 vatum
393 2339 571 2381 jactabat.
586 2338 686 2369 Idem.

305 2392 366 2420 151
390 2389 559 2427 Abjurasse
579 2387 716 2428 sacrum]
741 2386 782 2418 Id
799 2391 865 2428 est,
881 2386 964 2419 faci-

261 2449 323 2470 nus
336 2438 587 2470 execrandum:
604 2443 663 2469 aut
677 2437 757 2479 quia
773 2446 963 2469 sacramen-

260 2493 332 2526 tum
349 2488 417 2519 fuit
432 2488 523 2519 inter
538 2487 753 2519 Lemniades.
776 2487 962 2528 Ahjurasse]

240 2579 242 2581 r
261 2538 293 2569 A
309 2547 368 2569 suo
383 2538 494 2568 animo
510 2536 700 2569 abdicasse.
725 2537 822 2568 Idem.

304 2591 368 2620 152
392 2589 474 2619 Hoec
502 2588 559 2619 illa
583 2588 645 2628 est]
670 2587 960 2630 Demonstrative,

260 2639 294 2670 id
310 2644 377 2678 est,
391 2648 468 2680 quae
486 2637 591 2675 fuerit
605 2647 687 2669 ausa
697 2637 869 2669 domiuum
884 2647 960 2679 pro-

253 2690 378 2730 jicere,
395 2689 559 2729 linquere.
582 2688 679 2719 Idem.

305 2742 366 2771 154
390 2739 464 2770 Non
474 2738 592 2779 regem]
607 2739 848 2773 concessione.
870 2739 961 2772 Alie-

259 2790 329 2831 ms]
354 2790 460 2822 Deest
483 2789 589 2822 ‘sed.'
613 2789 759 2822 Laetam.

739 240 880 272 NOTAE
913 239 1183 271 VAmoRUM
1216 239 1270 271 IN

1070 335 1132 365 155
1156 331 1313 373 Infantes]
1348 331 1578 365 Periculum.
1602 329 1733 366 utno-

1025 383 1145 423 ratius,
1183 383 1193 401 ‘
1207 382 1355 414 Infames
1394 383 1552 423 scopulos
1579 380 1731 416 Aen-oee-

1026 432 1165 465 rauuia!
1181 434 1280 465 Idem.
1306 432 1458 473 Tramite]
1474 433 1484 450 ‘
1494 431 1734 474 Trames'eet

1025 484 1081 515 via
1104 489 1306 515 transversa.
1352 484 1443 524 Ergo
1465 483 1500 514 in
1524 483 1737 524 periculosus

1025 534 1119 565 silvae
1150 534 1219 574 via,
1245 534 1334 575 quod
1364 539 1418 566 est
1448 533 1597 574 tramite,
1620 531 1733 571 filiunt

1025 584 1154 617 dimisit
1187 585 1398 625 expositum:
1439 584 1578 625 proprie
1606 588 1730 617 *tamen

1027 635 1175 667 ‘trames
1188 634 1198 648 '
1222 640 1275 667 est
1290 636 1344 667 via
1360 634 1508 676 privata,
1523 643 1593 666 non
1616 633 1730 676 publiq

1026 695 1080 724 ca,
1097 686 1130 716 id
1148 690 1212 726 est,
1229 695 1304 726 quae
1320 684 1439 727 paucis
1449 685 1729 741 cognitafflnum-

1026 745 1195 777 quemque
1219 735 1261 767 ad
1290 745 1406 775 agrum
1427 735 1603 776 proprium
1619 733 1729 772 ducit·

1023 786 1217 817 Sallustius:
1235 787 1244 803 ‘
1258 786 1325 817 Per
1338 786 1494 817 tramites
1505 786 1657 818 occulto·
1668 792 1731 818 exa

1025 836 1170 867 ercitum
1187 835 1322 867 Metelli
1336 834 1532 870 antevenit-³
1552 836 1654 869 Idem.
1721 856 1726 872 0

1067 888 1129 918 162
1153 887 1261 918 Matre
1274 886 1376 926 magis
1396 887 1494 918 oolam
1511 886 1614 928 nme]
1635 887 1728 920 Sene

1024 939 1171 976 veteres,
1207 936 1292 966 Nate
1320 935 1448 975 magiam
1489 935 1580 977 quod
1610 939 1727 969 tamen

1023 994 1140 1017 verum
1157 995 1229 1017 esse
1245 995 1312 1018 non
1325 985 1522 1026 apparebit,
1533 990 1572 1018 ut
1583 985 1632 1018 eit
1642 986 1728 1023 Ber,

1023 1036 1165 1073 nartius,
1182 1036 1321 1077 propius
1338 1036 1487 1076 rimanti,
1501 1036 1564 1068 nisi
1582 1040 1620 1069 et
1633 1035 1730 1072 aliud,

1022 1086 1101 1126 quid
1134 1087 1208 1118 vitii
1238 1087 1304 1126 liic,
1334 1096 1401 1128 quo
1426 1086 1584 1118 laborant
1607 1095 1727 1119 omues

1022 1136 1112 1175 libri,
1134 1138 1323 1169 sustuleris.
1367 1137 1538 1170 Quorsum
1554 1137 1644 1170 euim
1658 1147 1726 1171 ma-

1018 1185 1072 1224 gis
1099 1185 1222 1220 solam?
1254 1186 1283 1217 si
1313 1186 1402 1218 enim
1431 1187 1545 1226 mag-is,
1567 1186 1726 1223 nonnil-1

1022 1245 1086 1277 que
1117 1237 1257 1268 solam:-
1279 1237 1331 1268 sin
1361 1236 1479 1276 solam,
1508 1237 1726 1279 nou-utique

1020 1286 1143 1326 magis.-
1166 1287 1241 1318 haec
1270 1287 1338 1318 duo
1363 1287 1399 1318 in
1426 1287 1546 1319 eodem
1570 1287 1726 1327 membro

1021 1337 1109 1368 male
1138 1338 1358 1368 conveniunt.
1402 1337 1520 1379 Legez
1542 1341 1578 1374 at,
1597 1338 1725 1380 quin-ee

1020 1386 1150 1417 blandus
1163 1388 1204 1418 ad
1214 1387 1314 1428 illam,
1327 1388 1428 1428 Nate,
1442 1387 1556 1427 magis.
1571 1387 1726 1430 (scilieet

1020 1447 1107 1474 eras,
1130 1447 1230 1479 quam
1253 1438 1293 1469 ad
1311 1438 1395 1481 me.)
1418 1440 1513 1470 solam
1528 1449 1618 1471 noue
1630 1443 1725 1481 utque

1019 1488 1128 1520 audire
1140 1492 1311 1520 vocantem.
1335 1488 1413 1520 Hoc
1429 1497 1565 1530 quoque
1580 1488 1618 1522 J.
1632 1488 1722 1522 Gru-

1021 1546 1093 1570 tero
1107 1541 1140 1570 in
1160 1544 1309 1570 mentem
1330 1543 1485 1570 venerat.
1509 1538 1646 1572 Gronov.

1062 1592 1126 1621 166
1150 1589 1213 1620 Illa
1232 1589 1292 1620 tibi
1310 1588 1470 1629 genitrix]
1499 1587 1720 1630 Hypsipylen

1018 1639 1102 1671 dicit
1119 1639 1248 1670 laetitiae
1267 1639 1503 1671 biandimenta
1515 1639 1661 1672 sensisse
1678 1640 1723 1672 de

1018 1689 1123 1720 luctu.
1143 1689 1293 1720 Lactaut.
1600 1687 1603 1689 ’
1646 1724 1650 1729 Δ

1061 1741 1121 1770 171
1149 1739 1328 1770 primm-dia
1359 1738 1447 1779 belli]
1470 1739 1544 1772 Oro
1560 1749 1632 1776 ,vos
1657 1749 1722 1781 per

1018 1789 1202 1830 primordia
1219 1789 1299 1820 belli
1315 1801 1323 1820 :
1349 1799 1412 1830 per
1427 1793 1570 1822 mortem
1580 1789 1644 1821 filii
1655 1788 1722 1825 Ar·

1017 1841 1111 1881 givos
1128 1839 1274 1881 adjurat,
1289 1840 1387 1881 cujus
1403 1839 1497 1871 obitu
1507 1839 1722 1881 Thebanum,

1017 1890 1110 1922 velut
1125 1900 1221 1922 sacro
1244 1890 1367 1931 aliquo,
1387 1889 1560 1922 initiatum
1577 1895 1637 1923 est
1649 1890 1722 1923 bel-

1016 1939 1097 1972 lum.
1123 1941 1223 1971 Idem.

1059 1994 1121 2023 188
1145 1991 1209 2023 Seu
1223 1992 1318 2023 duras
1330 1990 1433 2023 evexit
1455 1994 1564 2031 pastor
1575 1991 1618 2023 ad
1629 1990 1718 2033 aran]

1017 2040 1099 2073 Non
1115 2051 1189 2073 aras
1203 2043 1311 2081 duras,
1327 2040 1386 2072 sed
1399 2044 1520 2081 pastor.
1544 2041 1654 2073 Idem.

1059 2094 1121 2123 189
1153 2092 1248 2122 Nunc
1267 2091 1407 2132 flumina
1433 2091 1556 2132 questu]
1581 2090 1718 2123 Ordo:

1015 2141 1094 2172 Non
1112 2150 1210 2172 secus
1227 2141 1375 2182 spoliata
1400 2150 1526 2181 parens
1540 2150 1631 2173 nuuc
1648 2140 1718 2172 val-

1015 2192 1094 2232 lem,
1117 2201 1207 2223 nunc
1234 2196 1357 2232 questu
1382 2189 1534 2232 flumina,
1557 2200 1648 2224 nunc
1663 2200 1724 2224 nr*

1015 2248 1131 2274 menta
1144 2247 1271 2274 movet.
1295 2242 1394 2273 Idem.
1620 2265 1633 2271 ,.
1698 2277 1706 2282 ,

1058 2292 1261 2331 194'Iny'icit
1285 2292 1351 2332 ipse
1376 2291 1476 2332 rogis]
1510 2291 1647 2323 Proeter
1674 2300 1717 2324 ea

1016 2353 1090 2385 quae
1121 2343 1162 2374 atl
1194 2342 1332 2374 odorem
1358 2346 1416 2374 aut
1439 2345 1588 2382 gustum,
1611 2341 1715 2373 etiam

1014 2393 1260 2434 pretiosissima
1277 2401 1420 2434 quaeque
1441 2390 1630 2431 defunctis,
1640 2404 1643 2408 ·
1655 2396 1716 2424 aut

1014 2443 1078 2474 sibi
1115 2442 1300 2478 carissima,
1337 2441 1497 2473 urebant.
1542 2441 1715 2473 Homerus

1015 2492 1117 2524 Iliad.
1139 2496 1174 2523 z.
1197 2489 1305 2523 Ἐννέα
1327 2492 1374 2530 τῷ
1392 2502 1432 2530 ’γε
1456 2490 1564 2522 ἄνακτι
1596 2502 1714 2532 τραπε-

1012 2540 1086 2582 ζῆες
1099 2540 1186 2573 κυνὲς
1199 2540 1292 2579 ἦσαν·
1325 2540 1386 2571 Καὶ
1406 2539 1465 2580 μὲν
1482 2543 1543 2572 τῶν
1558 2539 1714 2577 ἐνέβαλλε

1011 2594 1090 2634 πυρῇ
1103 2591 1157 2623 δύο
1178 2589 1406 2632 δειροτομήσας.
1449 2591 1581 2623 Seneca
1596 2591 1713 2632 Tragi-

1012 2652 1072 2674 cus
1089 2641 1194 2672 Herc.
1209 2641 1330 2672 OEteo:
1348 2640 1436 2672 ‘Hic
1449 2640 1556 2672 nodus
1568 2639 1712 2683 (inquit)

1011 2692 1104 2724 nulla
1117 2701 1216 2732 quem
1230 2690 1342 2731 capiet
1357 2699 1475 2722 manus
1495 2690 1636 2722 Mecum
1649 2699 1712 2732 pet

1010 2742 1121 2781 ignem
1143 2739 1290 2781 flagret!
1336 2741 1391 2771 De
1412 2740 1524 2785 Herc.
1550 2738 1685 2772 furente
1699 2751 1714 2771 :-

1009 2790 1109 2831 ‘ipsa
1126 2790 1274 2822 Lernaeis
1298 2787 1458 2831 frequens
1475 2789 1644 2823 Pharetra
1659 2794 1710 2822 te-
