1878 3164
427 201 469 233 P.
501 200 692 232 PAPINu
724 199 890 232 STA'ru
923 199 1126 231 Aurum..
1159 201 1255 233 LlB.
1289 201 1340 232 11.

151 296 211 327 est
228 295 336 335 terra,
349 302 425 337 qne
438 293 571 336 pendet
592 293 629 326 in
643 293 736 328 ae're.
779 294 858 327 Sus-

155 345 287 377 tinetur
300 347 415 377 a‘ntem
431 344 518 377 rotis
544 344 626 386 qnia
645 344 790 377 mundus
806 354 858 376 ro-

155 399 251 428 tatur
269 400 308 429 et
323 394 479 428 volvitur.
522 395 569 427 Et
583 395 616 427 ei
631 395 858 437 subjugantur

152 445 285 487 leona,
306 448 345 478 u't
364 443 570 477 ostend-tur
583 449 771 477 maternam
785 445 857 486 pie-

153 499 263 528 tatem
290 498 400 528 totum
422 504 525 537 posse
547 504 725 537 superare.
770 494 856 527 Ideo

154 545 370 588 Corybantes
383 545 456 587 eJus
468 545 617 578 ministri
632 555 710 578 cum
726 545 856 577 strictis

148 596 276 639 gladiis
289 605 364 629 esse
379 594 569 637 finguntur,
589 599 629 637 nt
643 595 858 638 significetur

151 654 271 681 omnes
286 655 350 690 pro
365 650 460 680 terra
474 655 535 678 sua
549 645 678 678 debere
692 654 858 687 pugnare.

152 697 257 734 Quod
289 700 404 730 autem
433 696 590 739 turritam
618 700 736 738 gestat
760 699 855 728 coro-

151 756 244 788 nam,
257 747 408 782 ostendit
419 746 657 789 superpositas
667 751 771 778 terrae
781 755 856 778 esse

152 797 324 838 civitates,
332 806 410 841 quas
423 797 573 830 turribus
583 796 755 838 insignitae
766 802 857 829 sunt.

149 847 550 890 Serviusin'virgiliurn.
573 847 673 879 Idem.

190 901 257 932 161
281 899 361 932 tuae
373 899 447 932 dato
465 898 598 940 passim]
619 897 716 930 Ordo
731 902 798 938 est,
818 901 855 930 et

151 957 294 982 semus.
327 949 400 982 Nos
422 948 516 989 inde,
538 948 572 981 id
595 953 664 989 est,
690 958 734 980 ex
756 953 855 981 tanta

150 998 276 1043 injuria
296 994 455 1042 undique
468 998 588 1039 exciti,
613 998 647 1031 id
671 1003 735 1036 est,
755 999 855 1031 valde

151 1050 328 1090 commoti,
340 1049 472 1082 coimus
488 1049 629 1082 ultores.
655 1049 754 1081 Idem.

193 1102 260 1134 ⁸⁸2
283 1100 504 1143 Quin-cabi]
523 1100 611 1133 Nam
623 1101 854 1143 unusquisque

148 1158 214 1184 ma
248 1151 418 1184 interesse
455 1151 702 1193 arbitrabatur,
734 1152 854 1185 ulcisci

115 1196 117 1202 '
150 1205 287 1235 tantum
310 1203 435 1236 scelus.
481 1202 622 1244 Coimus]
659 1203 854 1245 congrega—

150 1259 228 1285 mur
241 1257 279 1285 et
293 1251 542 1295 conjungimur.
569 1253 669 1286 Idem.

193 1305 260 1336 85⁸
283 1303 366 1340 Quis
380 1302 478 1344 enim]
499 1303 665 1336 probatio
682 1307 733 1336 est
747 1314 854 1347 quare

152 1354 383 1397 unnsquisque
406 1353 534 1387 debeat
555 1353 599 1387 ad
622 1358 754 1387 tantum
770 1354 855 1388 faci·

147 1412 215 1436 nus
228 1403 472 1437 vindicandum
488 1413 688 1447 properare.
711 1405 811 1438 Idem.

194 1456 260 1487 8⁶⁶
281 1454 365 1487 Haec
385 1458 416 1487 et
429 1461 491 1488 non
498 1454 740 1496 fortesjactura
755 1466 855 1489 move·

150 1503 217 1558 τά]
244 1503 353 1538 Quasi
378 1503 486 1545 dieat,
508 1503 609 1537 fortis
633 1505 772 1547 quidem
797 1506 855 1538 ille

149 1552 222 1587 nou
242 1558 305 1587 est
331 1555 535 1595 censendus,
564 1554 623 1597 qui
646 1555 707 1588 tali
734 1555 857 1598 injuria

152 1611 222 1638 non
235 1609 424 1639 moveatur.
457 1606 557 1639 Idem.

195 1657 261 1688 ⁸⁵¹1
284 1653 360 1688 Non
381 1655 476 1698 entia]
498 1655 554 1688 Ab
577 1657 744 1698 exemplis
760 1656 855 1690 nobi-

151 1706 236 1738 lium
261 1713 378 1747 regum
401 1705 526 1738 suadet
551 1705 721 1739 Paridem
740 1710 855 1749 perse'-

152 1757 323 1801 quendum
343 1766 430 1798 esse,
452 1766 528 1790 eum
544 1761 582 1790 et
595 1757 736 1799 Agenor
751 1759 854 1791 etiam

151 1808 275 1843 Jovem
291 1809 438 1841 omnium
453 1809 618 1849 Deorum,
632 1813 668 1842 et
683 1809 855 1842 hominum

148 1863 337 1900 rectorem,
363 1862 566 1901 persecutus
588 1859 653 1900 sit3
675 1869 754 1892 nam
777 1870 855 1892 cum

153 1903 296 1951 Jupiter
311 1909 484 1951 Europam
507 1907 677 1951 Agenoris
699 1910 805 1943 filiam
821 1911 856 1942 in

153 1963 289 1993 taurum
315 1969 433 1992 versus
461 1965 683 2003 asportasset,
706 1962 855 1994 Cadmus

153 2020 174 2044 a
202 2015 316 2053 putre,
341 2016 381 2044 nt
413 2020 518 2053 supra
551 2007 684 2044 dictum‘
711 2017 778 2053 est,
812 2022 856 2044 ex

153 2061 336 2094 Pboenicia
371 2061 414 2093 ad
444 2061 718 2104 investigandam
748 2063 856 2095 Euro-

155 2121 235 2155 pam
257 2121 406 2145 sororem
431 2112 554 2144 missus
577 2117 643 2154 est,
666 2123 708 2146 ea
739 2114 855 2146 condi·

153 2163 262 2204 tione,
292 2167 332 2195 ut
359 2166 419 2195 aut
451 2172 566 2196 secum
596 2163 763 2206 virginem
793 2164 856 2196 du-

155 2218 267 2254 ceret,
289 2218 349 2246 aut
377 2213 411 2245 in
436 2213 647 2246 Phoenioiam
674 2224 742 2246 non
765 2215 854 2247 redi-

155 2267 222 2303 ret,
236 2263 387 2306 quicum
413 2263 561 2304 puellam
584 2272 651 2295 non
673 2264 856 2303 inveniret,

154 2314 189 2346 in
204 2313 339 2346 Boeotia
363 2312 540 2346 edificatis
561 2313 685 2346 Thebis
710 2314 856 2348 desedit.

195 2415 261 2446 960
278 2414 325 2446 Et
338 2412 485 2456 Scythico
498 2413 637 2456 raptam]
654 2414 731 2447 Non
744 2424 855 2458 aequo,

153 2463 276 2507 inquit,
304 2463 416 2496 animo
445 2465 548 2496 AEeta
581 2465 662 2497 tulit
695 2465 855 2498 Medeam

153 2522 250 2546 snam
271 2513 393 2546 abduci
413 2513 456 2546 ab
478 2513 700 2556 Argonautis,
719 2516 780 2549 sed
797 2526 856 2549 eos

155 2564 270 2596 statim
284 2564 386 2597 armis
400 2568 436 2596 et
453 2564 560 2597 classe
582 2565 768 2599 insectatus
783 2572 855 2600 est:

154 2622 234 2646 eum
262 2613 352 2647 enim
380 2614 485 2648 Jason
517 2614 695 2648 Thessalus
722 2617 856 2649 AEsouis

154 2662 246 2696 filins
267 2666 346 2698 navi
370 2666 471 2707 longa
493 2670 654 2699 extructa
675 2677 752 2700 curn
774 2678 856 2710 qua-

156 2720 236 2748 tuor
257 2719 300 2749 etv
316 2716 566 2759 quinquaginta
585 2718 685 2750 sociis
712 2718 756 2751 ad
779 2719 856 2751 Col-

155 2766 237 2800 chos
263 2767 487 2809 pervenisset,
508 2768 657 2812 indeque
675 2770 780 2802 vellus
796 2780 853 2803 au·

1499 192 1614 237 2045

908 303 1017 334 reum,
1032 295 1124 337 quod
1148 296 1188 328 inv
1207 296 1337 338 templo
1353 297 1478 329 Martis
1505 308 1615 331 asser.

907 344 1066 380 vabatur,
1102 344 1302 378 abstulisset
1337 345 1504 379 beneficio
1535 349 1614 380 Me·

908 393 995 434 deae,
1018 404 1096 436 quae
1124 396 1287 436 templum
1316 396 1469 437 ingressa
1493 396 1613 430 draco-

906 453 982 476 nem
995 444 1095 486 pellis
1103 445 1269 478 custodiae
1280 446 1515 487 incubantem,
1526 456 1613 479 sem·

906 503 1051 536 perque,
1078 499 1117 527 ut
1145 493 1274 528 ferunt·
1293 495 1435 538 fabulae,
1461 496 1613 538 vigilem,

907 553 1039 576 veneno
1055 545 1216 587 peremit,
1224 545 1385 578 Medeam
1399 556 1513 579 secum
1526 547 1614 580 dux-

907 593 958 633 it‘3
982 598 1115 636 patrem
1130 600 1244 627 autem
1266 595 1402 629 AEetam
1417 597 1559 639 cognita
1573 605 1612 629 re

906 644 1048 677 tradunt
1071 644 1290 687 Argonautas
1312 647 1520 689 insecutum,
1541 649 1614 690 plu-

905 703 960 726 res
975 694 1080 736 juxta
1100 696 1198 728 littus
1219 699 1440 740 comperisse,
1463 703 1501 731 et
1519 708 1613 732 com·

905 745 1008 777 missa
1023 753 1138 787 pugna
1153 745 1305 788 Iphitum
1321 757 1425 780 unum
1441 757 1485 780 ex
1499 748 1612 792 Argo-

905 796 1018 828 nautis
1036 797 1195 839 Eurystei
1210 797 1317 830 filium
1340 797 1518 840 occidisse,
1531 810 1612 842 pos-

907 851 1017 879 tremo
1033 848 1178 880 adaucta
1191 849 1355 891 utrinque
1367 850 1463 882 eaede
1478 851 1612 884 AEetam

905 906 1019 939 regem
1033 908 1054 930 a
1069 898 1250 940 Meleagro
1266 899 1510 942 interemptum
1524 911 1613 935 esse.

907 947 1050 989 Prolem]
1072 948 1245 988 Medeam,
1261 959 1362 991 quam
1376 950 1408 981 ei
1422 954 1459 982 et
1475 950 1612 983 Circem

905 1002 942 1030 et
957 998 1154 1040 Caleyopen
1177 1006 1214 1031 et
1236 998 1425 1041 Absyrtum
1447 1001 1519 1033 sive
1542 1001 1612 1033 alio

904 1049 1041 1080 nomine
1081 1048 1251 1090 AEgileum
1295 1050 1433 1092 peperit
1473 1050 1611 1084 Hecate

904 1107 999 1130 uxor.
1022 1099 1122 1131 Idm.

947 1150 1010 1180 363
1034 1149 1237 1191 Semivirum]
1261 1150 1328 1184 Qui
1355 1160 1529 1193 nunquam
1544 1151 1611 1183 nisi

903 1197 1015 1230 forma
1037 1199 1195 1231 muliebri
1220 1199 1375 1232 laudatus
1398 1205 1472 1233 est:
1496 1205 1534 1233 et
1557 1210 1611 1233 ar·

905 1249 980 1290 guit
1002 1258 1023 1280 a
1044 1249 1176 1291 maj0ri,
1198 1249 1226 1281 si
1252 1250 1302 1282 illi
1326 1250 1464 1283 barbari
1487 1251 1554 1283 Dei
1574 1255 1612 1284 et

905 1300 1092 1333 semideum
1118 1302 1275 1342 rapinam
1305 1302 1387 1344 poni
1419 1312 1485 1335 non
1514 1304 1611 1335 volu·

905 1355 1021 1392 erunt,
1055 1361 1118 1383 nos
1153 1352 1271 1384 Graeci
1307 1353 1480 1394 patiemur
1516 1354 1608 1395 rapi-

905 1410 982 1433 nam
998 1401 1177 1442 cujusdam
1195 1401 1366 1434 semiviri?
1392 1403 1575 1436 Matar-ant.

948 1454 1013 1484 366
1037 1452 1123 1488 Quid
1137 1452 1167 1484 si
1183 1463 1266 1486 nunc
1280 1453 1412 1495 aliquis]
1435 1453 1564 1486 Astnte
1577 1455 1612 1487 ei

907 1502 1069 1543 proponit
1083 1507 1220 1543 raptum
1236 1503 1353 1535 uxoris
1376 1512 1461 1535 suae.
1506 1504 1612 1546 Quid,

906 1552 1028 1594 inquit,
1059 1560 1192 1593 ageres,
1227 1553 1256 1584 si
1285 1552 1360 1594 quis
1393 1553 1611 1586 Deidamiam

906 1602 967 1634 tibi
985 1603 1119 1644 rapiat?
1142 1603 1238 1645 quasi
1260 1603 1367 1644 dicat,
1389 1604 1542 1646 nunquid
1559 1604 1611 1636 fe-

905 1652 1048 1686 rendum
1071 1658 1124 1685 est
1146 1657 1275 1685 tantam
1298 1654 1457 1695 iujuriam
1477 1655 1611 1687 illatam

904 1713 981 1735 esse
1003 1704 1101 1746 regi?
1136 1704 1264 1746 Sicque
1290 1705 1365 1746 ejus
1389 1705 1538 1738 animum
1560 1707 1611 1738 in·

902 1753 1020 1786 cendit
1047 1754 1089 1786 ad
1118 1755 1188 1787 tale
1217 1754 1330 1787 scelus
1362 1755 1611 1789 ulciscendum.

905 1804 1058 1837 Britann.

947 1858 1011 1889 374
1035 1857 1114 1893 Quae
1150 1857 1277 1898 solitus]
1318 1857 1484 1899 Subaudi,
1519 1861 1530 1877 ¹
1543 1858 1613 1900 sit‚'

904 1907 988 1939 ordo
1017 1913 1130 1940 autem
1161 1914 1234 1941 est:
1259 1908 1333 1941 Ede
1360 1909 1449 1942 ritus
1472 1914 1550 1942 tuos
1573 1914 1612 1941 et

905 1958 1034 1990 semina
1059 1958 1212 1999 laudum,
1235 1969 1313 2000 quae
1337 1959 1463 1992 Chiron
1490 1959 1610 1992 solitus

905 2008 949 2040 sit
961 2009 1022 2041 tibi
1035 2009 1199 2050 pandere.
1222 2008 1349 2042 Semina
1360 2010 1501 2051 laudum]
1515 2010 1612 2042 Prin-

905 2059 996 2101 cipia
1011 2059 1054 2090 ad
1070 2059 1189 2091 laudes
1205 2059 1450 2101 assequendas.
1475 2060 1575 2092 Idem.

947 2113 1010 2143 377
1029 2110 1083 2142 Sit
1093 2109 1246 2152 precium]
1261 2110 1309 2147 Si,
1326 2110 1451 2153 inquit,
1465 2111 1539 2143 haec
1549 2118 1609 2142 no·

906 2160 958 2192 bis
972 2161 1176 2200 narraveris,
1190 2160 1224 2192 id
1236 2161 1311 2192 loco
1326 2161 1457 2202 praemii
1473 2160 1611 2202 putabi-

902 2220 979 2243 mus
1003 2220 1066 2252 pro
1090 2211 1218 2249 labore,
1239 2220 1341 2253 quem
1364 2211 1505 2242 tulimus
1529 2210 1610 2243 dum

906 2261 1088 2304 quaerimus
1102 2266 1147 2292 te.
1172 2261 1273 2292 Idem.

948 2315 1011 2345 3⁷8
1036 2312 1102 2344 His
1115 2311 1213 2343 armis
1223 2311 1361 2352 primum
1374 2310 1546 2343 intendisse
1565 2311 1611 2343 la·

905 2362 1019 2404 certos]
1056 2363 1174 2395 Malim
1205 2363 1279 2394 hos.-
1317 2362 1396 2394 dein
1426 2362 1519 2394 forte
1541 2373 1611 2396 non

905 2414 1143 2456 adspernabile
1154 2413 1244 2456 quod
1261 2413 1295 2444 in
1312 2414 1380 2446 Ms.
1395 2414 1530 2455 primum
1543 2424 1611 2446 ves-

903 2467 981 2499 tisse
1010 2467 1152 2497 lacertos.
1195 2464 1293 2496 Solet
1321 2464 1447 2506 alioqui
1473 2465 1524 2496 nti
1547 2474 1611 2506 pro

906 2521 916 2535 ¹
932 2515 1099 2556 induere‚'
1114 2515 1124 2533 ‘
1140 2514 1283 2556 tegere?
1311 2515 1361 2546 Ut
1373 2515 1431 2546 lib.
1443 2523 1501 2547 ln.
1517 2515 1528 2533 ⁴
1540 2515 1612 2557 cly-

906 2577 1009 2609 peum
1046 2566 1189 2598 vestisse
1221 2564 1397 2607 juvenco.'
1449 2565 1525 2598 Lib.
1560 2574 1612 2599 vr.

906 2618 1054 2649 ‘hausta
1083 2617 1229 2648 vestitur
1257 2615 1384 2649 arena.’
1436 2615 1514 2649 Lib.
1542 2626 1612 2651 ιιι.

906 2670 916 2687 ‘
934 2669 1066 2710 thyrsos
1079 2667 1214 2699 hederis
1227 2666 1406 2699 vestistis?
1450 2667 1610 2699 Claudia·

907 2729 969 2751 nus
985 2727 1028 2750 ιι.
1052 2718 1085 2750 in
1111 2717 1191 2750 Rus.
1229 2720 1238 2736 ‘
1255 2719 1326 2750 Par
1341 2718 1484 2750 vestitus
1502 2719 1610 2760 equis,

907 2769 1039 2802 ferrata
1073 2768 1186 2802 fronte
1218 2770 1399 2811 minantur,
1434 2770 1609 2802 Ferratos-
