1878 3164
289 235 406 278 1836

292 341 372 373 dum
387 339 528 373 curvuni
554 340 600 374 sit
622 340 706 373 facit
718 345 845 373 natura
862 340 991 373 mollio-

292 392 345 427 ris
365 391 490 428 Italiae,
512 391 546 422 in
566 401 667 433 quam
684 391 829 423 altitudo
847 396 881 423 et
896 401 993 432 aspe-

292 442 378 474 ritas
394 441 518 473 Siciliae
533 447 655 473 aestum
673 441 799 473 relidit.
822 442 919 473 Idem.

335 494 399 524 598
425 491 603 532 Capaneus]
627 492 672 524 Et
688 491 742 523 hic
758 501 842 523 unus
858 501 901 522 ex
918 500 993 531 sep-

294 547 362 574 tem
402 542 546 574 ducibus
579 542 676 583 liujus
710 542 863 573 Thebani
900 541 996 581 belli,

236 600 239 601 ’
294 593 473 634 Hipponoi
496 592 598 632 fitius,
627 592 683 634 qui
715 591 855 623 fulmine
881 591 914 622 in
937 601 997 632 op-

296 643 508 684 pugnatione
545 642 639 673 urbis
675 641 808 672 occisus
845 640 997 681 fingitur.

295 693 382 724 Late
413 692 543 723 Statius
572 691 633 724 lib.
660 700 712 723 xx.
742 696 778 722 et
813 691 999 722 Pausanias

297 742 474 773 Boeoticis.
533 741 672 772 Fabulae
714 750 852 772 causam
889 740 999 779 dedit,

297 792 386 833 quod
413 792 442 822 is
470 791 598 832 primus
628 790 747 830 fuerit,
772 791 827 832 qni
854 791 999 822 hostium

297 850 423 880 niiiros,
435 841 535 872 scalis
547 841 703 877 admotis,
721 840 827 872 voluit
841 849 1001 872 conscen-

299 891 392 926 dere,
422 895 459 922 et
483 890 518 921 in
548 891 624 932 ipsa
653 890 905 931 oppugnatione
931 890 1001 921 ictu

298 940 425 981 lapidis
456 940 524 972 fuit
553 950 749 982 oppressuS.
793 939 999 980 Euripides:

296 990 435 1022 Ἐκεῖνος
459 990 676 1032 (Capaneus)
702 989 783 1021 ἑπτὰ
813 988 1002 1031 προσβάσεις

299 1040 497 1082 τεκμαίρεται
523 1039 667 1082 Πύργων,
692 1039 753 1071 ἅνω
783 1052 819 1071 τε
843 1039 894 1071 καὶ
918 1039 1002 1072 κάτω

298 1091 392 1131 τείχη
405 1093 534 1132 μετρῶν,
578 1090 818 1131 Vegetiuslib.
835 1099 884 1121 lv.
912 1090 1003 1123 ‘Qui

300 1143 399 1174 scalis
426 1143 460 1173 in
477 1141 664 1173 -obsidione
692 1141 825 1172 urbium
850 1145 1004 1178 utuntur,

300 1192 500 1234 frequenter
529 1191 717 1233 periculum
750 1191 919 1222 sustinent
945 1200 1003 1222 ex·

301 1242 414 1283 emplo
432 1241 599 1282 Capanei,
612 1251 632 1273 a
648 1251 714 1283 quo
730 1241 875 1282 primum
898 1241 1004 1272 scala-

302 1301 378 1323 rum
404 1291 629 1332 propugnatio
659 1291 767 1332 flego,
800 1285 1002 1333 oppugnatio]

302 1343 503 1385 perhibetur
528 1343 689 1374 inventa:
715 1342 772 1383 qui
798 1346 895 1372 tanta
916 1342 1004 1374 mole

301 1393 455 1433 lapidum
471 1392 537 1424 fuit
559 1393 700 1424 obrutus
726 1402 746 1423 a
763 1392 946 1431 Thebanis,
968 1396 1006 1423 ut

303 1442 502 1475 fulminibus
531 1442 669 1474 dicatur
700 1441 899 1473 extinctus!
922 1442 1006 1473 Ber-

302 1497 389 1527 nort.

309 1568 314 1571 ⁴
344 1547 407 1576 603
432 1545 530 1575 Modo
542 1543 755 1584 suaseritirn]
781 1541 882 1575 Quod
899 1541 925 1572 si
942 1541 1007 1573 ira-

305 1598 359 1626 tus
384 1604 436 1626 ess
440 1604 459 1626 e
481 1598 609 1635 posset,
615 1591 730 1624 vitam
758 1602 888 1624 summa
901 1591 1008 1623 facili·

306 1649 380 1677 tate
396 1648 643 1676 contemneret.
666 1643 815 1675 Luceant.

346 1697 411 1726 604
436 1694 566 1734 Pholo'e']
588 1694 690 1725 Mons
704 1693 901 1725 Thessaliae.
943 1693 1008 1724 Ta·

306 1746 347 1778 lis
363 1754 446 1786 ergo
460 1748 547 1785 erat,
563 1745 677 1786 quales
690 1744 846 1784 gigantes
859 1743 1009 1787 aliquan·

307 1795 351 1828 do
380 1794 546 1827 fuerunt:
571 1793 840 1835 magnitudinem
863 1794 939 1833 ejus
966 1802 1010 1824 ex

308 1845 501 1887 gigantibus
532 1843 756 1885 comparavit,
784 1847 819 1874 et
853 1842 1011 1884 Cyclopi-

308 1895 386 1934 bus,
423 1894 466 1925 de
499 1893 583 1925 loeis
617 1893 742 1934 quibus
778 1891 916 1923 fuerunt
951 1901 1011 1923 no-

309 1949 408 1976 tans:
432 1948 470 1975 nt
502 1942 688 1984 Virgilius:
712 1942 911 1973 ‘Cernimus
940 1941 1012 1972 AEt-

312 1994 429 2027 naeas.'
452 1994 551 2025 Idem.

365 2046 428 2075 607
475 2043 609 2083 Ignavia
644 2041 774 2082 clamat]
819 2040 1012 2082 Virgilius:

309 2095 320 2114 ⁴
339 2094 427 2127 Quae
458 2097 554 2125 tanta
584 2092 703 2124 animis
732 2091 868 2133 ignavia
898 2090 1013 2122 venit!

312 2145 416 2177 Idem.

354 2198 418 2228 615
436 2195 521 2226 Mihi
534 2203 646 2225 numen
661 2196 691 2224 et
706 2191 803 2232 ensis]
817 2192 939 2223 Totum
951 2191 1014 2223 hoc

314 2256 356 2278 ex
373 2245 564 2285 Virgiliana
588 2242 670 2275 ‘sede
699 2242 743 2274 de
766 2243 926 2283 Capaneo
956 2252 1015 2283 po·

313 2296 377 2329 nit.
423 2295 484 2327 Ait
510 2295 599 2326 enim
628 2294 711 2325 ille:
747 2294 907 2324 ‘Dextra
935 2293 1016 2324 mihi

314 2348 411 2378 Deus
442 2351 479 2376 et
509 2344 616 2376 telum
636 2342 728 2384 quod
753 2342 879 2373 missile
909 2342 1016 2373 libro.’

316 2397 417 2428 Idem.

358 2447 421 2477 617
446 2445 526 2481 Quoe
556 2446 645 2474 tanta
669 2441 822 2483 potestas]
853 2443 939 2476 Quae
969 2443 1017 2475 illi

316 2497 502 2537 praestatur
518 2497 556 2524 ut
572 2492 685 2523 futura
700 2497 895 2533 cognoscat.
918 2492 1017 2525 Idem.

326 2559 328 2561 ·
359 2547 423 2575 618
446 2541 620 2583 Experiar]
634 2540 873 2573 Protrahendo
883 2543 1019 2582 Vatem,

319 2598 355 2626 et
370 2604 446 2625 eum
463 2592 712 2624 interficiendo.
743 2592 812 2623 Vet.
829 2592 934 2624 Schol.
978 2593 1018 2624 In

320 2643 447 2685 optimo
463 2642 591 2674 Codice
613 2642 683 2680 hac,
707 2651 774 2673 non
801 2642 871 2681 huc,
894 2643 1019 2683 legitur

322 2691 488 2733 superiori
503 2700 615 2722 versu.
651 2691 851 2730 Hernicum,
867 2692 955 2732 quod
972 2692 1021 2723 ait

323 2742 466 2776 Homer.
511 2739 562 2772 Εἷς
577 2740 682 2772 οἰωνὸς
707 2739 831 2781 ἄριστος
852 2740 1022 2780 ἀμύνασθαι

322 2791 391 2836 περὶ
414 2790 542 2833 πάτρης.
586 2791 676 2824 Vide
693 2795 810 2824 notata
828 2792 1022 2836 Dausqueio

756 247 898 278 NOTAE
932 247 991 278 vA
1004 247 1198 279 RIORUM
1233 248 1289 284 IN,

1043 341 1085 373 ad
1101 342 1174 373 Silii
1198 341 1255 374 lib.
1268 351 1302 374 v.
1324 341 1442 374 Barth.
1626 357 1628 360 >
1676 343 1680 348 ’
1721 340 1736 361 ⁸

1085 394 1150 423 619
1175 391 1309 423 Tandem
1329 389 1501 431 prorumpit
1517 389 1660 431 adunus]
1681 389 1742 423 Ni

1043 442 1090 474 hil
1118 447 1183 480 est,
1211 442 1301 484 quod
1331 441 1502 482 improbet
1532 441 1742 483 membranae

1045 501 1140 525 rum:
1164 494 1287 524 tandem
1299 501 1496 533 prorumpere
1511 493 1652 524 adactus.
1683 479 1743 523 In·

1045 542 1208 582 telligitur
1246 543 1347 582 enim,
1383 547 1422 574 ut
1457 541 1745 584 frequentissime,

1046 592 1121 624 haec
1137 591 1272 624 effatur.
1297 593 1434 624 Gronov.
1714 632 1718 636 ι

1088 645 1150 673 621
1177 643 1251 674 Non
1277 642 1417 682 equidem
1440 640 1572 683 effreno]
1595 637 1674 674 No'u
1690 644 1745 674 me

1049 692 1149 723 timor
1160 697 1216 723 ant
1230 697 1340 723 terror
1355 691 1470 723 furiosi
1481 692 1620 733 jiivenis
1635 691 1679 724 de
1694 700 1747 723 se·

1049 746 1144 773 creto
1160 742 1232 782 agit
1254 734 1296 772 ad
1314 741 1498 782 publicum,
1511 741 1571 773 sed
1592 750 1685 774 amor
1699 741 1747 773 ei-

1050 792 1139 823 vium
1155 796 1191 823 et
1206 800 1285 822 cura
1301 791 1511 832 reipublicae.
1533 791 1632 824 Ordo
1648 791 1746 824 talis·

1051 841 1130 873 Non
1146 841 1263 873 elicior
1278 840 1428 872 tenebris
1451 840 1619 873 dictorum
1641 844 1749 881 metu,

1050 896 1085 923 et
1091 891 1227 932 juvenis
1242 890 1373 932 profani
1385 889 1491 922 effero
1501 892 1647 923 clamore
1658 899 1749 923 oom-

1051 947 1172 975 motus.
1188 942 1334 973 Luctum.

1092 995 1155 1024 623
1178 993 1252 1024 Alio
1267 992 1343 1024 mihi
1365 991 1565 1032 debitosato]
1587 991 1665 1024 Jam
1681 999 1750 1024 αι-

1051 1045 1106 1086 pit
1130 1044 1284 1085 pericula
1307 1053 1368 1075 sna
1393 1052 1562 1084 promere,
1588 1042 1632 1074 ab
1654 1042 1751 1075 'exitu

1052 1103 1112 1125 suo
1129 1093 1304 1131 inchoans,
1315 1092 1471 1134 qnoniam
1485 1092 1579 1124 hiatu
1596 1096 1698 1126 terrae
1713 1102 1752 1125 se

1052 1153 1244 1185 cognovere
1261 1143 1462 1183 periturum.
1484 1142 1582 1174 Idem.

1096 1196 1160 1226 624
1181 1194 1372 1234 Vetitumque
1386 1191 1473 1232 dari]
1495 1192 1582 1224 Mihi
1593 1191 1751 1224 nimirum

1054 1247 1211 1275 mortem.
1264 1243 1420 1274 Noverat
1457 1241 1624 1283 quomodo
1659 1245 1754 1273 esset

1054 1293 1248 1325 moriturus.
1293 1292 1339 1323 Et
1353 1291 1560 1323 describitur
1582 1291 1753 1333 sequenti-

1054 1342 1116 1374 bus
1144 1352 1163 1373 a
1186 1342 1308 1374 Statio.
1353 1343 1431 1376 Qua
1451 1342 1681 1383 descriptione
1705 1341 1755 1373 di-

1056 1395 1138 1425 'cunt
1155 1393 1328 1425 meliorem
1346 1402 1413 1424 non
1428 1397 1564 1424 exstare
1575 1391 1668 1434 apud
1679 1393 1754 1424 Sta·

1057 1443 1152 1476 tium.
1202 1442 1453 1476 Veasmoliast.

1098 1496 1162 1525 632
1188 1493 1302 1525 Omina
1327 1492 1426 1533 curce]
1451 1493 1528 1527 Non
1545 1492 1659 1525 timori
1674 1497 1755 1525 sunt

1057 1543 1154 1575 vobis
1173 1544 1324 1575 Deorum
1340 1552 1516 1584 respousa,
1537 1542 1618 1593 quia
1631 1542 1758 1584 impro-

1057 1603 1159 1635 spera
1174 1598 1266 1625 sunt.
1289 1593 1437 1625 Lactant.

1100 1647 1162 1675 633
1191 1643 1277 1679 Quid
1301 1653 1349 1675 me
1363 1643 1490 1683 Persei]
1524 1642 1756 1684 Apliesautem

1058 1693 1229 1735 significat
1257 1699 1419 1734 montem,
1444 1693 1478 1724 in
1516 1702 1583 1734 quo
1616 1692 1759 1734 auguria

1060 1748 1281 1787 captaverat:
1319 1744 1363 1775 de
1393 1744 1456 1775 hoc
1487 1743 1576 1774 enim
1608 1742 1757 1775 Perseus

1061 1795 1205 1835 primum
1240 1793 1380 1834 volavit,
1414 1792 1551 1834 quando
1577 1792 1620 1824 ad
1651 1798 1759 1834 caput

1061 1844 1230 1885 Gorgonis
1246 1842 1468 1875 auferendum
1493 1841 1672 1883 profectus
1691 1848 1760 1876 est.

1062 1894 1158 1925 Dicit
1183 1902 1266 1934 ergo
1293 1902 1382 1924 nunc
1397 1891 1638 1933 Amphiaraus,
1653 1893 1682 1924 s'i
1695 1892 1760 1925 hoc

1062 1943 1186 1975 facturi
1202 1943 1319 1983 eratis,
1335 1942 1423 1984 quod
1440 1941 1533 1974 furor
1547 1943 1684 1983 suadet,
1698 1952 1761 1975 cur

1063 2004 1118 2026 me
1141 1994 1328 2035 augurandi
1344 2003 1444 2025 causa
1459 1993 1605 2026 sollicite
1621 1993 1760 2026 misistis

1065 2044 1108 2076 ad
1124 2044 1300 2076 montem?
1323 2043 1422 2075 Idem.

1107 2098 1171 2127 636
1195 2095 1276 2131 Quoe
1294 2094 1364 2133 foti
1389 2093 1521 2126 exordio
1539 2093 1674 2135 eunctis]
1694 2093 1763 2125 Vea

1066 2150 1157 2176 teres
1173 2153 1289 2176 omnes
1306 2148 1434 2185 praeter
1449 2144 1544 2177 Busl.
1560 2154 1628 2185 quoe
1636 2143 1741 2185 primu
1751 2154 1765 2182 ,⁸

1065 2194 1156 2226 unde
1185 2203 1292 2235 prope
1313 2199 1367 2225 est
1390 2198 1429 2225 ut
1450 2193 1589 2225 credam
1612 2194 1764 2226 scribens

1066 2244 1167 2275 dum:
1200 2253 1268 2284 quoe
1291 2243 1383 2284 priva
1410 2244 1539 2274 exordia
1562 2243 1702 2275 caneth.-
1726 2247 1765 2275 ut

1068 2303 1185 2325 sensus
1211 2294 1276 2325 sit:
1308 2294 1398 2327 Quae
1420 2293 1603 2334 singularia
1622 2294 1765 2326 exordia

1068 2345 1212 2377 cunctis.
1226 2343 1329 2375 Prista
1337 2347 1472 2377 vetuste
1482 2353 1558 2385 quse
1567 2344 1666 2376 nobis
1681 2345 1691 2363 ‘
1699 2344 1768 2376 sin·

1070 2393 1221 2436 'gularial
1264 2393 1445 2425 Lucretius
1470 2393 1529 2425 lib.
1557 2402 1614 2425 in.
1637 2394 1764 2427 ‘Quod

1070 2444 1099 2475 si
1113 2443 1203 2475 forte
1218 2442 1347 2474 animas
1368 2440 1582 2475 extrinsecus
1603 2443 1767 2476 insinuari

1069 2493 1265 2533 Vermibns,
1279 2497 1314 2524 et
1331 2492 1443 2533 privas
1458 2492 1491 2523 in
1507 2494 1651 2534 corpora
1665 2503 1767 2535 posse

1071 2545 1187 2576 venire
1204 2543 1349 2575 Credis:
1373 2543 1521 2575 Lucilius
1544 2544 1620 2575 Sat.
1643 2552 1669 2576 1.
1688 2544 1698 2561 ‘
1715 2543 1767 2576 Ad

1071 2603 1200 2626 coenam
1230 2593 1409 2632 adducam,
1438 2597 1475 2624 et
1501 2593 1644 2633 primum
1673 2593 1767 2625 hisce

1073 2643 1376 2684 abdominathynni
1389 2641 1659 2674 Advenientibus
1670 2643 1770 2684 priva

1073 2692 1182 2725 dabo!
1217 2692 1335 2723 Idem:
1369 2693 1378 2710 ‘
1397 2692 1574 2724 Culcitnlae
1602 2692 1770 2725 accedunt

1074 2743 1180 2784 privoe
1197 2741 1401 2774 centonibus
1416 2740 1524 2773 binis?
1550 2742 1699 2774 ‘Vellem
1714 2752 1771 2775 vo-

1075 2802 1149 2826 cem
1176 2792 1261 2825 hanc
1286 2792 1477 2824 restitutam
1494 2790 1668 2835 Appuleio
1682 2793 1770 2828 Met.
